3242 5775
188 699 190 705 ,
262 623 335 690 'sto
522 637 625 690 uumrr
647 633 779 679 suerrum
800 630 966 677 raonanrrs
989 627 1186 674 rruruuunm

272 788 351 852 enim
373 783 607 865 ¹'uuusquisque
628 783 674 847 rel
694 791 794 847 motus
816 781 853 843 de
875 779 968 861 gradu
990 778 1054 841 eius
1076 777 1139 858 spei
1162 727 1248 855 quam
1272 793 1345 835 susc

273 885 351 972 apud
372 895 537 949 creatorem
558 885 643 947 facile
663 884 723 946 iam
745 882 907 945 declinatur
924 881 960 942 ad
976 880 1095 941 alterius
1112 876 1176 957 spei
1192 884 1344 937 auctorem

273 989 381 1053 ¹‘ultro
409 986 630 1068 suspicandum.
680 985 738 1047 Per
760 982 959 1045 diversitatem
989 981 1068 1041 enim
1091 978 1324 1057 promissionum

275 1091 348 1154 sitas
371 1088 539 1151 insinuatur
553 1086 687 1148 deorum.
721 1084 771 1147 Sic
792 1084 903 1144 multos
924 1082 1090 1162 '‘inretitus
1113 1078 1263 1149 videmuS,
1288 1078 1347 1137 dun

275 1192 313 1254 dc
333 1188 554 1252 resurrectione
576 1185 673 1249 carnis
695 1185 874 1247 ”cuduntur
896 1202 981 1262 quam
1004 1182 1041 1243 de
1063 1181 1173 1241 unione
1189 1178 1346 1240 divinitatis

275 1291 377 1354 dunt·.
419 1287 511 1368 igitur
533 1295 674 1367 quantum
695 1287 731 1348 ad
753 1284 935 1355 haereticos,
970 1281 1237 1344 demonstravimus
1267 1299 1326 1358 quo

274 1388 521 1454 “occurrendum
549 1371 632 1449 sit'a
660 1386 759 1448 nobis.
814 1386 852 1445 Et
877 1401 1033 1468 occursum
1062 1392 1109 1443 est
1136 1381 1222 1441 ”iam
1251 1398 1307 1441 suo
1330 1399 1346 1458 q

275 1490 377 1564 titulo,
400 1487 438 1551 de
460 1488 517 1549 deo
539 1487 658 1567 quidem
681 1487 768 1549 unico
791 1494 821 1546 et
843 1485 961 1546 Christo
991 1481 1072 1544 eius‘
1092 1483 1233 1543 aduersus
1257 1479 1345 1541 llarci

277 1589 314 1653 de
336 1607 423 1652 carne
444 1607 515 1650 vero
537 1587 650 1649 domiui
672 1587 759 1648 etiam
782 1586 924 1648 adversus
945 1591 1080 1662 quatuor
1102 1584 1273 1654 haeresess,
1308 1581 1344 1641 ad

276 1690 403 1752 maxime
424 1688 628 1768 quaestionem
650 1687 911 1768 praestruendam,
933 1685 975 1746 uti
998 1704 1077 1745 nunu
1099 1684 1136 1743 de
1152 1683 1215 1744 sola
1230 1681 1346 1743 carnis:

276 1789 410 1852 rectione
431 1787 472 1849 ita
493 1787 714 1866 ”digerendum
738 1787 792 1857 sit,
821 1795 960 1865 tanquam
990 1804 1082 1864 penes
1106 1803 1162 1845 nos
1186 1803 1304 1862 qusque
1326 1782 1347 1842 it

276 1889 308 1951 id
330 1898 377 1952 est
396 1906 490 1969 penes
511 1897 684 1949 creatorem.
727 1888 800 1949 Nam
823 1887 957 1948 etmulti
980 1886 1085 1957 rudes,
1109 1895 1138 1945 et
1158 1884 1292 1964 plerique
1316 1901 1346 1942 su

278 1987 376 2062 dubii,
400 1997 430 2049 et
451 1976 601 2068 simplices
623 1988 739 2068 plures,
769 2007 844 2066 quos
867 1986 991 2059 instrui,
1021 1985 1124 2064 dirigi,
1152 1985 1260 2048 muniri
1290 2003 1346 2063 opo

279 2088 347 2170 quia
368 2096 399 2150 et
419 2088 478 2149 hoc
499 2087 589 2149 latere
611 2088 682 2149 uuio
704 2086 865 2149 divinitatis
880 2085 1092 2147 ³¹delendetur.
1126 2085 1237 2146 ³'Sicut
1253 2086 1330 2145 enim

279 2187 378 2251 earnis
400 2188 619 2250 resurrectione
641 2189 823 2261 conciditur,
846 2187 885 2247 ita
900 2186 1043 2247 vindicata
1059 2185 1301 2246 ”constabilitum
1329 2186 1346 2245 l

279 2296 378 2350 autem
400 2287 525 2350 salutem
547 2288 636 2349 credo
658 2296 817 2350 retractatu
840 2306 951 2348 carere.
992 2287 1103 2349 Omnes
1127 2288 1204 2347 enim
1228 2288 1288 2347 lere
1312 2287 1346 2346 ha

280 2405 346 2450 eam
372 2385 521 2467 ⁸'qumque
550 2388 640 2450 modo
668 2387 815 2460 “volone
848 2396 944 2449 tamen
973 2406 1034 2448 uon
1065 2396 1182 2465 negant.
1233 2385 1347 2446 l‘lderit

279 2485 398 2566 ⁸'aliqui
421 2485 589 2559 lucanus&
612 2506 668 2548 nec
689 2487 758 2549 huic
779 2486 898 2565 quidem
921 2487 1103 2549 substantiae
1126 2506 1265 2567 parcum,
1290 2505 1346 2565 qua

280 2584 408 2647 cumdum
430 2585 617 2646 Aristotelem
640 2587 824 2648 dissolvens*
846 2587 923 2648 aliud
945 2586 1044 2665 ⁸⁷quid
1066 2606 1120 2666 pro
1144 2607 1177 2648 ea
1201 2586 1322 2657 subicit,

278 2683 353 2746 tium
375 2683 513 2763 quiddam
534 2698 776 2759 resurrecturus,
799 2706 894 2767 neque
917 2688 1012 2749 anima
1035 2707 1131 2766 neque
1153 2707 1238 2761 caro,
1269 2688 1298 2748 id
1321 2707 1346 2749 et

279 2784 387 2858 homo,
410 2783 464 2848 sed
487 2803 575 2848 ursus
598 2788 739 2863 forsitan,
762 2788 847 2867 ”qua
870 2788 1039 2849 Lucanusl.
1080 2788 1174 2849 Habet
1196 2798 1224 2849 et
1247 2790 1303 2851 iste
1325 2808 1342 2849 a

280 2936 322 2987 23.
340 2938 514 3001 unusquisquis
530 2940 556 2989 d.
608 2939 650 2990 24.
668 2942 732 2991 ultro
752 2941 822 2991 codd.
840 2943 956 3003 laurent,
976 2943 1040 2991 Fulo.
1052 2943 1156 2992 dusinus.
1193 2943 1254 2991 ultra
1272 2943 1329 2992 Alte.

280 3004 359 3054 ticeni
411 3003 451 3054 25.
471 3005 591 3056 hereticus
609 3007 633 3057 d.
686 3007 726 3057 ²6.
746 3008 839 3057 elidunt
857 3009 882 3057 ll.
936 3008 976 3057 at.
996 3011 1127 3059 elidunt.
1163 3025 1190 3058 se
1209 3010 1300 3058 elidunt
1319 3010 1346 3058 Lu

272 3071 306 3120 is
323 3070 403 3122 δοκι
455 3070 496 3122 28.
522 3075 697 3123 occurrendum
722 3077 773 3125 lcd.
814 3075 990 3124 decurrendum
1014 3080 1107 3142 reliqui,
1133 3085 1153 3126 et
1173 3078 1278 3126 laurent.
1337 3075 1346 3124 l

280 3139 384 3200 nqlcd.
418 3139 489 3188 etiam
507 3141 583 3190 luco.
602 3142 708 3191 doment.
767 3141 808 3191 30.
827 3143 983 3204 digerendum
1002 3147 1042 3204 sit,
1067 3154 1179 3208 tanquam
1198 3160 1273 3208 penes
1292 3150 1337 3191 nos

280 3205 372 3254 incerta
389 3203 580 3266 (incertorum.)
599 3209 677 3258 idest
695 3209 741 3269 (rel
755 3209 827 3259 estfl.
853 3225 882 3258 ne
901 3218 938 3259 est
955 3214 1106 3271 tluurmt.)
1125 3226 1200 3275 penes
1219 3220 1346 3260 clamoren

280 3272 390 3322 hurd·
429 3273 490 3349 llaec
513 3277 628 3339 amictura
642 3279 741 3340 smmum
765 3280 877 3326 maudoit
903 3280 932 3327 de
949 3281 1017 3327 codd.
1036 3280 1154 3342 Gauqneii.
1207 3280 1312 3340 digeram
1338 3286 1347 3327 t

280 3352 419 3403 pensurum
438 3348 563 3400 incertum,
581 3342 637 3392 dum
653 3345 685 3393 sit
701 3358 798 3407 quoque
816 3353 907 3393 emtum
927 3360 1001 3408 penes
1019 3356 1152 3395 creatorem
1173 3345 1212 3396 dd.
1244 3348 1346 3395 laudavit

280 3406 342 3455 uiua.
383 3403 425 3454 et.
443 3405 580 3458 detenditur
597 3417 643 3459 tres
665 3411 774 3461 Vaticani.
819 3410 858 3460 32.
878 3413 952 3460 Sicuti
972 3416 1023 3463 ded.
1067 3412 1107 3462 33.
1127 3414 1288 3462 stabilitnrd.
1330 3410 1346 3462 3

281 3471 354 3521 modu
373 3472 399 3522 G.
416 3473 452 3530 (dt
470 3475 494 3522 ia
510 3490 582 3537 muru.
601 3484 634 3526 eat
653 3492 750 3542 quoquo
769 3478 861 3533 modol.
905 3480 986 3529 Prolot
1005 3481 1042 3530 Fr.
1053 3481 1140 3529 lunius.
1203 3480 1243 3530 33.
1262 3479 1335 3528 velint

281 3540 363 3589 tinius.
405 3537 446 3588 36.
464 3539 538 3604 aliqui
556 3543 636 3600 (alicui
653 3546 690 3602 l.)
707 3546 812 3596 sumet.
849 3546 934 3609 aliquis
954 3565 975 3596 u.
1017 3547 1058 3597 at.
1077 3549 1133 3611 quid
1152 3549 1250 3598 omdd.
1294 3546 1336 3596 38.

282 3604 394 3669 quiddam
414 3616 594 3658 resurrecturus
611 3613 645 3661 le.
685 3613 781 3662 tertium
800 3613 914 3676 quiddam
932 3622 1123 3663 resurrecturum
1147 3634 1178 3675 u,
1198 3618 1226 3665 de
1244 3616 1312 3664 codd.
1332 3615 1346 3664 d

282 3672 396 3736 quiddam
414 3682 604 3724 resurrecturum
622 3671 684 3728 ssd.
702 3681 809 3743 laurent.
851 3682 918 3743 quasi
945 3683 976 3729 sit
1001 3683 1095 3730 tertium
1121 3683 1233 3746 quiddam
1260 3696 1346 3731 resurr·

282 3738 315 3802 d,
336 3755 366 3791 eu
383 3741 494 3790 madet
512 3740 674 3793 hludwini.
726 3744 767 3797 39.
785 3763 832 3812 qua
851 3750 903 3797 led.
938 3750 1050 3812 tanquam
1068 3752 1161 3814 reliqui,
1181 3758 1201 3800 et
1220 3751 1326 3799 laurent.

316 3884 338 3921 ο.
356 3882 427 3949 quem
446 3870 476 3921 de
492 3872 581 3949 unione
592 3873 720 3925 divinitatis
729 3876 842 3946 elidunt]
892 3879 1068 3943 Pseudo-orig.
1088 3882 1269 3946 Philosophum.
1288 3898 1343 3946 pag.

283 3932 360 3997 Quam
378 3937 402 3986 lu
421 3937 841 4009 tpaahaeretrcommeastraaperte
892 3947 982 3998 lliller:
1007 3942 1054 4005 ..Ὀ
1072 3943 1195 4014 μὲνγὰρ
1215 3945 1330 3997 Πλάτων

282 4000 418 4081 discedam,
442 4003 472 4081 de
487 4006 578 4082 unione
602 4008 738 4070 divinitatis,
763 4013 842 4062 idest
891 4028 953 4076 ror,
977 4008 991 4062 d
1018 4012 1047 4065 δὲ
1062 4007 1245 4082 Ἀριστοτέλης
1267 4011 1346 4067 tudo

282 4068 403 4133 duplicem
422 4066 568 4148 minuitatem
585 4076 718 4136 suadendo,
736 4078 782 4127 lam
801 4095 841 4128 re·
892 4076 1127 4146 solustriacum
1153 4077 1198 4131 καὶ
1225 4077 1327 4144 ταύτην

281 4148 324 4186 rae
334 4144 357 4186 et
367 4148 485 4199 genuinae
499 4142 597 4200 regulas
607 4150 740 4194 sectatores
750 4145 842 4195 elisuri.
892 4143 1016 4203 niteatur
1039 4149 1078 4215 τῷ
1095 4146 1324 4217 πεμτῶ.σώμαιι,

297 4203 334 4280 ,¹⁰
357 4200 391 4281 da¹
411 4203 456 4281 deo
482 4207 579 4268 quidem
604 4209 674 4259 unico
699 4220 722 4260 et
746 4211 841 4262 Cliristo
893 4206 1088 4267 siderandum
1109 4199 1180 4283 itari}
1203 4218 1258 4267 τῶν
1282 4214 1346 4267 ἄλλα

282 4264 347 4332 erus]
365 4267 444 4320 Libris
463 4272 483 4322 ll
502 4280 526 4323 et
543 4272 576 4323 lll
594 4274 646 4325 adr.
663 4276 818 4328 Marcionem.
894 4275 997 4346 dducam,
1017 4284 1065 4333 τοῦ
1085 4300 1112 4334 τε
1130 4280 1216 4350 πυρὸς
1232 4280 1277 4334 καὶ
1294 4285 1341 4346 τῆς

316 4347 339 4397 ι.
357 4334 387 4401 dja
411 4352 483 4387 carna
506 4355 562 4390 rero
586 4343 677 4393 domini
701 4345 772 4394 etiarn
797 4347 841 4394 ad·
893 4348 942 4397 τοῦ
959 4342 1059 4406 ὕδατος
1080 4347 1127 4400 καὶ
1151 4350 1199 4400 τοῦ
1225 4345 1304 4417 ἀέρος
1328 4350 1346 4402 λ

281 4412 364 4479 veruna
374 4412 478 4468 quatuor
492 4406 618 4473 haereses]
636 4408 709 4461 libro
722 4410 841 4462 decarne
893 4431 952 4483 ρον,
979 4405 1038 4466 οἷον
1060 4418 1200 4484 πνεῦμα.“
1248 4422 1285 4471 ct.
1308 4420 1346 4471 lle

282 4466 394 4546 Christi,
413 4482 460 4535 quo
490 4484 562 4524 uuam
590 4478 698 4528 conlutat
730 4480 840 4529 haeresin
892 4484 960 4545 lliog.
982 4488 1059 4535 laert.
1079 4487 1195 4546 ululat.

280 4533 417 4596 llarcronu,
436 4538 535 4588 alteram
554 4542 653 4605 Apellis,
677 4553 702 4593 et
718 4545 778 4596 duas
796 4547 841 4596 la·
926 4553 948 4600 l.
967 4569 1012 4615 qua
1033 4550 1163 4620 lucanus]
1182 4554 1301 4605 Cllarro
1316 4554 1346 4604 [u

281 4600 479 4652 leutiuiauorum.
891 4619 1052 4677 1..u.v,1uu
1078 4623 1153 4681 „Ursi
1177 4623 1272 4670 Lucana
1299 4623 1346 4684 urit

314 4668 339 4717 la.
358 4666 480 4786 Lucanusd
506 4673 538 4721 ua
557 4670 603 4724 leuc
626 4677 658 4725 el.
676 4678 731 4728 dds.
750 4680 840 4730 Omnes
893 4687 955 4733 uuile
974 4686 1016 4745 illi,
1037 4691 1121 4747 nostri,
1147 4686 1277 4752 sb'iusius
1296 4706 1346 4738 noer

276 4732 379 4812 flueren.
398 4750 484 4800 cap..
543 4807 548 4817 .
707 4808 715 4822 .
889 4750 981 4809 ttttu
1000 4747 1093 4820 „utque
1112 4760 1161 4806 ursi
1179 4758 1346 4822 potiuslmcar

314 4817 330 4851 ι.
353 4805 486 4854 secuudum
510 4809 662 4860 Aristotelem
692 4808 839 4880 dissolvens]
890 4817 975 4867 Luci.“
