3242 5775
323 639 386 707 684
575 652 677 705 oumrr
698 628 829 700 ssermr
849 653 1012 700 memsam
1034 627 1232 701 raaru‘uuum'

170 806 452 880 tormontroter,
474 802 524 884 qui
545 803 639 866 maior
660 811 707 867 est
721 803 875 879 omnibus,
897 804 968 868 mihi
983 805 1079 881 dedit;
1100 813 1144 881 et,
1166 806 1230 887 ligo
1249 814 1281 870 et
1294 815 1381 888 pater
1393 826 1480 872 unuu

320 924 435 972 sumus.
468 904 524 966 llio
544 923 614 984 ergo
636 904 693 967 iam
715 906 836 985 gradum
858 905 962 968 volunt
981 907 1072 988 ligere
1093 907 1186 982 stulti,
1208 908 1300 972 immo
1317 910 1411 986 eaesi,
1433 911 1479 992 qui

321 1026 383 1072 nou
403 1006 534 1079 videant,
561 1006 673 1087 primo,
701 1005 763 1086 ligo
785 1015 817 1069 et
836 1014 935 1087 pater,
967 1007 1093 1071 duorum
1123 1028 1193 1072 esse
1221 1010 1480 1090 significationem

320 1109 428 1172 dehine
453 1107 483 1170 iu
511 1107 691 1182 nouissimo,
719 1108 843 1182 Sumus,
878 1126 938 1170 non
959 1106 993 1171 ex'
1015 1108 1103 1172 unius
1131 1129 1200 1174 esse
1220 1130 1371 1191 persons,
1404 1115 1480 1194 quod

270 1277 272 1282 ,
320 1210 472 1293 pluraliter
493 1208 601 1271 dietum
623 1218 686 1282 est;
714 1216 793 1283 tum,
816 1209 895 1287 quod
915 1205 1011 1273 Unum
1034 1229 1155 1286 sumus,
1177 1230 1238 1275 non
1259 1213 1344 1277 Unus
1369 1234 1479 1280 sumus.
1521 1291 1523 1298 Α

319 1312 351 1376 Si
373 1312 451 1374 enim
473 1310 611 1384 dixisset,
635 1308 744 1372 ''Unus
766 1328 885 1384 sumus,
907 1311 1056 1391 potuisset
1069 1312 1205 1376 adiurare
1219 1317 1400 1422 seutqntiam
1414 1317 1478 1380 illo·

320 1433 397 1478 rum.
432 1413 515 1475 Unus
537 1412 615 1473 euim
637 1410 792 1490 singularis
814 1412 929 1474 numeri
951 1412 1122 1493 signibmtio
1145 1415 1275 1491 ridetur;
1296 1417 1397 1480 adhue
1417 1437 1478 1481 orm

321 1518 380 1579 duo
402 1512 554 1577 masculini
576 1513 705 1593 generis.
747 1512 844 1575 Unum
866 1512 935 1575 dicit
956 1515 1080 1577 neutrali
1101 1515 1202 1590 verbo,
1223 1518 1304 1596 quod
1324 1537 1390 1582 nou
1412 1539 1478 1601 per·

320 1611 449 1680 tinet'ad
472 1614 711 1693 singularitatem,
734 1614 787 1675 sed
808 1614 845 1675 ad
867 1614 1018 1685 unitatem.
1041 1616 1077 1677 ad
1099 1615 1330 1693 similitudinem,
1354 1621 1393 1682 ad
1408 1640 1477 1684 eou-

320 1718 517 1790 iuuetionem,
546 1715 582 1777 ad
604 1715 789 1777 dilectionem
811 1714 922 1795 patris,
951 1717 1001 1795 qui
1022 1717 1114 1778 lilium
1136 1716 1243 1798 diligit,
1275 1731 1305 1782 et
1326 1720 1365 1783 ad
1390 1723 1477 1786 obse-

319 1818 419 1901 quium
441 1818 509 1891 tilii„
531 1816 580 1896 qui
601 1816 742 1878 voluntati
763 1800 856 1896 patris
879 1816 1060 1897 obsequitur.
1103 1819 1199 1881 Unum
1222 1839 1343 1895 sumus,
1367 1822 1477 1899 dieeus,

319 1939 374 2001 ego
396 1927 427 1982 et
447 1928 545 1999 pawn,
567 1917 698 1979 ostendit
718 1918 794 1979 duos
810 1936 893 1990 esse,
915 1937 989 1997 quos
1004 1928 1110 1999 aequat
1123 1929 1152 1981 et
1165 1919 1268 2001 iungit.
1301 1923 1386 1986 Adeo
1402 1925 1479 1987 addit

207 2021 409 2094 nemetiam
435 2021 525 2082 multa
553 2038 586 2081 se
614 2029 703 2098 opera
731 2038 748 2079 a
774 2027 858 2098 patre
886 2019 1069 2094 ostendisse,
1103 2039 1226 2099 quorum
1255 2022 1329 2086 nibil
1357 2024 1479 2107 lapidari

206 2116 307 2195 rostras
321 2131 495 2186 mereretur.
527 2120 564 2182 Et
583 2138 622 2182 ne
641 2127 780 2200 putarent
799 2119 867 2181 ideu
889 2138 923 2182 se
943 2120 1023 2182 illum
1045 2121 1174 2201 lapidare
1195 2123 1319 2199 debere,
1343 2128 1478 2206 quasise

320 2225 406 2289 deum
428 2223 541 2304 ipsum,
564 2222 594 2283 id
616 2232 662 2284 est
681 2230 811 2303 patrem,
833 2220 977 2283 voluisset
996 2221 1139 2302 intellegi,
1167 2224 1235 2303 quia
1257 2226 1390 2303 dixerat,
1420 2228 1478 2309 Ego

320 2334 350 2390 st
369 2334 452 2407 pater
475 2342 564 2385 uuum
586 2341 703 2393 sumus,
736 2341 793 2403 qua
815 2323 905 2385 fllium
933 2322 980 2385 dei
1007 2324 1093 2385 deum
1122 2325 1297 2400 ostendens,
1334 2346 1398 2390 non
1424 2349 1478 2410 qua

168 2427 420 2510 summariorum
441 2426 543 2499 deum,
565 2424 597 2486 Si
618 2424 648 2485 in
670 2423 750 2505 lege,
778 2422 890 2504 inquit,
919 2424 1061 2505 seriptum
1083 2434 1144 2499 est,
1171 2426 1233 2505 Ego
1255 2427 1331 2502 dixi,
1362 2449 1419 2492 ros
1440 2432 1478 2494 dii

319 2530 408 2602 estis,
440 2536 471 2590 et
497 2544 558 2589 nou
585 2533 685 2607 potest
716 2525 789 2588 solvi
817 2524 978 2606 scriptura,
1011 2545 1098 2606 quem
1126 2536 1209 2606 pater
1237 2529 1431 2593 sanctificarit
1451 2542 1479 2594 et

214 2685 216 2691 .
319 2630 400 2692 misit
425 2628 455 2689 in
482 2627 640 2700 mundum,
672 2645 725 2688 ros
752 2645 820 2688 eum
848 2626 1051 2707 blasphemare
1078 2627 1190 2702 dicitis,
1226 2630 1295 2708 quia
1327 2630 1476 2707 ”dixerat

318 2730 409 2794 Filius
431 2728 479 2790 dei
501 2726 592 2790 sumi
628 2728 659 2790 si
680 2745 741 2789 nun
762 2726 837 2789 laoio
852 2746 950 2808 ,opera
969 2728 1062 2807 patris
1083 2730 1157 2803 mei,
1180 2730 1271 2792 nolite
1292 2732 1432 2808 credere;
1452 2733 1477 2794 si

319 2849 389 2895 reru
410 2829 484 2893 laeio
506 2836 538 2892 et
557 2828 629 2891 mibi
650 2829 770 2892 eredere
791 2847 852 2892 uun
874 2828 977 2905 vultis,
999 2829 1044 2892 vel
1058 2838 1179 2912 propter
1194 2849 1283 2911 opera
1299 2831 1428 2910 credite,
1450 2843 1478 2898 et

319 2932 441 3006 scitote,
469 2931 546 3011 quod
568 2949 622 3009 ego
644 2931 675 2992 in
696 2940 779 3011 patre
800 2931 874 3006 sim,
902 2939 933 2993 et
952 2940 1036 3012 pater
1057 2932 1165 2994 inme.
1214 2932 1272 2994 Per
1293 2953 1386 3014 opera
1408 2954 1476 3015 ergo

318 3033 402 3097 “erit
422 3040 506 3114 pater
526 3033 557 3093 in
578 3031 656 3106 filio,
679 3040 708 3093 et
728 3031 805 3093 lilius
827 3032 858 3094 iu
879 3024 979 3113 patrm
1000 3042 1031 3111 et
1049 3033 1089 3094 ita
1107 3052 1161 3114 per
1176 3052 1264 3113 opera
1279 3035 1476 3117 intellegimus

319 3154 410 3198 uuum
430 3152 498 3197 esse
519 3131 671 3214 ”patrem
723 3132 802 3195 bdeo
831 3141 925 3195 totum
951 3134 1010 3196 buo
1034 3135 1241 3215 perseverabat
1262 3136 1419 3213 inducere,
1446 3147 1478 3200 ut

319 3238 378 3300 duo
400 3245 498 3299 tamen
519 3235 709 3297 crederentur
728 3235 758 3296 iu
781 3253 839 3297 una
859 3236 980 3310 virtute,
1009 3236 1077 3315 quia
1103 3236 1187 3298 aliter
1214 3237 1291 3301 lilius
1313 3239 1393 3301 credi
1416 3257 1476 3300 non

261 3378 265 3387 ·
318 3348 421 3421 posset
440 3338 500 3400 nisi
521 3336 580 3398 duo
601 3336 799 3398 crederentur.

168 3465 308 3525 Qum.
407 3441 479 3502 l'ost
500 3439 572 3501 haee
592 3449 689 3501 autem
712 3438 839 3500 'Martha
866 3438 958 3501 lilium
988 3438 1035 3500 dei
1057 3457 1124 3500 eum
1146 3440 1282 3500 confessa
1301 3458 1360 3501 uon
1379 3441 1478 3520 magis

192 3528 303 3626 ¹⁰3¹,¹,·„²,f·
318 3543 427 3607 erravit
447 3560 532 3621 quam
547 3541 652 3602 Petinus
674 3549 703 3601 et
716 3540 891 3615 Nathanadl;
913 3532 1086 3621 quamquam
1107 3550 1137 3602 et
1159 3540 1185 3600 si
1207 3548 1352 3616 errasset,
1375 3543 1476 3605 statim

218 3632 298 3684 ”¹¹¹⁰
320 3644 479 3706 didicisset.
521 3641 596 3703 Eece
624 3641 700 3702 enim
728 3642 764 3703 ad
792 3641 994 3703 suscitandum
1019 3643 1139 3703 tratrem
1169 3641 1231 3702 eius
1252 3660 1269 3702 a
1290 3643 1417 3705 mortuis
1439 3644 1476 3706 ad

169 3745 430 3823 remmqeaelum
447 3753 489 3827 >et
515 3743 551 3803 ad
576 3750 690 3822 patrem
716 3742 854 3805 dominus
882 3743 1065 3822 suspiciens,
1096 3743 1198 3816 Pater,
1230 3742 1341 3821 inquit,
1375 3745 1475 3824 utique

317 3847 412 3918 lilius,
434 3842 542 3923 gratim
563 3860 618 3922 ago
640 3843 710 3915 tibi,
732 3845 817 3923 quod
839 3863 886 3905 me
909 3862 1027 3923 semper
1049 3844 1201 3905 exaudias:
1233 3843 1373 3923 'propter
1401 3846 1475 3907 istas

319 3945 418 4009 turbas
440 3943 661 4006 circumstantes
682 3943 756 4018 dixi,
779 3955 811 4007 ut
832 3944 951 4007 eredunt
972 3944 1067 4026 'quod
1089 3954 1121 4007 tu
1136 3963 1183 4006 me
1198 3944 1326 4006 miseris.
1365 3946 1424 4008 Sed
1446 3957 1476 4008 et

166 4046 351 4126 larneneia
372 4043 593 4107 conturbatione
614 4041 801 4136 animae2‘Et
821 4046 892 4126 quid
913 4043 1029 4108 dicam?
1050 4053 1147 4125 pater,
1169 4046 1281 4107 salvum
1302 4065 1350 4107 me
1372 4048 1417 4108 lae
1439 4048 1476 4109 de

318 4147 373 4209 iste
395 4147 481 4208 hora:
504 4146 602 4225 atquin
624 4156 745 4228 propter
766 4147 824 4209 boc
844 4147 910 4209 veui
931 4148 963 4209 in
984 4147 1070 4210 istam
1091 4148 1211 4221 boram3
1239 4165 1357 4221 verum,
1380 4156 1473 4227 pater,

204 4248 445 4328 10‚v‚43‚glorilioa
467 4267 574 4310 nomen
597 4257 694 4324 tuum;
725 4248 755 4308 in
783 4267 841 4328 quo
871 4259 933 4311 erat
959 4248 1062 4312 ‘lilius
1105 4248 1184 4329 Ego,
1213 4248 1324 4328 inquit,
1355 4250 1422 4311 reni
1444 4250 1475 4311 in

319 4468 357 4519 ts.
376 4469 444 4518 Pater
461 4470 540 4525 (Pater
558 4477 596 4520 est
611 4472 638 4519 A.
655 4469 738 4527 leid),
755 4469 795 4533 qui
815 4468 891 4520 maior
908 4476 945 4518 est
963 4469 1083 4528 omnibus,
1102 4469 1158 4519 mibi
1177 4468 1242 4519 dedit
1259 4469 1333 4525 (dedit
1352 4470 1409 4518 mibi
1431 4471 1474 4519 l'o·

317 4539 397 4591 ticonii
414 4539 439 4587 l.
458 4539 531 4597 leid,
551 4545 571 4586 et
588 4544 634 4587 tres
655 4537 762 4586 Vaticani.
797 4536 867 4587 Pater
884 4538 947 4587 enim
964 4538 1027 4601 quod
1047 4538 1104 4588 mibi
1122 4538 1194 4596 dedit,
1213 4539 1289 4586 mulus
1308 4544 1343 4585 est
1361 4536 1474 4588 omnibus

225 4611 230 4621 ’
316 4606 400 4655 nauca.
454 4604 492 4653 19.
512 4620 572 4653 unus
591 4619 673 4654 sumus
691 4606 715 4654 d.
755 4604 820 4668 quod
843 4619 905 4654 unus
930 4604 1115 4657 rumuslliabe.
1135 4606 1198 4655 leid.
1256 4603 1296 4654 20.
1315 4605 1361 4654 diri
1379 4607 1423 4666 cd,
1445 4607 1474 4655 de

317 4676 411 4725 conieci.
429 4673 529 4722 Pomelii.
563 4673 646 4721 dixerit
666 4673 702 4721 Fr.
713 4673 800 4722 lunius.
852 4671 891 4722 21.
911 4680 962 4722 erat
979 4673 1011 4735 d,
1031 4689 1081 4724 eunt
1097 4674 1177 4725 Fulvio
1190 4674 1279 4724 Ursino.
1320 4670 1359 4721 22.
1379 4682 1472 4736 patrem

316 4741 430 4792 etlilium
449 4741 481 4800 d.,
501 4756 550 4790 crim
566 4741 646 4790 Fuluio
665 4741 754 4790 Ursino.

383 4809 441 4874 Cep.
459 4807 538 4857 lllllll.
575 4807 597 4857 l.
615 4807 704 4857 Mariba
722 4810 758 4859 cd.
792 4807 864 4859 llario
881 4808 973 4875 reliqui,
992 4815 1013 4859 et
1029 4809 1094 4861 leid.
1140 4806 1224 4859 bned
1242 4814 1341 4874 propter
1359 4808 1474 4858 latinius.

317 4874 340 4926 ³.
358 4878 413 4942 quir
431 4886 455 4926 tu
473 4881 497 4927 Α.
516 4876 579 4926 leid.
630 4874 654 4925 b
673 4875 775 4926 stillim
793 4878 817 4927 d.
