3242 5775
529 636 676 680 toransos
699 636 941 683 remansuros.
1257 627 1320 691 405

237 788 300 850 Dac
320 787 493 850 auctoritate
514 788 603 862 trium
626 784 739 850 scilicet
763 788 925 852 liberorum
953 790 1074 871 agendis
1101 791 1191 854 rebus
1213 793 1317 856 ¹exer·
1335 811 1474 869 capram.

149 892 239 953 citior
259 891 335 951 lacta
357 890 484 950 formare
505 888 619 967 sium
641 907 749 969 genera
770 890 935 953 constituit.
965 892 1024 954 Sed
1047 892 1181 972 spiritale
1200 893 1320 975 quidem

151 1010 215 1053 non
237 992 276 1053 ita
297 991 395 1071 potuit
414 990 590 1069 ²attingem,
622 998 656 1052 ut
682 1003 713 1068 et
738 990 803 1071 ipsa
831 992 984 1072 spiritalis.
1026 993 1103 1056 Fere
1131 994 1211 1057 enim
1236 995 1321 1078 paria

150 1105 183 1156 et
205 1093 444 1156 consubstantiva
465 1091 497 1153 in
518 1091 691 1153 alterutrum
711 1092 808 1155 valere
829 1094 959 1156 societas
980 1103 1102 1157 naturae
1116 1096 1243 1176 negarit.
1273 1095 1319 1160 Eo

149 1196 250 1257 animo
273 1194 325 1256 ³se
347 1213 436 1256 unum
458 1193 495 1255 ad
517 1192 642 1256 animale
663 1195 824 1267 convertit,
855 1195 978 1276 prolatis
1000 1196 1115 1259 Soteris
1143 1198 1320 1279 disciplinis.

150 1298 188 1360 Et
208 1297 354 1377 primum,
384 1295 552 1375 quodcum
574 1313 680 1375 magno
702 1295 829 1362 horrore
850 1296 1050 1378 blasphemiae
1072 1308 1102 1360 et
1121 1299 1319 1379 pronuntian-

151 1401 222 1461 dum
246 1407 276 1461 et
297 1398 453 1477 legendnm
475 1407 521 1459 est
542 1407 572 1458 et
585 1396 779 1471 audiendum,
802 1398 889 1460 deum
911 1398 1012 1479 ‘lingit
1032 1400 1110 1463 bono
1131 1409 1269 1464 nostrum
1290 1410 1321 1465 et

150 1501 302 1574 omnium,
334 1509 451 1580 praeter
472 1498 703 1572 baereticorum,
739 1508 854 1579 patrem
882 1500 930 1562 ⁶et
949 1500 1140 1582 Demiurgum
1169 1511 1199 1566 ot
1217 1521 1320 1584 mgem

154 1604 376 1675 universorum,
404 1620 478 1680 quae
499 1601 588 1680 ‘post
607 1601 699 1661 illum.
743 1600 786 1662 Ab
815 1600 865 1661 illo
887 1601 1000 1676 ⁷enim;
1032 1603 1058 1665 si
1080 1612 1178 1666 tantm
1199 1603 1236 1668 ab
1257 1603 1320 1680 illo,

151 1716 182 1766 et
203 1723 266 1767 non
289 1704 339 1765 'ab
361 1704 425 1784 ipsa
447 1702 548 1782 potius
570 1702 749 1774 Achamoth,
780 1722 796 1764 a
817 1702 893 1783 ⁰qua
920 1703 1052 1777 necuim,
1087 1704 1160 1766 nihil
1186 1706 1319 1768 sentiens
1347 1733 1351 1742 ·

150 1808 246 1882 eius·,
269 1813 300 1867 et
320 1804 400 1866 velut
422 1803 588 1883 ¹⁰sigillario
605 1805 786 1866 extrinsecus
801 1804 911 1866 auctor
933 1805 964 1866 in
983 1823 1102 1867 omnem
1117 1806 1321 1886 operationem

151 1907 336 1970 movebatur.
379 1907 510 1985 Denique
539 1924 575 1966 ex
602 1906 657 1967 bac
681 1924 877 1986 personarum
910 1906 941 1967 in
969 1906 1110 1987 operibus
1131 1907 1320 1988 ambiguitate
1366 1899 1372 1909 ’

151 2028 261 2072 nornen
278 2009 319 2070 illi
333 2008 542 2088 Metropatoris
556 2008 755 2081 miscuerunt,
777 2008 926 2070 distinctis
947 2008 1192 2090 appellationibus
1213 2010 1320 2074 ceteris

152 2111 317 2174 sectantium
339 2119 434 2171 status
457 2118 487 2169 et
508 2109 584 2170 situs
607 2127 747 2188 operum,
772 2118 805 2169 ut
819 2109 989 2172 animabnm
1003 2110 1121 2190 quidem
1137 2111 1319 2175 substantia-

151 2234 232 2288 rnm,
256 2231 329 2292 quas
351 2212 388 2272 ad
409 2213 428 2243 ¹¹
437 2212 587 2272 dexteram
601 2210 834 2283 commendant·,
857 2211 973 2274 Patrem
989 2223 1175 2293 nuncupent,
1197 2212 1319 2276 ¹'mate-

152 2318 265 2379 riarum
286 2332 372 2386 reno,
395 2332 468 2392 quas
490 2312 527 2374 ad
548 2312 659 2374 laevam
681 2312 830 2391 delegant,
856 2312 1046 2394 Demiurgum
1067 2313 1235 2388 nominent,
1256 2314 1318 2376 lle-

154 2436 219 2497 gem
242 2425 341 2478 autem
362 2415 558 2476 communiter
578 2415 609 2475 in
632 2414 854 2477 universitatem
862 2412 884 2476 l.
1385 2486 1387 2490 y

237 2518 299 2593 Sed
320 2535 376 2578 nec
395 2516 550 2577 nominum
571 2515 738 2596 proprietas
760 2516 903 2595 competit
923 2517 1098 2595 proprietati
1121 2534 1259 2597 opernm,
1283 2516 1320 2579 dn
1337 2523 1459 2583 cte-¹1¹·

154 2620 262 2701 quihus
284 2617 404 2680 nomina
428 2618 558 2689 ¹omnia,
591 2636 657 2680 cum
686 2618 809 2679 deberet
835 2617 883 2679 illa
911 2618 984 2680 haec
1011 2619 1110 2680 omnia
1137 2618 1275 2693 inmuni,
1303 2636 1322 2681 a

156 2740 284 2800 quares
307 2719 484 2797 agebantur,
515 2719 574 2780 nisi
596 2718 676 2798 qnod
698 2719 757 2779 iam
778 2719 891 2781 neceb
919 2719 977 2780 illa.
1027 2719 1100 2781 Cum
1122 2719 1202 2782 enim
1223 2719 1322 2782 dicant

156 2823 318 2886 Achamoth
341 2822 370 2882 in
393 2821 537 2882 honorem
550 2822 684 2882 Aeonum
705 2820 848 2900 imagines
871 2828 1112 2896 commentatam,
1135 2838 1242 2882 rursus
1263 2820 1321 2882 hoo

156 2928 184 2987 in
207 2927 343 2987 Soterem
365 2933 515 2985 auctorem
538 2924 730 3002 detorquent,
763 2923 812 3001 qui
842 2940 896 3001 per
924 2921 1003 2983 illam
1031 2923 1071 2984 sit
1098 2933 1256 3001 operatus,
1288 2928 1322 2984 ut

157 3029 251 3107 ipsam
273 3027 391 3106 quidem
415 3025 570 3103 imaginem
593 3025 687 3085 Patris
715 3023 872 3085 invisibilis
902 3032 931 3085 et
958 3022 1099 3101 incogniti
1121 3023 1238 3099 'daret‚
1271 3024 1321 3085 in·

155 3129 303 3208 cognitam
318 3127 430 3189 scilicet
445 3136 474 3187 et
489 3124 665 3186 invisibilem
681 3126 856 3203 Demiurgo,
879 3124 1004 3185 eundem
1019 3133 1117 3187 autem
1131 3125 1322 3204 Demiurgum

155 3231 241 3291 ³Nun
263 3228 352 3292 lilium
375 3229 557 3306 attingerem,
583 3225 755 3304 Archangeli
778 3244 867 3299 vero,
898 3224 1045 3304 Demiurgi
1068 3244 1160 3304 opus,
1189 3226 1321 3305 reliquos

156 3335 271 3394 Aeonas
294 3330 502 3410 exprimerent.
547 3328 618 3389 Cum
646 3327 788 3406 imagines
821 3327 907 3388 audio
937 3333 1031 3386 tantas
1060 3326 1165 3399 mum,
1200 3344 1320 3405 quaero,

223 3520 282 3583 Cap.
301 3517 380 3567 xvttt.
433 3516 451 3565 Ι.
476 3515 625 3565 exercitatior
649 3514 701 3575 AB„
720 3515 757 3564 Fr.
772 3515 859 3564 lortius.
918 3513 941 3562 2.
960 3514 1075 3576 elingere
1093 3513 1206 3562 latinius.
1239 3512 1323 3562 Probat

159 3588 291 3638 salonius.
345 3585 369 3634 3.
387 3600 413 3633 oe
432 3599 504 3633 unum
524 3602 544 3632 a.
580 3584 601 3632 ai
621 3597 694 3631 unum
710 3582 772 3632 Aac.
815 3583 997 3646 nnnmretiqui.
1048 3580 1072 3630 t.
1090 3580 1156 3642 lingit
1174 3580 1237 3629 huno
1253 3581 1323 3630 aton

158 3657 210 3718 hugi
228 3657 309 3704 adbuc
325 3656 417 3717 reliqui.
470 3653 494 3701 5.
512 3661 535 3700 et
554 3651 707 3712 Demiurgum
727 3652 800 3706 stlat
819 3665 862 3699 om.
878 3651 910 3708 b.)
928 3663 1008 3709 regem
1027 3649 1092 3699 obotl.
1137 3655 1161 3696 et
1184 3647 1255 3697 deum
1274 3647 1322 3696 De-

159 3727 273 3786 ninrgnm
296 3731 319 3771 et
337 3736 417 3783 regern
439 3721 461 3769 C.
497 3729 520 3769 et
538 3720 609 3768 deum
628 3732 709 3779 regum
729 3726 751 3767 et
770 3731 850 3778 regern
868 3717 912 3767 All.
964 3716 988 3766 6.
1007 3724 1090 3780 postea
1109 3715 1176 3765 illum
1194 3714 1255 3766 ΑΒΘ.
1285 3714 1321 3765 ·7.

158 3792 217 3841 enim
235 3791 326 3848 omnia,
345 3790 365 3837 si
384 3797 464 3838 tamen
483 3790 517 3837 ed.
570 3786 594 3836 8.
613 3786 642 3834 ah
661 3786 712 3848 ipsa
731 3787 784 3835 Aed.
803 3793 850 3833 tres
871 3785 980 3846 Vaticani,
1000 3792 1056 3834 teste
1072 3784 1178 3833 Pometia.
1219 3782 1248 3832 ah
1267 3783 1321 3846 ipso

160 3860 197 3908 DC.
232 3861 256 3910 in
276 3861 329 3921 ipso
349 3876 370 3906 o.
406 3858 499 3918 inipso
519 3858 538 3905 b.
593 3855 616 3903 9.
636 3854 761 3916 quotae.
805 3852 843 3901 to.
862 3853 1063 3913 singillarioABC.
1077 3852 1235 3901 latiomorum
1251 3866 1320 3911 onos,

159 3930 227 3977 oses
244 3929 341 3977 Pitheci.
385 3924 515 3985 singulario
536 3926 581 3973 duo
605 3923 713 3971 Vaticani.
774 3920 812 3969 ll.
837 3921 957 3969 dexteram
974 3921 1053 3980 Almo.
1097 3920 1202 3969 dextram
1228 3920 1322 3983 reliqui.

162 3995 195 4044 12
212 3995 368 4045 materiarum
388 3994 523 4041 Faltonius.
560 3992 592 4052 Cf.
608 3992 674 4051 infra
691 3988 794 4052 capio.
839 3988 1060 4049 molestationes,
1080 3988 1226 4038 tabenneo.
1269 4001 1322 4036 ma·

159 4071 277 4113 ternarum
296 4062 387 4111 aucit.

222 4132 281 4194 Cap.
301 4130 359 4178 xlx.
407 4129 428 4177 1.
448 4129 527 4176 omnia
546 4142 588 4176 om.
601 4126 644 4174 AD.
697 4122 720 4174 2.
740 4124 824 4173 darent
843 4122 987 4181 incognitam
1005 4121 1097 4173 scilicet
1113 4122 1190 4182 (Licet
1208 4121 1241 4182 G.)
1258 4121 1321 4171 ABG.

106 4177 109 4252 i
158 4197 180 4247 il.
196 4197 244 4249 atio
266 4198 333 4247 Goba.
369 4196 410 4244 riri
427 4195 471 4244 AB.

106 4315 110 4395 ζ
187 4336 244 4399 cip.
264 4331 344 4382 nvttt.
380 4348 401 4379 a.
428 4330 485 4379 nibil
513 4331 619 4379 sentiens
648 4321 711 4407 eins]
797 4327 819 4378 d.
838 4327 862 4375 in
881 4318 1069 4387 universitatem]
1088 4324 1199 4374 lrenaans
1231 4334 1321 4388 ,mopt-

106 4440 111 4466 ,
161 4400 284 4452 irenaeus:
304 4391 477 4457 „litiatoria
484 4389 644 4462 κινούμενον
660 4388 711 4442 rino
763 4389 876 4442 πάντων
894 4387 923 4441 δὲ
939 4385 1084 4455 βασιλέα.“

159 4460 349 4536 ιῑςμητρός.“
375 4469 510 4530 interpres:
530 4466 649 4526 „latenter
659 4479 712 4513 rno-
797 4464 855 4525 Cap.
869 4462 926 4510 All.
946 4476 967 4509 a.
975 4454 1170 4521 commentatam]
1180 4457 1208 4508 ll.
1219 4474 1239 4508 e.
1253 4473 1321 4508 com·

106 4582 112 4601 „
160 4546 203 4588 tu
221 4554 234 4587 a
254 4545 331 4587 matra
348 4539 418 4584 anast·
764 4539 877 4588 mentam,
896 4537 921 4583 ut
940 4529 972 4576 Da
991 4527 1065 4578 Pallio
1084 4526 1168 4591 capi.
1186 4525 1322 4577 Adnitarc·

106 4603 107 4606 ’
792 4597 830 4646 18.
839 4606 861 4645 et
873 4596 938 4645 alibi.
958 4597 1083 4645 irenaeus:
1102 4587 1321 4655 „mambote

798 4666 820 4714 b.
840 4665 893 4714 Nun
912 4664 985 4713 llliom
1005 4658 1139 4728 effingeret]
1163 4662 1189 4712 ld
1208 4669 1244 4712 est
1266 4661 1321 4710 ltnn

764 4747 819 4783 anna
838 4733 878 4796 qni
897 4732 983 4783 dicitnr
992 4731 1138 4793 ilonogausa
1154 4738 1178 4780 et
1187 4728 1251 4779 lilius
1260 4728 1321 4776 Pro·

106 4802 110 4813 “
188 4825 208 4858 c.
227 4802 410 4871 commendant]
430 4807 563 4856 Cl.deboe
580 4803 651 4854 rerbo
670 4804 713 4854 ad·
765 4801 866 4865 patonis,
885 4800 969 4865 capi.
1002 4799 1067 4849 llaec
1084 4807 1164 4848 antam
1187 4795 1267 4848 omnia
1289 4794 1324 4845 tls

162 4885 215 4926 aott
234 4878 265 4927 ad
285 4875 319 4924 De
338 4876 412 4925 Pallio
432 4876 517 4938 capt.
765 4870 850 4920 Sotere
868 4867 988 4920 dicuntur.
1004 4864 1164 4930 (inluuiem)

106 4645 111 4655 ⁴
187 4640 211 4691 h.
233 4639 300 4688 reiut
324 4636 439 4698 sigillario
464 4629 713 4698 extrinsecusdnctn]
764 4598 782 4659 ¹’

106 4711 115 4801 ἱ
161 4706 191 4759 [l.
207 4721 285 4772 sopra
303 4706 393 4755 adnott.
412 4705 441 4754 ad
460 4720 511 4768 cap.
523 4702 560 4751 ll.
