3242 5775
620 648 768 692 nnanasus
789 634 1011 696 nanuossnrur.'
1339 642 1403 708 359

216 797 286 859 dum
310 814 428 876 genus,
449 802 481 859 et
500 796 615 875 lignum
637 796 823 860 fructuosum
844 799 958 863 iaciens
973 803 1116 878 truetum,
1140 804 1224 868 euius
1246 824 1351 870 semen
1371 808 1403 872 in

214 902 281 979 ipso
304 897 358 959 ’in
382 896 620 964 similitudinem.
654 897 693 959 Et
713 916 837 962 rursus:
859 900 896 962 Et
917 902 991 964 dixit
1011 904 1102 978 deus,
1126 905 1296 969 Producant
1309 926 1403 987 aquae

215 1000 353 1079 repentio
375 997 543 1060 animarum
564 1001 715 1073 vivarum,
752 1007 783 1061 et
805 1001 933 1064 volatilia
955 1003 1081 1066 volantia
1103 1024 1195 1086 super
1217 1015 1327 1069 terram
1348 1027 1404 1089 par

216 1101 442 1163 firmamentum
463 1098 547 1161 eseli.
583 1099 622 1162 Et
643 1101 751 1162 lactum
774 1110 822 1163 est
842 1102 895 1164 sie.
927 1102 965 1164 Et
986 1105 1056 1167 lecit
1077 1106 1152 1168 deos
1167 1115 1251 1169 cetos
1267 1089 1402 1188 magnos,

216 1213 244 1264 et
264 1219 395 1264 ornnem
416 1200 544 1262 animem
566 1200 737 1262 animalium
759 1203 944 1281 repentium,
978 1223 1054 1284 quae
1081 1209 1288 1285 produxerunt
1309 1228 1403 1290 aquus

216 1302 398 1365 secumdum.
409 1319 513 1381 genus·
526 1302 672 1382 ipsorum.
710 1303 784 1364 ltem
799 1313 871 1383 post
886 1304 973 1366 haec:
995 1306 1034 1368 Et
1054 1306 1128 1369 dixit
1142 1308 1232 1383 deus,
1254 1309 1403 1373 Produest

215 1415 293 1466 terra
317 1403 452 1466 animum
473 1404 620 1465 viventem
642 1405 807 1466 secundnm
836 1424 948 1484 genus,
980 1407 1180 1487 quadrupedia
1209 1418 1239 1472 et
1267 1412 1401 1490 repentia

217 1515 244 1566 et
263 1504 386 1567 bestias
410 1513 506 1565 terrae
529 1504 693 1566 seeundum
715 1523 810 1583 genus
833 1506 980 1586 ipsorum.
1030 1508 1062 1569 Si
1085 1526 1157 1587 ergo
1179 1529 1215 1571 ex
1237 1510 1294 1573 iam
1317 1512 1402 1574 laetis

216 1606 306 1669 renus
331 1605 407 1667 alias
429 1624 480 1668 res
502 1605 577 1668 deus
599 1608 757 1685 proterens
780 1596 913 1668 ostendit
934 1625 988 1686 per
1003 1608 1179 1688 prophetem
1200 1619 1231 1673 et
1244 1610 1315 1672 dicit
1330 1612 1401 1692 quid
1424 1688 1428 1694 Ι

218 1708 294 1769 unde
318 1706 483 1787 protulerit
503 1710 693 1786 (quamquam
715 1708 868 1787 possimus
890 1707 1065 1770 ⁴undeunde
1087 1708 1153 1769 illas
1174 1710 1307 1789 prolatas
1328 1712 1400 1774 ‘ex-

218 1809 372 1880 istiman-e,
395 1806 506 1868 dumne
528 1825 563 1869 ex
586 1807 696 1882 nihilo;
721 1808 779 1870 iam
802 1809 881 1870 enim
904 1811 977 1870 iactu
996 1817 1086 1870 erant
1107 1809 1251 1888 quaedam
1274 1812 1400 1891 enqui-

218 1908 272 1971 tos
295 1907 434 1988 prolatae
455 1908 548 1969 rideri
569 1916 724 1987 possent),
747 1910 774 1971 si
798 1918 908 1971 tantam
931 1928 1031 1970 euram
1053 1909 1261 1973 instructionis
1277 1920 1401 1974 nostrae

221 2010 384 2090 insumpsit
417 2008 541 2088 spiritus
573 2020 710 2083 sanetus,
749 2020 781 2072 ut
814 2013 960 2072 sciremus
992 2010 1063 2090 quid
1096 2011 1175 2072 unde
1207 2013 1401 2093 processerit,

222 2129 320 2173 nonne
342 2099 472 2190 proinde
494 2128 552 2171 nos
575 2111 663 2173 etde
685 2111 767 2173 coelo
801 2121 831 2173 et
862 2113 899 2173 de
931 2118 1011 2173 terra
1040 2120 1197 2191 compotes
1218 2113 1401 2177 reddidisset

224 2211 417 2291 significando
447 2211 526 2272 unde
553 2230 588 2273 eu
616 2221 699 2274 esset
727 2222 883 2292 operatus,
917 2213 944 2274 si
973 2212 1009 2274 de
1039 2212 1135 2291 aliqua
1164 2215 1287 2276 materia
1315 2214 1399 2293 origo

224 2321 374 2375 constaret
395 2312 531 2386 illorum,
564 2312 614 2375 ‘ut
635 2322 717 2376 tanto
740 2314 835 2393 magis
859 2333 894 2374 er
915 2313 1010 2374 nihilo
1032 2332 1067 2374 ea
1088 2313 1239 2375 videretur
1261 2322 1401 2394 operatus

226 2423 330 2492 quanto
353 2412 430 2474 uilril
451 2413 548 2476 adhoc
569 2423 633 2476 erat
654 2416 762 2476 laetum
786 2434 822 2475 er
845 2433 904 2494 qno
928 2423 1069 2493 operatus
1090 2413 1264 2477 videretur?
1299 2415 1401 2494 ltaque

227 2515 299 2577 sieut
319 2533 356 2576 ea
379 2531 456 2593 quae
478 2513 516 2575 de
536 2515 636 2594 aliquo
658 2516 772 2595 prolata
794 2524 864 2577 sunt
887 2515 1018 2577 ostendit
1040 2516 1119 2578 unde
1132 2517 1248 2596 prolata
1263 2517 1339 2589 sint,
1362 2514 1400 2577 itu

227 2635 295 2693 qaae
318 2633 379 2677 non
410 2615 544 2676 ostendit
571 2616 649 2677 unde
676 2617 790 2697 prolata
820 2616 882 2678 sint
908 2636 945 2678 ex
972 2616 1064 2678 nihilo
1093 2618 1207 2697 prolata
1235 2617 1403 2680 confirmet<

176 2705 177 2714 ¹
227 2715 314 2794 Igitur
335 2716 368 2777 in
389 2716 538 2796 principio
561 2715 635 2777 deus
658 2718 726 2779 lecit
747 2717 859 2779 eaelum
889 2726 919 2778 et
946 2726 1064 2779 terram.
1107 2720 1209 2781 Adoro
1236 2719 1401 2798 scripturae
1415 2731 1523 2783 usum.

229 2815 453 2896 plenitudinem,
487 2835 545 2897 qua
566 2818 639 2879 mihi
661 2827 691 2880 et
713 2820 856 2880 factorem
878 2819 1048 2881 manifestat
1069 2829 1099 2882 et
1120 2823 1204 2883 laeta.
1253 2820 1286 2882 ln
1309 2838 1399 2881 eran·

231 2919 299 2997 gelio
320 2937 394 2980 vero
417 2920 545 2998 amplius
574 2929 603 2980 et
631 2920 799 2981 ministrum
828 2929 916 3000 atque
945 2921 1087 3000 arbitrum
1115 2922 1253 2985 ⁷laetoris
1280 2921 1496 2985 invenient·-

233 3038 405 3082 sermonenr.
438 3021 482 3081 An
506 3031 604 3080 autern
627 3021 664 3082 de
686 3022 782 3100 aliqua
804 3021 968 3082 subiacenti
990 3023 1112 3083 materia
1131 3025 1205 3085 lacta
1227 3023 1287 3085 sint
1302 3023 1402 3085 omnia
1470 3017 1474 3023 ’

234 3138 369 3200 nusquam
400 3121 496 3181 adhuc
524 3121 591 3198 legi.
640 3122 788 3200 Scriptum
811 3123 896 3184 “esse
925 3123 1031 3185 doceat
1052 3123 1251 3203 Hermogenis
1273 3125 1401 3186 ollicina.

236 3220 261 3280 Si
280 3241 338 3284 non
361 3231 411 3283 est
432 3220 593 3300 scriptum,
618 3222 720 3283 timeat
734 3223 791 3283 Vae
813 3222 902 3283 ⁹illud
924 3224 1120 3285 adicientibus
1143 3233 1194 3287 aut
1215 3225 1400 3286 ‹letrahenti-
1414 3221 1508 3321 ¹35⁰·

237 3319 282 3383 bus
302 3323 494 3384 destinatum.
1489 3271 1529 3313 ¹⁸⁸

310 3424 370 3485 Sed
394 3442 428 3485 er
452 3423 647 3504 sequentibus
677 3432 912 3503 argumentatur,
950 3422 1017 3500 quia
1045 3422 1189 3501 scripturn
1218 3423 1275 3496 sit,
1309 3424 1402 3484 Terra
1413 3443 1467 3498 cip.
1478 3440 1529 3485 un

240 3533 322 3586 sutem
338 3533 402 3586 erat
416 3524 574 3586 invisibilis
591 3534 620 3586 et
634 3525 843 3604 incomposita.
880 3522 953 3582 Nam
977 3531 1005 3583 et
1027 3530 1125 3583 terrae
1146 3541 1256 3583 nomen
1281 3501 1522 3604 ’redigit⁰⁰¹¹'¹’²'

239 3620 275 3685 ‘in
294 3626 465 3698 materiam,
490 3626 558 3704 quia
582 3634 659 3685 terra
682 3626 722 3686 sit
743 3644 819 3704 quae
842 3626 916 3685 lacta
940 3631 986 3684 est
1008 3643 1041 3684 ex
1064 3624 1122 3684 illa.
1163 3623 1200 3683 Et
1215 3623 1285 3686 Erat
1299 3625 1329 3686 in
1345 3626 1403 3687 hoc

240 3723 340 3806 dirigit,
363 3727 449 3807 quasi
473 3745 548 3806 quae
571 3745 690 3805 semper
712 3735 792 3786 retro
816 3725 906 3786 luerit
926 3725 1026 3785 innata
1050 3733 1078 3785 et
1093 3724 1209 3785 inlecta.
1240 3724 1402 3786 Invisibilis

241 3838 324 3890 annm
353 3838 382 3890 et
411 3827 514 3900 rudis,
552 3827 619 3905 quia
647 3828 804 3888 intormem
834 3838 862 3887 et
889 3827 1044 3887 confusam
1078 3833 1108 3885 et
1134 3825 1314 3887 inconditam
1342 3825 1404 3888 vult

240 3927 320 3990 trisse
341 3930 508 3990 materiam,
542 3927 601 3988 Has
624 3928 742 4007 quidem
766 3927 924 4006 opiniones
947 3927 1012 3986 eius
1035 3925 1221 4005 ³singillatim
1238 3926 1403 4001 revincam3

240 4031 281 4090 sed
301 4031 419 4092 interim
444 4029 512 4090 volo
536 4029 578 4090 sic
600 4028 627 4091 ei
650 4029 845 4108 respondere.
877 4027 1018 4087 Putamus
1041 4027 1088 4087 his
1103 4027 1234 4089 articulis
1249 4028 1403 4089 materiam

239 4129 435 4193 demonstrari.
481 4130 628 4209 Numquid
652 4137 766 4204 tamen,
789 4128 856 4209 qnia
881 4135 944 4189 erat
965 4135 1032 4188 ante
1055 4126 1169 4200 omnia,
1200 4136 1229 4190 et
1249 4128 1325 4190 ⁴tnls
1347 4128 1402 4190 ali·

239 4317 293 4367 ltin
311 4318 504 4368 similitudinem.
533 4316 560 4364 Et
578 4331 663 4365 rursus
681 4318 704 4364 d.
744 4316 877 4364 secundum
903 4329 987 4376 genus.
1012 4313 1041 4362 Et
1058 4327 1143 4362 rursus
1161 4313 1207 4372 (A.)
1247 4314 1271 4362 ia
1289 4313 1403 4363 similitu·

237 4386 315 4435 dnem.
338 4387 437 4436 l‘setnm
457 4392 494 4434 est
512 4383 555 4433 sic.
580 4385 608 4432 Et
626 4383 739 4447 produxit
757 4390 819 4432 terre
833 4384 933 4432 herbam
952 4382 1016 4430 loeni
1035 4381 1194 4429 seminantem
1213 4395 1296 4430 semen
1315 4395 1404 4430 aecon-

238 4452 284 4501 lnm
302 4469 386 4515 genus,
405 4460 429 4502 et
448 4453 539 4513 lignum
559 4451 708 4500 fructuosum
728 4451 820 4499 inciens
843 4452 946 4499 linctum
967 4450 1034 4498 euius
1052 4461 1135 4497 semen
1153 4449 1178 4497 in
1196 4448 1250 4512 ipso
1269 4447 1404 4498 secundnm

238 4534 312 4575 lenas.
345 4523 375 4571 Et
397 4535 485 4570 rursus
503 4519 572 4568 nane.
630 4519 655 4568 4.
674 4518 802 4567 undeunde
827 4521 858 4578 d,
880 4518 992 4576 Latinius,
1012 4515 1194 4565 Freinllrsinus.
1236 4515 1299 4564 unde
1316 4515 1405 4564 illode-

237 4586 254 4633 ὃ.
273 4592 407 4639 ennimara
424 4588 450 4638 A.
470 4588 617 4635 divionensis
635 4588 709 4636 codex
727 4588 788 4650 opud
808 4586 938 4648 lliqoltinrn.
973 4584 1086 4632 estimare
1105 4583 1129 4631 li.
1165 4584 1293 4631 aestimare
1309 4582 1404 4645 reliqui.

237 4654 256 4701 ⁶.
273 4671 301 4704 ae
317 4660 343 4707 l.
404 4655 429 4704 t.
453 4654 555 4704 lactoris
579 4655 653 4705 codes
675 4655 830 4715 divionensis,
850 4652 924 4702 Nicol.
940 4651 1062 4714 lliqolts'us.
1106 4651 1208 4699 rectoris
1233 4647 1337 4700 nsanos
1379 4645 1403 4698 8.

237 4723 489 4774 mffl,dffid

296 4793 355 4856 Cep.
374 4790 456 4841 mn.
494 4789 517 4838 l.
535 4789 628 4850 redegit
645 4791 670 4839 Α.
723 4787 747 4837 2.
766 4788 790 4836 in
809 4786 905 4837 onnlB.
961 4784 985 4836 3.
1002 4785 1126 4848 sigillatim
1143 4784 1212 4834 dode.
1264 4780 1289 4829 4.
1307 4776 1363 4828 telis
1380 4777 1404 4826 id

238 4870 259 4905 se
275 4874 301 4908 en
318 4875 347 4910 ea
365 4860 456 4908 luctum
475 4854 567 4920 aliquid
583 4857 609 4908 l.
1390 4886 1395 4893 -
