3242 5775
690 657 810 712 suasuri
832 663 975 710 lucrosus

191 1050 194 1058 ·
297 989 594 1129 lucrum
634 1030 991 1126 sunnonis
1033 1017 1386 1171 transis&

720 1247 942 1261 *—

244 1396 371 1479 Principio
404 1413 515 1465 dominus
553 1413 645 1464 ceelum
682 1420 819 1477 terramque
848 1409 949 1473 inspirat
966 1410 1061 1494 brutum
1080 1410 1157 1460 divino
1175 1423 1190 1459 a
1206 1415 1310 1473 pectore
1329 1419 1426 1474 pectus.

515 1498 602 1547 crearit
881 1492 959 1552 ouem
975 1502 1104 1558 postquem
1116 1493 1194 1556 eillpie
1206 1493 1341 1544 iormsturn
1361 1510 1408 1545 ceu
1426 1509 1469 1545 sus

210 1582 320 1647 Namque
342 1590 394 1633 eret
415 1581 524 1632 intornis
541 1583 664 1647 ductuque
681 1581 821 1633 abscondita
1150 1578 1216 1641 sidit,

515 1665 595 1729 tellus,
847 1662 942 1713 iletitur
959 1662 1036 1713 solum
1054 1662 1180 1713 mordaces
1197 1663 1291 1713 volsere
1310 1678 1394 1727 eures,

212 1751 394 1814 musasque
429 1750 488 1801 deus
517 1765 591 1815 super
622 1765 727 1816 aequora
756 1760 820 1802 sassa
847 1746 915 1796 Ilicet
931 1747 1020 1809 irriguo
1037 1747 1157 1812 perfundit
1174 1747 1266 1798 lumina
1283 1762 1385 1811 somno,

515 1836 617 1897 meabat,
846 1829 940 1881 eonius
959 1839 984 1882 ut
1000 1833 1066 1882 sulse
1083 1831 1200 1882 formetur
1217 1831 1310 1883 lemine
1329 1841 1428 1897 coste,-
1472 1830 1501 1881 db

210 1919 273 1970 Dum
297 1917 370 1970 eiteos
394 1924 418 1969 et
441 1918 522 1982 nigrae
539 1919 665 1971 luseebent
681 1928 767 1970 cuncta
785 1929 820 1970 te-
846 1918 924 1980 Atque
941 1923 1007 1967 erius
1024 1917 1097 1967 mixtu
1115 1916 1209 1978 gemino
1227 1917 1368 1968 substantia
1382 1918 1465 1968 ilrmet

515 2002 611 2054 nebrse.
742 2042 746 2048 .
847 2000 939 2050 luditur
956 2010 980 2051 et
998 2015 1084 2051 nomen
1102 2001 1169 2063 sitne,
1188 2001 1254 2065 quod
1271 2001 1366 2053 dicitur
1384 2001 1439 2053 Ere.

184 2090 260 2146 biles
277 2087 334 2140 dum
352 2088 454 2151 disiungi
472 2089 542 2140 iussit
560 2090 589 2139 de
613 2090 718 2153 cardine,
742 2090 819 2140 lutnr:
848 2084 999 2149 Quapropter
1016 2086 1064 2135 nali
1081 2085 1193 2151 linquunt
1209 2086 1240 2136 de
1257 2100 1330 2136 more
1346 2095 1465 2151 parentet,

139 2213 143 2228 ,
211 2173 261 2224 Lux
277 2171 327 2236 flat,
343 2172 407 2223 staro
425 2181 450 2223 ee
467 2173 591 2225 nituerunt
607 2174 687 2225 omnia
705 2171 803 2225 muido,
848 2168 1042 2234 Coniugibusque
1059 2171 1110 2220 suis
1127 2171 1212 2234 positis
1225 2178 1279 2221 tum
1295 2172 1402 2223 sedibus
1413 2173 1467 2223 bae·

211 2255 272 2316 Cum
288 2255 399 2307 dominus
417 2243 486 2320 piimt
504 2259 650 2322 complesset
667 2260 729 2310 lacta
747 2260 803 2323 diei,
1151 2263 1211 2305 rent

211 2339 325 2391 Condidit
340 2337 459 2391 sibentetn
472 2341 566 2392 nebulis
581 2343 734 2394 nascentibus
743 2359 819 2405 arem,
848 2338 961 2402 Septima,
980 2340 1075 2404 quaudo
1094 2341 1153 2390 deus
1170 2339 1290 2390 lectorum
1310 2342 1361 2392 dne
1380 2343 1501 2408 quieritlll

162 2453 164 2457 ι
210 2424 302 2490 decipit
320 2425 451 2477 immensus
468 2428 571 2477 errantia
588 2427 668 2477 littora
685 2436 781 2491 pontus,
847 2421 969 2473 Socratem
987 2431 1095 2475 statuens
1117 2426 1208 2475 venturi
1226 2427 1257 2476 ad
1274 2427 1367 2490 gaudia
1386 2427 1467 2490 saecli,

168 2507 352 2576 ibiduitipiices
380 2510 477 2576 rapiens
509 2510 591 2561 validis
621 2526 676 2561 cum
706 2513 821 2562 tractibus
848 2505 915 2557 ilicet
931 2509 1040 2558 exhibitis
1064 2509 1210 2560 animantum
1235 2525 1262 2561 ex
1281 2513 1374 2563 ordine
1392 2514 1467 2564 turbis

516 2610 608 2647 amnes.
847 2592 937 2642 i’iritim
955 2594 1047 2643 cunctis
1065 2609 1152 2645 nomeu
1170 2594 1236 2659 quod
1253 2605 1388 2658 permanet
1410 2598 1467 2649 indit

209 2678 289 2729 Tertia
304 2677 345 2729 iux
361 2678 447 2730 lseiem
465 2688 581 2730 terrarum
599 2680 659 2731 lulra
676 2682 768 2746 retexit,
847 2677 929 2727 ddumi
947 2692 961 2727 a
978 2678 1075 2729 domino
1094 2679 1180 2729 donata
1198 2679 1300 2729 scientia
1320 2682 1411 2732 solere

209 2763 282 2814 bride
298 2776 353 2814 moa
371 2765 449 2827 posito
467 2774 577 2816 narratur
593 2766 690 2816 nomine
708 2774 779 2831 terra,
822 2767 828 2784 ⁹
848 2762 925 2821 Quem
933 2763 992 2813 deus
999 2763 1104 2827 elloquio
1114 2764 1218 2813 iunctam
1228 2764 1376 2826 dignuturet
1385 2766 1499 2818 sumti

210 2847 295 2900 i'lores
311 2848 416 2899 ventosis
434 2857 582 2913 consurgunt
597 2850 702 2913 germina
720 2852 820 2916 eampis,
848 2847 954 2900 Crescite
966 2848 1106 2899 multimodo
1119 2856 1215 2899 ventura
1225 2849 1248 2899 iu
1260 2855 1377 2916 tempora
1388 2859 1464 2916 partu

211 2932 370 3008 Pomiierique
389 2935 459 2984 simul
476 2943 619 2999 procurrent
639 2936 735 2986 brachiu
753 2938 820 2986 rami.
848 2934 878 2986 ut
887 2932 958 2998 polus
970 2941 994 2984 et
1006 2934 1090 2998 plenae
1101 2941 1178 2983 restro
1196 2934 1244 2983 sint
1257 2938 1464 3001 germineterree,

168 3026 201 3076 15
212 3018 301 3077 Qusrte
310 3017 363 3069 dies
374 3026 471 3081 generat
481 3017 539 3068 solis
551 3033 605 3069 cum
614 3018 723 3083 lampade
732 3020 821 3085 lunam,
848 3018 1017 3084 liseredesque
1035 3019 1090 3082 mei,
1107 3019 1183 3068 runos
1202 3019 1328 3083 decerpite
1345 3021 1441 3073 lructns

211 3103 241 3153 Et
258 3100 340 3154 stelles
358 3103 460 3153 uomuio
478 3103 597 3154 redientes
615 3102 704 3155 iumine
722 3106 795 3168 ungit,
849 3103 915 3162 Quos
932 3118 1030 3155 nemora
1048 3113 1071 3154 et
1088 3103 1168 3167 pingui
1192 3104 1297 3154 reddunt
1322 3106 1352 3156 de
1373 3108 1463 3172 cespite

209 3188 274 3238 lisso
285 3185 403 3240 elementa
415 3188 480 3239 dedrt
488 3188 597 3239 subiecto
609 3188 710 3252 insignio
722 3190 819 3252 mundo,
1150 3189 1234 3253 campi.

208 3273 326 3339 Tempore
344 3288 406 3339 quae
429 3273 531 3324 doceant
547 3274 624 3325 varios
641 3275 754 3324 mutanda
776 3289 821 3338 per
846 3274 911 3323 llaec
929 3274 969 3323 ubi
987 3274 1106 3334 disseruit,
1124 3272 1186 3323 laeta
1201 3273 1330 3336 paradisus
1348 3276 1375 3324 in
1394 3276 1448 3327 auia
1468 3278 1497 3329 bl

237 3342 240 3350 ¹
513 3367 588 3409 onus.
606 3413 610 3416 ,
847 3359 981 3421 instruitur,
999 3358 1117 3422 primique
1134 3366 1242 3420 nspectut
1258 3357 1352 3408 irmina
1371 3361 1440 3410 solis

207 3443 238 3492 tt
254 3442 337 3508 quinta
354 3443 475 3509 accipiunt
490 3444 606 3510 liquentie
624 3443 721 3495 liumina
731 3445 818 3507 pisces,
847 3443 955 3506 Gignitur
972 3444 1031 3493 baec
1049 3445 1111 3493 inter
1128 3442 1205 3506 pomis
1223 3441 1337 3492 letalibus
1355 3446 1438 3507 arbor,

164 3527 361 3583 tuberonem
378 3534 453 3580 series
470 3530 621 3594 suspendunt
645 3531 701 3579 sire
719 3543 818 3593 pennus.
846 3515 1004 3580 coniunctum
1011 3528 1461 3594 generensvitsemortisquesnporem

207 3614 278 3663 Sexte
292 3620 317 3664 tt
328 3612 478 3679 praegelidos
489 3615 512 3663 in
522 3614 599 3678 spires
609 3612 711 3663 lubricet
720 3627 818 3675 ungues,
845 3613 950 3663 Aedibus
968 3614 992 3663 in
1010 3613 1095 3662 mediis
1113 3626 1173 3676 puro
1192 3612 1243 3661 duit
1252 3611 1348 3673 omnine
1362 3614 1460 3675 llumen,

208 3697 443 3763 Qusdrupedumque
466 3713 548 3762 greges
572 3705 636 3748 totos
660 3698 770 3748 diliundit
793 3698 818 3748 in
846 3697 916 3755 Quod
926 3697 985 3760 rigat
995 3697 1100 3760 insignes
1113 3696 1211 3761 liquidis
1220 3696 1249 3746 de
1259 3697 1378 3748 ductibus
1387 3697 1496 3759 enasib

512 3798 589 3846 apros,
846 3781 1233 3847 Quadriddosquesecatnndsnte
1245 3780 1460 3834 exloutemeatns.

207 3866 346 3933 Cunctaque
355 3868 479 3935 multipiici
489 3868 605 3918 mandevit
612 3882 722 3917 crescere
728 3868 818 3932 passim
846 3867 932 3917 l’bison
951 3866 1061 3916 aurileris
1079 3867 1201 3930 praedives
1218 3866 1321 3915 fluctuat
1338 3868 1423 3932 undis,

207 3951 327 4015 Germine,
338 3959 362 4003 et
370 3953 494 4003 immensis
504 3965 583 4002 errare
598 3958 621 4000 et
631 3960 817 4015 pescereterns.
845 3952 1042 4017 conspicuusque
1051 3952 1108 4001 terit
1117 3965 1189 4001 reuco
1197 3950 1459 4016 depurgitegemmm

162 4037 271 4088 ibiiuec
289 4037 330 4087 ubi
348 4037 472 4088 constituit
489 4035 566 4095 dirius
582 4037 689 4099 potentia
708 4050 783 4098 iussu,
845 4037 956 4088 Pruslnus
975 4037 1031 4087 buic
1054 4050 1150 4099 nomeu,
1176 4035 1208 4084 ilii
1234 4042 1271 4083 est
1296 4036 1460 4089 carbunculos

204 4121 331 4172 ilectorem
350 4121 481 4186 inspiciens
499 4118 626 4169 mundanis
644 4119 726 4171 defore
744 4121 817 4171 rebus
1146 4119 1241 4182 ardens,

204 4206 269 4256 iiuec
286 4214 417 4257 memorat:
446 4205 540 4255 Nostris
564 4206 683 4255 bominem
701 4204 817 4255 iaciemus
844 4206 1035 4271 Perspicuusque
1061 4205 1125 4254 sadis
1144 4213 1231 4254 terrum
1249 4206 1398 4268 praelambit
1415 4206 1498 4259 neto

511 4289 541 4339 ad
559 4305 661 4353 unguem
1146 4288 1224 4339 riiutb.

204 4373 311 4426 linitibus
328 4373 469 4438 adsimilem,
487 4382 537 4424 toto
555 4376 595 4440 qui
613 4382 697 4437 regnet
711 4375 734 4424 in
748 4376 814 4425 orbe.
842 4376 898 4424 Post
911 4375 974 4424 bunc
985 4375 1115 4437 llctbiopns
1129 4374 1205 4424 Gilron
1223 4373 1340 4438 adlapsus
1360 4379 1458 4443 opimet

203 4457 233 4508 Et
249 4457 306 4509 licet
323 4458 387 4510 itunc
406 4473 453 4507 uno
472 4466 555 4523 posset
572 4474 716 4524 componere
735 4460 814 4520 verbo,
840 4460 934 4509 Tertius
947 4459 1194 4523 estiigris,Eupbruti
1206 4459 1337 4512 adiunctus
1346 4476 1458 4526 nmoeno,

158 4542 258 4606 dbipse
276 4551 354 4594 umen
373 4551 456 4593 seucts
474 4544 583 4607 dignatus
601 4543 690 4593 ducere
709 4544 797 4607 dextra,
842 4544 960 4609 Assyrium
979 4545 1051 4594 celeri
1069 4543 1190 4593 discretim
1209 4545 1309 4596 ilumine
1328 4547 1436 4598 suieene

270 4677 285 4708 *
308 4678 388 4729 Edidit
406 4681 449 4730 boe
466 4694 555 4729 cormm
573 4681 661 4742 prinus
680 4681 740 4731 deii.
758 4681 868 4732 iioreiius
893 4697 940 4732 ooo
963 4697 1012 4731 cum
1036 4684 1136 4732 caunioe
1153 4681 1268 4741 Sodoma,
1296 4685 1340 4734 sub
1365 4687 1457 4734 somine

204 4743 320 4808 Cp'ptiosi,
339 4763 369 4797 er
385 4749 464 4798 codice
482 4747 537 4798 otti.
556 4746 581 4797 S.
603 4748 698 4797 i's'otoris
716 4748 787 4797 Poris.
824 4749 901 4800 lieddo
925 4765 955 4799 em
977 4752 1134 4811 recopuitioue
1158 4749 1234 4812 Stepb.
1254 4750 1354 4801 Boiusit'.
1395 4752 1455 4817 Opes

200 4814 315 4874 mutilem,
335 4822 356 4864 et
374 4815 461 4877 inpendi
476 4816 546 4880 piune
562 4816 693 4864 mediocris.
730 4818 795 4865 terto
813 4820 861 4880 Afri
879 4818 980 4866 auctoris
998 4818 1087 4867 iudicio
1105 4818 1173 4866 stilus
1191 4818 1258 4866 iubet
1275 4819 1352 4868 nulio

270 4896 291 4932 s.
300 4878 341 4934 ³2
359 4882 468 4933 dolestos
483 4883 556 4935 edidit
568 4881 644 4941 Quem
655 4889 783 4947 postquem
792 4884 891 4935 ortillois
900 4884 1027 4935 lormutum
1037 4886 1062 4934 in
1074 4884 1175 4947 imagine
1187 4884 1253 4949 sidit,
1271 4902 1301 4937 ex
1315 4889 1372 4939 edit.
1381 4888 1460 4940 Oxos.

1010 5102 1018 5133 l
