<?xml version="1.0" encoding="UTF-8"?>
<!DOCTYPE html PUBLIC "-//W3C//DTD XHTML 1.0 Transitional//EN"
    "http://www.w3.org/TR/xhtml1/DTD/xhtml1-transitional.dtd">
<html xmlns="http://www.w3.org/1999/xhtml" xml:lang="en" lang="en">
 <head>
  <title>
</title>
<meta http-equiv="Content-Type" content="text/html;charset=utf-8" />
  <meta name='ocr-system' content='tesseract 3.04.00' />
  <meta name='ocr-capabilities' content='ocr_page ocr_carea ocr_par ocr_line ocrx_word'/>
</head>
<body>
  <div class='ocr_page' id='page_1' title='image "./quaesupersuntom00oehlgoog_0492.png"; bbox 0 0 3242 5775; ppageno 0'>
   <div class='ocr_carea' id='block_1_1' title="bbox 525 663 1334 727">
    <p class='ocr_par' dir='ltr' id='par_1_1' title="bbox 525 663 1334 727">
     <span class='ocr_line' id='line_1_1' title="bbox 525 663 1334 727; baseline 0.001 -2"><span class='ocrx_word' id='word_1_1' title='bbox 525 682 563 726; x_wconf 85' lang='lat' dir='ltr'><strong>nn</strong></span> <span class='ocrx_word' id='word_1_2' title='bbox 584 681 828 726; x_wconf 81' lang='lat' dir='ltr'><strong>anscauscmmts</strong></span> <span class='ocrx_word' id='word_1_3' title='bbox 850 677 963 725; x_wconf 77' lang='lat' dir='ltr'><strong>aarum.</strong></span> <span class='ocrx_word' id='word_1_4' title='bbox 1271 663 1334 727; x_wconf 85' lang='grc'><strong>477</strong></span> 
     </span>
    </p>
   </div>
   <div class='ocr_carea' id='block_1_2' title="bbox 125 827 1465 3530">
    <p class='ocr_par' dir='ltr' id='par_1_2' title="bbox 125 827 1465 3530">
     <span class='ocr_line' id='line_1_2' title="bbox 156 827 1333 907; baseline -0.003 -12"><span class='ocrx_word' id='word_1_5' title='bbox 156 834 252 906; x_wconf 90' lang='lat' dir='ltr'><strong>citur,</strong></span> <span class='ocrx_word' id='word_1_6' title='bbox 275 829 302 893; x_wconf 86' lang='lat' dir='ltr'><strong>si</strong></span> <span class='ocrx_word' id='word_1_7' title='bbox 325 828 538 904; x_wconf 61' lang='lat' dir='ltr'><strong>¹&#39;detrabatum</strong></span> <span class='ocrx_word' id='word_1_8' title='bbox 567 832 626 892; x_wconf 92' lang='lat' dir='ltr'><strong>boc</strong></span> <span class='ocrx_word' id='word_1_9' title='bbox 646 829 701 893; x_wconf 89' lang='lat' dir='ltr'><strong>luit</strong></span> <span class='ocrx_word' id='word_1_10' title='bbox 722 827 943 899; x_wconf 88' lang='lat' dir='ltr'><strong>indumentum,</strong></span> <span class='ocrx_word' id='word_1_11' title='bbox 970 847 1036 890; x_wconf 93' lang='lat' dir='ltr'><strong>cum</strong></span> <span class='ocrx_word' id='word_1_12' title='bbox 1060 828 1333 907; x_wconf 75' lang='lat' dir='ltr'><strong>superstruebatur.</strong></span> 
     </span>
     <span class='ocr_line' id='line_1_3' title="bbox 157 929 1464 1011; baseline -0.003 -16"><span class='ocrx_word' id='word_1_13' title='bbox 157 934 235 995; x_wconf 85' lang='lat' dir='ltr'><strong>Hinc</strong></span> <span class='ocrx_word' id='word_1_14' title='bbox 256 940 286 994; x_wconf 93' lang='lat' dir='ltr'><strong>et</strong></span> <span class='ocrx_word' id='word_1_15' title='bbox 314 932 469 1011; x_wconf 90' lang='lat' dir='ltr'><strong>apostolus</strong></span> <span class='ocrx_word' id='word_1_16' title='bbox 496 931 752 994; x_wconf 73' lang='lat' dir='ltr'><strong>circumcisionem</strong></span> <span class='ocrx_word' id='word_1_17' title='bbox 781 930 1028 1011; x_wconf 78' lang='lat' dir='ltr'><strong>despoliationem</strong></span> <span class='ocrx_word' id='word_1_18' title='bbox 1056 930 1155 992; x_wconf 90' lang='lat' dir='ltr'><strong>carnis</strong></span> <span class='ocrx_word' id='word_1_19' title='bbox 1183 929 1464 1010; x_wconf 78' lang='lat' dir='ltr'><strong>appellanscotutt.</strong></span> 
     </span>
     <span class='ocr_line' id='line_1_4' title="bbox 157 1029 1333 1105; baseline -0.002 -9"><span class='ocrx_word' id='word_1_20' title='bbox 157 1035 290 1096; x_wconf 89' lang='lat' dir='ltr'><strong>tunicam</strong></span> <span class='ocrx_word' id='word_1_21' title='bbox 312 1031 437 1093; x_wconf 69' lang='lat' dir='ltr'><strong>¹&#39;cutem</strong></span> <span class='ocrx_word' id='word_1_22' title='bbox 459 1031 682 1093; x_wconf 62' lang='lat' dir='ltr'><strong>”badlirmarit</strong></span> <span class='ocrx_word' id='word_1_23' title='bbox 717 1032 797 1094; x_wconf 85' lang='lat' dir='ltr'><strong>Haec</strong></span> <span class='ocrx_word' id='word_1_24' title='bbox 817 1031 911 1094; x_wconf 79' lang='lat' dir='ltr'><strong>&#39;&#39;cum</strong></span> <span class='ocrx_word' id='word_1_25' title='bbox 926 1031 966 1093; x_wconf 90' lang='lat' dir='ltr'><strong>ita</strong></span> <span class='ocrx_word' id='word_1_26' title='bbox 982 1030 1058 1105; x_wconf 91' lang='lat' dir='ltr'><strong>sint,</strong></span> <span class='ocrx_word' id='word_1_27' title='bbox 1081 1031 1172 1093; x_wconf 90' lang='lat' dir='ltr'><strong>habes</strong></span> <span class='ocrx_word' id='word_1_28' title='bbox 1186 1038 1217 1092; x_wconf 91' lang='lat' dir='ltr'><strong>et</strong></span> <span class='ocrx_word' id='word_1_29' title='bbox 1229 1029 1333 1094; x_wconf 89' lang='lat' dir='ltr'><strong>limum</strong></span> 
     </span>
     <span class='ocr_line' id='line_1_5' title="bbox 158 1131 1332 1212; baseline -0.003 -16"><span class='ocrx_word' id='word_1_30' title='bbox 158 1135 194 1196; x_wconf 89' lang='lat' dir='ltr'><strong>de</strong></span> <span class='ocrx_word' id='word_1_31' title='bbox 222 1151 313 1195; x_wconf 89' lang='lat' dir='ltr'><strong>manu</strong></span> <span class='ocrx_word' id='word_1_32' title='bbox 335 1131 412 1193; x_wconf 76' lang='lat' dir='ltr'><strong>¹²dei</strong></span> <span class='ocrx_word' id='word_1_33' title='bbox 440 1132 604 1212; x_wconf 89' lang='lat' dir='ltr'><strong>gloriosum</strong></span> <span class='ocrx_word' id='word_1_34' title='bbox 633 1144 664 1194; x_wconf 90' lang='lat' dir='ltr'><strong>et</strong></span> <span class='ocrx_word' id='word_1_35' title='bbox 690 1151 809 1195; x_wconf 88' lang='lat' dir='ltr'><strong>carnem</strong></span> <span class='ocrx_word' id='word_1_36' title='bbox 838 1133 875 1194; x_wconf 87' lang='lat' dir='ltr'><strong>dc</strong></span> <span class='ocrx_word' id='word_1_37' title='bbox 903 1132 1010 1194; x_wconf 82' lang='lat' dir='ltr'><strong>adflatu</strong></span> <span class='ocrx_word' id='word_1_38' title='bbox 1037 1131 1085 1193; x_wconf 90' lang='lat' dir='ltr'><strong>dei</strong></span> <span class='ocrx_word' id='word_1_39' title='bbox 1112 1131 1332 1210; x_wconf 79' lang='lat' dir='ltr'><strong>gloriosiorem,</strong></span> 
     </span>
     <span class='ocr_line' id='line_1_6' title="bbox 158 1227 1332 1315; baseline -0.002 -19"><span class='ocrx_word' id='word_1_40' title='bbox 158 1253 218 1315; x_wconf 95' lang='lat' dir='ltr'><strong>quo</strong></span> <span class='ocrx_word' id='word_1_41' title='bbox 240 1232 355 1314; x_wconf 88' lang='lat' dir='ltr'><strong>pariter</strong></span> <span class='ocrx_word' id='word_1_42' title='bbox 375 1251 445 1294; x_wconf 90' lang='lat' dir='ltr'><strong>caro</strong></span> <span class='ocrx_word' id='word_1_43' title='bbox 468 1242 498 1295; x_wconf 93' lang='lat' dir='ltr'><strong>et</strong></span> <span class='ocrx_word' id='word_1_44' title='bbox 517 1233 580 1294; x_wconf 88' lang='lat' dir='ltr'><strong>limi</strong></span> <span class='ocrx_word' id='word_1_45' title='bbox 603 1234 769 1295; x_wconf 89' lang='lat' dir='ltr'><strong>rudimenta</strong></span> <span class='ocrx_word' id='word_1_46' title='bbox 791 1231 932 1312; x_wconf 83' lang='lat' dir='ltr'><strong>deposuit</strong></span> <span class='ocrx_word' id='word_1_47' title='bbox 958 1242 989 1294; x_wconf 86' lang='lat' dir='ltr'><strong>et</strong></span> <span class='ocrx_word' id='word_1_48' title='bbox 1015 1233 1129 1294; x_wconf 89' lang='lat' dir='ltr'><strong>animae</strong></span> <span class='ocrx_word' id='word_1_49' title='bbox 1152 1227 1332 1294; x_wconf 73' lang='lat' dir='ltr'><strong>&#39;ornamenti</strong></span> 
     </span>
     <span class='ocr_line' id='line_1_7' title="bbox 158 1332 1331 1417; baseline 0 -22"><span class='ocrx_word' id='word_1_50' title='bbox 158 1333 305 1417; x_wconf 85' lang='lat' dir='ltr'><strong>suscepit</strong></span> <span class='ocrx_word' id='word_1_51' title='bbox 336 1332 403 1393; x_wconf 89' lang='lat' dir='ltr'><strong>Non</strong></span> <span class='ocrx_word' id='word_1_52' title='bbox 426 1351 458 1395; x_wconf 90' lang='lat' dir='ltr'><strong>es</strong></span> <span class='ocrx_word' id='word_1_53' title='bbox 481 1334 650 1413; x_wconf 72' lang='lat' dir='ltr'><strong>diligentior</strong></span> <span class='ocrx_word' id='word_1_54' title='bbox 671 1335 745 1405; x_wconf 89' lang='lat' dir='ltr'><strong>deo,</strong></span> <span class='ocrx_word' id='word_1_55' title='bbox 768 1335 809 1396; x_wconf 92' lang='lat' dir='ltr'><strong>uti</strong></span> <span class='ocrx_word' id='word_1_56' title='bbox 828 1342 857 1395; x_wconf 89' lang='lat' dir='ltr'><strong>tu</strong></span> <span class='ocrx_word' id='word_1_57' title='bbox 873 1333 991 1413; x_wconf 92' lang='lat' dir='ltr'><strong>quidem</strong></span> <span class='ocrx_word' id='word_1_58' title='bbox 1007 1334 1156 1414; x_wconf 89' lang='lat' dir='ltr'><strong>Scythicas</strong></span> <span class='ocrx_word' id='word_1_59' title='bbox 1171 1344 1201 1396; x_wconf 93' lang='lat' dir='ltr'><strong>et</strong></span> <span class='ocrx_word' id='word_1_60' title='bbox 1215 1334 1331 1396; x_wconf 88' lang='lat' dir='ltr'><strong>indicas</strong></span> 
     </span>
     <span class='ocr_line' id='line_1_8' title="bbox 158 1432 1330 1515; baseline 0.001 -19"><span class='ocrx_word' id='word_1_61' title='bbox 158 1453 291 1513; x_wconf 88' lang='lat' dir='ltr'><strong>gemmas</strong></span> <span class='ocrx_word' id='word_1_62' title='bbox 315 1442 345 1493; x_wconf 91' lang='lat' dir='ltr'><strong>et</strong></span> <span class='ocrx_word' id='word_1_63' title='bbox 358 1432 503 1496; x_wconf 83' lang='lat' dir='ltr'><strong>Rubentis</strong></span> <span class='ocrx_word' id='word_1_64' title='bbox 519 1435 607 1497; x_wconf 83' lang='lat' dir='ltr'><strong>blaris</strong></span> <span class='ocrx_word' id='word_1_65' title='bbox 629 1453 717 1514; x_wconf 85' lang='lat' dir='ltr'><strong>grana</strong></span> <span class='ocrx_word' id='word_1_66' title='bbox 741 1434 914 1496; x_wconf 89' lang='lat' dir='ltr'><strong>candentia·</strong></span> <span class='ocrx_word' id='word_1_67' title='bbox 934 1453 994 1496; x_wconf 88' lang='lat' dir='ltr'><strong>non</strong></span> <span class='ocrx_word' id='word_1_68' title='bbox 1016 1435 1153 1515; x_wconf 91' lang='lat' dir='ltr'><strong>plumbo,</strong></span> <span class='ocrx_word' id='word_1_69' title='bbox 1176 1453 1236 1496; x_wconf 91' lang='lat' dir='ltr'><strong>nou</strong></span> <span class='ocrx_word' id='word_1_70' title='bbox 1252 1454 1330 1510; x_wconf 88' lang='lat' dir='ltr'><strong>aere,</strong></span> 
     </span>
     <span class='ocr_line' id='line_1_9' title="bbox 159 1535 1330 1615; baseline 0 -18"><span class='ocrx_word' id='word_1_71' title='bbox 159 1554 218 1597; x_wconf 87' lang='lat' dir='ltr'><strong>non</strong></span> <span class='ocrx_word' id='word_1_72' title='bbox 240 1536 342 1607; x_wconf 91' lang='lat' dir='ltr'><strong>lerro,</strong></span> <span class='ocrx_word' id='word_1_73' title='bbox 371 1554 409 1596; x_wconf 92' lang='lat' dir='ltr'><strong>ne</strong></span> <span class='ocrx_word' id='word_1_74' title='bbox 431 1544 553 1614; x_wconf 91' lang='lat' dir='ltr'><strong>argento</strong></span> <span class='ocrx_word' id='word_1_75' title='bbox 575 1555 693 1615; x_wconf 90' lang='lat' dir='ltr'><strong>quoquc</strong></span> <span class='ocrx_word' id='word_1_76' title='bbox 714 1536 920 1614; x_wconf 61' lang='lat' dir='ltr'><strong>”ottaqnees</strong></span> <span class='ocrx_word' id='word_1_77' title='bbox 951 1537 1004 1598; x_wconf 90' lang='lat' dir='ltr'><strong>sed</strong></span> <span class='ocrx_word' id='word_1_78' title='bbox 1026 1535 1207 1598; x_wconf 89' lang='lat' dir='ltr'><strong>electissimo</strong></span> <span class='ocrx_word' id='word_1_79' title='bbox 1229 1544 1260 1598; x_wconf 89' lang='lat' dir='ltr'><strong>ct</strong></span> <span class='ocrx_word' id='word_1_80' title='bbox 1281 1535 1330 1597; x_wconf 92' lang='lat' dir='ltr'><strong>in·</strong></span> 
     </span>
     <span class='ocr_line' id='line_1_10' title="bbox 158 1625 1331 1717; baseline 0.002 -20"><span class='ocrx_word' id='word_1_81' title='bbox 158 1655 249 1717; x_wconf 86' lang='lat' dir='ltr'><strong>super</strong></span> <span class='ocrx_word' id='word_1_82' title='bbox 282 1635 498 1714; x_wconf 86' lang='lat' dir='ltr'><strong>operosissimo</strong></span> <span class='ocrx_word' id='word_1_83' title='bbox 525 1636 714 1699; x_wconf 71' lang='lat' dir='ltr'><strong>¹‘descrobes</strong></span> <span class='ocrx_word' id='word_1_84' title='bbox 746 1625 851 1710; x_wconf 61' lang='lat' dir='ltr'><strong>aurci,</strong></span> <span class='ocrx_word' id='word_1_85' title='bbox 883 1636 986 1697; x_wconf 73' lang='lat' dir='ltr'><strong>”titiis</strong></span> <span class='ocrx_word' id='word_1_86' title='bbox 1015 1636 1086 1699; x_wconf 90' lang='lat' dir='ltr'><strong>item</strong></span> <span class='ocrx_word' id='word_1_87' title='bbox 1116 1645 1146 1699; x_wconf 94' lang='lat' dir='ltr'><strong>et</strong></span> <span class='ocrx_word' id='word_1_88' title='bbox 1173 1636 1331 1716; x_wconf 87' lang='lat' dir='ltr'><strong>unguentis</strong></span> 
     </span>
     <span class='ocr_line' id='line_1_11' title="bbox 158 1734 1331 1818; baseline 0.001 -20"><span class='ocrx_word' id='word_1_89' title='bbox 158 1734 386 1816; x_wconf 82' lang='lat' dir='ltr'><strong>pretiosissimis</strong></span> <span class='ocrx_word' id='word_1_90' title='bbox 423 1735 589 1816; x_wconf 86' lang='lat' dir='ltr'><strong>quibusque</strong></span> <span class='ocrx_word' id='word_1_91' title='bbox 624 1738 810 1800; x_wconf 86' lang='lat' dir='ltr'><strong>vasculorum</strong></span> <span class='ocrx_word' id='word_1_92' title='bbox 853 1737 936 1817; x_wconf 90' lang='lat' dir='ltr'><strong>prius</strong></span> <span class='ocrx_word' id='word_1_93' title='bbox 973 1738 1195 1818; x_wconf 89' lang='lat' dir='ltr'><strong>congruentiam</strong></span> <span class='ocrx_word' id='word_1_94' title='bbox 1220 1744 1331 1811; x_wconf 83' lang='lat' dir='ltr'><strong>&#39;cures,</strong></span> 
     </span>
     <span class='ocr_line' id='line_1_12' title="bbox 158 1826 1465 1918; baseline 0.003 -19"><span class='ocrx_word' id='word_1_95' title='bbox 158 1826 312 1918; x_wconf 76' lang='lat' dir='ltr'><strong>”proinde</strong></span> <span class='ocrx_word' id='word_1_96' title='bbox 333 1836 508 1916; x_wconf 73' lang='lat' dir='ltr'><strong>²&#39;perlectae</strong></span> <span class='ocrx_word' id='word_1_97' title='bbox 529 1836 714 1917; x_wconf 76' lang='lat' dir='ltr'><strong>”lerruginis</strong></span> <span class='ocrx_word' id='word_1_98' title='bbox 736 1837 860 1917; x_wconf 87' lang='lat' dir='ltr'><strong>gladiis·</strong></span> <span class='ocrx_word' id='word_1_99' title='bbox 881 1838 1051 1917; x_wconf 86' lang='lat' dir='ltr'><strong>vaginarum</strong></span> <span class='ocrx_word' id='word_1_100' title='bbox 1069 1838 1216 1918; x_wconf 82' lang='lat' dir='ltr'><strong>adaeques</strong></span> <span class='ocrx_word' id='word_1_101' title='bbox 1231 1836 1330 1918; x_wconf 85' lang='lat' dir='ltr'><strong>digni·</strong></span> <span class='ocrx_word' id='word_1_102' title='bbox 1383 1829 1386 1836; x_wconf 63' lang='grc'>’</span> <span class='ocrx_word' id='word_1_103' title='bbox 1459 1879 1465 1903; x_wconf 76' lang='lat'><strong>.</strong></span> 
     </span>
     <span class='ocr_line' id='line_1_13' title="bbox 158 1937 1330 2022; baseline 0 -21"><span class='ocrx_word' id='word_1_104' title='bbox 158 1946 259 2010; x_wconf 90' lang='lat' dir='ltr'><strong>tatem,</strong></span> <span class='ocrx_word' id='word_1_105' title='bbox 275 1970 317 1983; x_wconf 96' lang='lat'>-</span> <span class='ocrx_word' id='word_1_106' title='bbox 339 1937 412 1998; x_wconf 92' lang='lat' dir='ltr'><strong>deus</strong></span> <span class='ocrx_word' id='word_1_107' title='bbox 432 1957 503 1999; x_wconf 81' lang='lat' dir='ltr'><strong>vero</strong></span> <span class='ocrx_word' id='word_1_108' title='bbox 526 1938 642 2000; x_wconf 90' lang='lat' dir='ltr'><strong>animae</strong></span> <span class='ocrx_word' id='word_1_109' title='bbox 664 1958 736 2001; x_wconf 89' lang='lat' dir='ltr'><strong>suae</strong></span> <span class='ocrx_word' id='word_1_110' title='bbox 758 1938 905 2014; x_wconf 88' lang='lat' dir='ltr'><strong>umbram,</strong></span> <span class='ocrx_word' id='word_1_111' title='bbox 927 1939 1051 2022; x_wconf 85' lang='lat' dir='ltr'><strong>spiritus</strong></span> <span class='ocrx_word' id='word_1_112' title='bbox 1070 1939 1117 2000; x_wconf 91' lang='lat' dir='ltr'><strong>sui</strong></span> <span class='ocrx_word' id='word_1_113' title='bbox 1133 1957 1244 2011; x_wconf 87' lang='lat' dir='ltr'><strong>auram,</strong></span> <span class='ocrx_word' id='word_1_114' title='bbox 1267 1938 1330 2003; x_wconf 88' lang='lat' dir='ltr'><strong>oris</strong></span> 
     </span>
     <span class='ocr_line' id='line_1_14' title="bbox 155 2037 1343 2120; baseline 0.002 -23"><span class='ocrx_word' id='word_1_115' title='bbox 155 2039 199 2101; x_wconf 88' lang='lat' dir='ltr'><strong>aui</strong></span> <span class='ocrx_word' id='word_1_116' title='bbox 224 2055 348 2120; x_wconf 86' lang='lat' dir='ltr'><strong>operam</strong></span> <span class='ocrx_word' id='word_1_117' title='bbox 370 2037 515 2100; x_wconf 85' lang='lat' dir='ltr'><strong>vilissimo</strong></span> <span class='ocrx_word' id='word_1_118' title='bbox 538 2040 623 2101; x_wconf 88' lang='lat' dir='ltr'><strong>alicui</strong></span> <span class='ocrx_word' id='word_1_119' title='bbox 639 2040 823 2103; x_wconf 87' lang='lat' dir='ltr'><strong>commiserit</strong></span> <span class='ocrx_word' id='word_1_120' title='bbox 836 2039 957 2119; x_wconf 89' lang='lat' dir='ltr'><strong>capulo,</strong></span> <span class='ocrx_word' id='word_1_121' title='bbox 980 2049 1009 2101; x_wconf 92' lang='lat' dir='ltr'><strong>et</strong></span> <span class='ocrx_word' id='word_1_122' title='bbox 1022 2040 1142 2119; x_wconf 91' lang='lat' dir='ltr'><strong>indigne</strong></span> <span class='ocrx_word' id='word_1_123' title='bbox 1157 2037 1343 2103; x_wconf 68' lang='lat' dir='ltr'><strong>calamato,</strong></span> 
     </span>
     <span class='ocr_line' id='line_1_15' title="bbox 154 2126 1386 2220; baseline 0.001 -20"><span class='ocrx_word' id='word_1_124' title='bbox 154 2141 260 2219; x_wconf 90' lang='lat' dir='ltr'><strong>utique</strong></span> <span class='ocrx_word' id='word_1_125' title='bbox 283 2139 474 2200; x_wconf 80' lang='lat' dir='ltr'><strong>damuaverit.</strong></span> <span class='ocrx_word' id='word_1_126' title='bbox 518 2126 679 2202; x_wconf 86' lang='lat' dir='ltr'><strong>Collocavit</strong></span> <span class='ocrx_word' id='word_1_127' title='bbox 699 2150 814 2216; x_wconf 91' lang='lat' dir='ltr'><strong>autem,</strong></span> <span class='ocrx_word' id='word_1_128' title='bbox 846 2160 882 2214; x_wconf 83' lang='lat' dir='ltr'><strong>an</strong></span> <span class='ocrx_word' id='word_1_129' title='bbox 905 2141 1005 2220; x_wconf 91' lang='lat' dir='ltr'><strong>potius</strong></span> <span class='ocrx_word' id='word_1_130' title='bbox 1028 2141 1156 2203; x_wconf 88' lang='lat' dir='ltr'><strong>inseruit</strong></span> <span class='ocrx_word' id='word_1_131' title='bbox 1177 2149 1208 2203; x_wconf 94' lang='lat' dir='ltr'><strong>et</strong></span> <span class='ocrx_word' id='word_1_132' title='bbox 1228 2141 1329 2204; x_wconf 91' lang='lat' dir='ltr'><strong>immi·</strong></span> <span class='ocrx_word' id='word_1_133' title='bbox 1384 2207 1386 2215; x_wconf 59' lang='grc'>,</span> 
     </span>
     <span class='ocr_line' id='line_1_16' title="bbox 150 2237 1330 2322; baseline 0.003 -22"><span class='ocrx_word' id='word_1_134' title='bbox 150 2237 234 2304; x_wconf 87' lang='lat' dir='ltr'><strong>scuit</strong></span> <span class='ocrx_word' id='word_1_135' title='bbox 257 2237 364 2301; x_wconf 75' lang='lat' dir='ltr'><strong>carni?</strong></span> <span class='ocrx_word' id='word_1_136' title='bbox 397 2248 477 2301; x_wconf 89' lang='lat' dir='ltr'><strong>tanta</strong></span> <span class='ocrx_word' id='word_1_137' title='bbox 498 2242 618 2320; x_wconf 89' lang='lat' dir='ltr'><strong>quidem</strong></span> <span class='ocrx_word' id='word_1_138' title='bbox 632 2242 846 2314; x_wconf 80' lang='lat' dir='ltr'><strong>concretione,</strong></span> <span class='ocrx_word' id='word_1_139' title='bbox 882 2248 914 2303; x_wconf 94' lang='lat' dir='ltr'><strong>ut</strong></span> <span class='ocrx_word' id='word_1_140' title='bbox 936 2242 1079 2303; x_wconf 89' lang='lat' dir='ltr'><strong>incertum</strong></span> <span class='ocrx_word' id='word_1_141' title='bbox 1109 2240 1211 2302; x_wconf 87' lang='lat' dir='ltr'><strong>haberi</strong></span> <span class='ocrx_word' id='word_1_142' title='bbox 1232 2240 1330 2322; x_wconf 89' lang='lat' dir='ltr'><strong>possit</strong></span> 
     </span>
     <span class='ocr_line' id='line_1_17' title="bbox 147 2340 1328 2427; baseline -0.001 -24"><span class='ocrx_word' id='word_1_143' title='bbox 147 2352 297 2404; x_wconf 90' lang='lat' dir='ltr'><strong>utrumne</strong></span> <span class='ocrx_word' id='word_1_144' title='bbox 319 2358 387 2427; x_wconf 85' lang='lat' dir='ltr'><strong>caro</strong></span> <span class='ocrx_word' id='word_1_145' title='bbox 410 2342 556 2416; x_wconf 87' lang='lat' dir='ltr'><strong>animam,</strong></span> <span class='ocrx_word' id='word_1_146' title='bbox 579 2361 615 2402; x_wconf 92' lang='lat' dir='ltr'><strong>an</strong></span> <span class='ocrx_word' id='word_1_147' title='bbox 639 2361 757 2403; x_wconf 91' lang='lat' dir='ltr'><strong>carnem</strong></span> <span class='ocrx_word' id='word_1_148' title='bbox 772 2342 870 2404; x_wconf 89' lang='lat' dir='ltr'><strong>anima</strong></span> <span class='ocrx_word' id='word_1_149' title='bbox 885 2341 1085 2415; x_wconf 83' lang='lat' dir='ltr'><strong>circumierat,</strong></span> <span class='ocrx_word' id='word_1_150' title='bbox 1107 2350 1246 2403; x_wconf 86' lang='lat' dir='ltr'><strong>utrumne</strong></span> <span class='ocrx_word' id='word_1_151' title='bbox 1261 2340 1328 2402; x_wconf 88' lang='lat' dir='ltr'><strong>ani·</strong></span> 
     </span>
     <span class='ocr_line' id='line_1_18' title="bbox 139 2441 1328 2529; baseline 0 -25"><span class='ocrx_word' id='word_1_152' title='bbox 139 2458 220 2505; x_wconf 84' lang='lat' dir='ltr'><strong>mae</strong></span> <span class='ocrx_word' id='word_1_153' title='bbox 243 2460 331 2513; x_wconf 91' lang='lat' dir='ltr'><strong>caro,</strong></span> <span class='ocrx_word' id='word_1_154' title='bbox 352 2458 390 2502; x_wconf 90' lang='lat' dir='ltr'><strong>an</strong></span> <span class='ocrx_word' id='word_1_155' title='bbox 413 2441 509 2502; x_wconf 89' lang='lat' dir='ltr'><strong>anima</strong></span> <span class='ocrx_word' id='word_1_156' title='bbox 531 2441 703 2529; x_wconf 79' lang='lat' dir='ltr'><strong>”appareat</strong></span> <span class='ocrx_word' id='word_1_157' title='bbox 721 2442 811 2504; x_wconf 89' lang='lat' dir='ltr'><strong>carni.</strong></span> <span class='ocrx_word' id='word_1_158' title='bbox 852 2441 911 2504; x_wconf 92' lang='lat' dir='ltr'><strong>Sed</strong></span> <span class='ocrx_word' id='word_1_159' title='bbox 933 2441 992 2504; x_wconf 74' lang='lat' dir='ltr'><strong>”et</strong></span> <span class='ocrx_word' id='word_1_160' title='bbox 1013 2442 1107 2522; x_wconf 90' lang='lat' dir='ltr'><strong>magis</strong></span> <span class='ocrx_word' id='word_1_161' title='bbox 1128 2442 1255 2511; x_wconf 84' lang='lat' dir='ltr'><strong>animam</strong></span> <span class='ocrx_word' id='word_1_162' title='bbox 1278 2442 1328 2505; x_wconf 92' lang='lat' dir='ltr'><strong>in·</strong></span> 
     </span>
     <span class='ocr_line' id='line_1_19' title="bbox 136 2540 1330 2623; baseline 0.005 -24"><span class='ocrx_word' id='word_1_163' title='bbox 136 2541 219 2604; x_wconf 80' lang='lat' dir='ltr'><strong>vehi</strong></span> <span class='ocrx_word' id='word_1_164' title='bbox 242 2550 332 2621; x_wconf 88' lang='lat' dir='ltr'><strong>atque</strong></span> <span class='ocrx_word' id='word_1_165' title='bbox 353 2540 500 2603; x_wconf 90' lang='lat' dir='ltr'><strong>dominari</strong></span> <span class='ocrx_word' id='word_1_166' title='bbox 521 2543 702 2604; x_wconf 90' lang='lat' dir='ltr'><strong>credendum</strong></span> <span class='ocrx_word' id='word_1_167' title='bbox 724 2551 785 2616; x_wconf 88' lang='lat' dir='ltr'><strong>est,</strong></span> <span class='ocrx_word' id='word_1_168' title='bbox 809 2550 842 2604; x_wconf 93' lang='lat' dir='ltr'><strong>ut</strong></span> <span class='ocrx_word' id='word_1_169' title='bbox 863 2543 956 2622; x_wconf 90' lang='lat' dir='ltr'><strong>magis</strong></span> <span class='ocrx_word' id='word_1_170' title='bbox 978 2544 1034 2605; x_wconf 91' lang='lat' dir='ltr'><strong>deo</strong></span> <span class='ocrx_word' id='word_1_171' title='bbox 1056 2543 1230 2623; x_wconf 84' lang='lat' dir='ltr'><strong>proximam.</strong></span> <span class='ocrx_word' id='word_1_172' title='bbox 1264 2543 1330 2605; x_wconf 85' lang='lat' dir='ltr'><strong>Hoc</strong></span> 
     </span>
     <span class='ocr_line' id='line_1_20' title="bbox 131 2641 1403 2724; baseline 0.002 -20"><span class='ocrx_word' id='word_1_173' title='bbox 131 2660 274 2722; x_wconf 89' lang='lat' dir='ltr'><strong>quoque</strong></span> <span class='ocrx_word' id='word_1_174' title='bbox 296 2641 332 2703; x_wconf 91' lang='lat' dir='ltr'><strong>ad</strong></span> <span class='ocrx_word' id='word_1_175' title='bbox 354 2641 477 2720; x_wconf 81' lang='lat' dir='ltr'><strong>gloriam</strong></span> <span class='ocrx_word' id='word_1_176' title='bbox 500 2644 596 2704; x_wconf 86' lang='lat' dir='ltr'><strong>carnis</strong></span> <span class='ocrx_word' id='word_1_177' title='bbox 619 2643 775 2717; x_wconf 85' lang='lat' dir='ltr'><strong>exuberat,</strong></span> <span class='ocrx_word' id='word_1_178' title='bbox 798 2644 878 2722; x_wconf 92' lang='lat' dir='ltr'><strong>quod</strong></span> <span class='ocrx_word' id='word_1_179' title='bbox 900 2645 1065 2724; x_wconf 84' lang='lat' dir='ltr'><strong>proximam</strong></span> <span class='ocrx_word' id='word_1_180' title='bbox 1081 2645 1137 2707; x_wconf 89' lang='lat' dir='ltr'><strong>deo</strong></span> <span class='ocrx_word' id='word_1_181' title='bbox 1152 2653 1182 2706; x_wconf 92' lang='lat' dir='ltr'><strong>et</strong></span> <span class='ocrx_word' id='word_1_182' title='bbox 1195 2644 1329 2707; x_wconf 79' lang='lat' dir='ltr'><strong>contimt</strong></span> <span class='ocrx_word' id='word_1_183' title='bbox 1398 2655 1403 2662; x_wconf 78' lang='lat'>‘</span> 
     </span>
     <span class='ocr_line' id='line_1_21' title="bbox 132 2742 1328 2823; baseline 0.006 -21"><span class='ocrx_word' id='word_1_184' title='bbox 132 2754 178 2807; x_wconf 82' lang='lat' dir='ltr'><strong>et</strong></span> <span class='ocrx_word' id='word_1_185' title='bbox 207 2743 308 2823; x_wconf 91' lang='lat' dir='ltr'><strong>ipsius</strong></span> <span class='ocrx_word' id='word_1_186' title='bbox 335 2742 547 2804; x_wconf 90' lang='lat' dir='ltr'><strong>dominationis</strong></span> <span class='ocrx_word' id='word_1_187' title='bbox 577 2752 745 2823; x_wconf 83' lang='lat' dir='ltr'><strong>compotem</strong></span> <span class='ocrx_word' id='word_1_188' title='bbox 773 2753 915 2823; x_wconf 80' lang='lat' dir='ltr'><strong>praestat</strong></span> <span class='ocrx_word' id='word_1_189' title='bbox 970 2746 1067 2819; x_wconf 84' lang='lat' dir='ltr'><strong>Quem</strong></span> <span class='ocrx_word' id='word_1_190' title='bbox 1099 2745 1177 2807; x_wconf 90' lang='lat' dir='ltr'><strong>enim</strong></span> <span class='ocrx_word' id='word_1_191' title='bbox 1205 2754 1328 2809; x_wconf 87' lang='lat' dir='ltr'><strong>naturas</strong></span> 
     </span>
     <span class='ocr_line' id='line_1_22' title="bbox 130 2835 1328 2928; baseline 0.003 -23"><span class='ocrx_word' id='word_1_192' title='bbox 130 2857 258 2919; x_wconf 87' lang='lat' dir='ltr'><strong>usum,</strong></span> <span class='ocrx_word' id='word_1_193' title='bbox 282 2835 369 2923; x_wconf 86' lang='lat' dir='ltr'><strong>quent</strong></span> <span class='ocrx_word' id='word_1_194' title='bbox 391 2844 491 2906; x_wconf 91' lang='lat' dir='ltr'><strong>mundi</strong></span> <span class='ocrx_word' id='word_1_195' title='bbox 515 2844 658 2917; x_wconf 89' lang='lat' dir='ltr'><strong>lructum,</strong></span> <span class='ocrx_word' id='word_1_196' title='bbox 681 2863 769 2925; x_wconf 92' lang='lat' dir='ltr'><strong>quem</strong></span> <span class='ocrx_word' id='word_1_197' title='bbox 793 2844 1007 2908; x_wconf 89' lang='lat' dir='ltr'><strong>elementorum</strong></span> <span class='ocrx_word' id='word_1_198' title='bbox 1030 2865 1168 2927; x_wconf 89' lang='lat' dir='ltr'><strong>saporem</strong></span> <span class='ocrx_word' id='word_1_199' title='bbox 1190 2865 1252 2909; x_wconf 93' lang='lat' dir='ltr'><strong>nou</strong></span> <span class='ocrx_word' id='word_1_200' title='bbox 1273 2863 1328 2928; x_wconf 86' lang='lat' dir='ltr'><strong>per</strong></span> 
     </span>
     <span class='ocr_line' id='line_1_23' title="bbox 127 2943 1326 3026; baseline 0.001 -18"><span class='ocrx_word' id='word_1_201' title='bbox 127 2962 272 3008; x_wconf 81' lang='lat' dir='ltr'><strong>earnem</strong></span> <span class='ocrx_word' id='word_1_202' title='bbox 294 2943 391 3006; x_wconf 90' lang='lat' dir='ltr'><strong>anima</strong></span> <span class='ocrx_word' id='word_1_203' title='bbox 406 2943 603 3024; x_wconf 75' lang='lat' dir='ltr'><strong>depascitur?</strong></span> <span class='ocrx_word' id='word_1_204' title='bbox 624 2944 750 3023; x_wconf 73' lang='lat' dir='ltr'><strong>quidni?</strong></span> <span class='ocrx_word' id='word_1_205' title='bbox 771 2965 926 3026; x_wconf 91' lang='lat' dir='ltr'><strong>perquam</strong></span> <span class='ocrx_word' id='word_1_206' title='bbox 943 2949 1023 3009; x_wconf 89' lang='lat' dir='ltr'><strong>omni</strong></span> <span class='ocrx_word' id='word_1_207' title='bbox 1039 2948 1236 3012; x_wconf 89' lang='lat' dir='ltr'><strong>instrumento</strong></span> <span class='ocrx_word' id='word_1_208' title='bbox 1253 2967 1326 3011; x_wconf 93' lang='lat' dir='ltr'><strong>sen·</strong></span> 
     </span>
     <span class='ocr_line' id='line_1_24' title="bbox 125 3045 1326 3131; baseline 0.006 -27"><span class='ocrx_word' id='word_1_209' title='bbox 125 3061 239 3110; x_wconf 75' lang='lat' dir='ltr'><strong>suunt</strong></span> <span class='ocrx_word' id='word_1_210' title='bbox 261 3045 438 3119; x_wconf 84' lang='lat' dir='ltr'><strong>³¹lulciatur,</strong></span> <span class='ocrx_word' id='word_1_211' title='bbox 461 3046 536 3118; x_wconf 86' lang='lat' dir='ltr'><strong>visu,</strong></span> <span class='ocrx_word' id='word_1_212' title='bbox 560 3046 670 3120; x_wconf 91' lang='lat' dir='ltr'><strong>auditu,</strong></span> <span class='ocrx_word' id='word_1_213' title='bbox 694 3055 793 3126; x_wconf 88' lang='lat' dir='ltr'><strong>gustu,</strong></span> <span class='ocrx_word' id='word_1_214' title='bbox 817 3049 954 3122; x_wconf 88' lang='lat' dir='ltr'><strong>odoratu,</strong></span> <span class='ocrx_word' id='word_1_215' title='bbox 976 3048 1137 3111; x_wconf 78' lang='lat' dir='ltr'><strong>contactu?</strong></span> <span class='ocrx_word' id='word_1_216' title='bbox 1159 3069 1214 3129; x_wconf 89' lang='lat' dir='ltr'><strong>per</strong></span> <span class='ocrx_word' id='word_1_217' title='bbox 1238 3069 1326 3131; x_wconf 92' lang='lat' dir='ltr'><strong>quam</strong></span> 
     </span>
     <span class='ocr_line' id='line_1_25' title="bbox 126 3147 1331 3229; baseline 0.002 -21"><span class='ocrx_word' id='word_1_218' title='bbox 126 3147 251 3210; x_wconf 80' lang='lat' dir='ltr'><strong>diuina</strong></span> <span class='ocrx_word' id='word_1_219' title='bbox 273 3155 422 3227; x_wconf 86' lang='lat' dir='ltr'><strong>potestate</strong></span> <span class='ocrx_word' id='word_1_220' title='bbox 450 3165 589 3225; x_wconf 89' lang='lat' dir='ltr'><strong>respersa</strong></span> <span class='ocrx_word' id='word_1_221' title='bbox 618 3155 680 3218; x_wconf 91' lang='lat' dir='ltr'><strong>est,</strong></span> <span class='ocrx_word' id='word_1_222' title='bbox 715 3148 787 3209; x_wconf 90' lang='lat' dir='ltr'><strong>nihil</strong></span> <span class='ocrx_word' id='word_1_223' title='bbox 817 3167 878 3210; x_wconf 89' lang='lat' dir='ltr'><strong>non</strong></span> <span class='ocrx_word' id='word_1_224' title='bbox 906 3168 1046 3211; x_wconf 90' lang='lat' dir='ltr'><strong>sermone</strong></span> <span class='ocrx_word' id='word_1_225' title='bbox 1073 3150 1248 3229; x_wconf 84' lang='lat' dir='ltr'><strong>perficiens,</strong></span> <span class='ocrx_word' id='word_1_226' title='bbox 1281 3149 1331 3211; x_wconf 84' lang='lat' dir='ltr'><strong>rel</strong></span> 
     </span>
     <span class='ocr_line' id='line_1_26' title="bbox 128 3245 1327 3329; baseline 0 -19"><span class='ocrx_word' id='word_1_227' title='bbox 128 3249 241 3310; x_wconf 69' lang='lat' dir='ltr'><strong>taetre</strong></span> <span class='ocrx_word' id='word_1_228' title='bbox 263 3245 456 3328; x_wconf 80' lang='lat' dir='ltr'><strong>praemisso?</strong></span> <span class='ocrx_word' id='word_1_229' title='bbox 484 3246 521 3306; x_wconf 81' lang='lat' dir='ltr'><strong>Et</strong></span> <span class='ocrx_word' id='word_1_230' title='bbox 542 3266 642 3308; x_wconf 90' lang='lat' dir='ltr'><strong>sermo</strong></span> <span class='ocrx_word' id='word_1_231' title='bbox 666 3248 744 3308; x_wconf 88' lang='lat' dir='ltr'><strong>enim</strong></span> <span class='ocrx_word' id='word_1_232' title='bbox 766 3247 803 3308; x_wconf 89' lang='lat' dir='ltr'><strong>de</strong></span> <span class='ocrx_word' id='word_1_233' title='bbox 827 3267 938 3328; x_wconf 86' lang='lat' dir='ltr'><strong>organo</strong></span> <span class='ocrx_word' id='word_1_234' title='bbox 962 3251 1059 3310; x_wconf 84' lang='lat' dir='ltr'><strong>carnis</strong></span> <span class='ocrx_word' id='word_1_235' title='bbox 1082 3258 1137 3310; x_wconf 90' lang='lat' dir='ltr'><strong>est.</strong></span> <span class='ocrx_word' id='word_1_236' title='bbox 1170 3250 1256 3312; x_wconf 76' lang='lat' dir='ltr'><strong>Artes</strong></span> <span class='ocrx_word' id='word_1_237' title='bbox 1272 3268 1327 3329; x_wconf 88' lang='lat' dir='ltr'><strong>per</strong></span> 
     </span>
     <span class='ocr_line' id='line_1_27' title="bbox 128 3345 1339 3428; baseline 0.001 -18"><span class='ocrx_word' id='word_1_238' title='bbox 128 3363 282 3421; x_wconf 60' lang='lat' dir='ltr'><strong>carneus</strong></span> <span class='ocrx_word' id='word_1_239' title='bbox 298 3347 406 3420; x_wconf 91' lang='lat' dir='ltr'><strong>studia,</strong></span> <span class='ocrx_word' id='word_1_240' title='bbox 422 3347 538 3425; x_wconf 89' lang='lat' dir='ltr'><strong>ingenia</strong></span> <span class='ocrx_word' id='word_1_241' title='bbox 551 3367 607 3427; x_wconf 91' lang='lat' dir='ltr'><strong>per</strong></span> <span class='ocrx_word' id='word_1_242' title='bbox 618 3368 746 3420; x_wconf 88' lang='lat' dir='ltr'><strong>carnem,</strong></span> <span class='ocrx_word' id='word_1_243' title='bbox 762 3367 865 3427; x_wconf 91' lang='lat' dir='ltr'><strong>opera,</strong></span> <span class='ocrx_word' id='word_1_244' title='bbox 882 3350 1008 3427; x_wconf 91' lang='lat' dir='ltr'><strong>negotia,</strong></span> <span class='ocrx_word' id='word_1_245' title='bbox 1025 3349 1119 3409; x_wconf 87' lang='lat' dir='ltr'><strong>officia</strong></span> <span class='ocrx_word' id='word_1_246' title='bbox 1130 3368 1184 3428; x_wconf 90' lang='lat' dir='ltr'><strong>per</strong></span> <span class='ocrx_word' id='word_1_247' title='bbox 1195 3345 1339 3422; x_wconf 69' lang='lat' dir='ltr'><strong>carnem,</strong></span> 
     </span>
     <span class='ocr_line' id='line_1_28' title="bbox 130 3448 1325 3530; baseline 0.002 -23"><span class='ocrx_word' id='word_1_248' title='bbox 130 3459 239 3530; x_wconf 71' lang='lat' dir='ltr'><strong>atquc</strong></span> <span class='ocrx_word' id='word_1_249' title='bbox 254 3448 330 3509; x_wconf 90' lang='lat' dir='ltr'><strong>adeo</strong></span> <span class='ocrx_word' id='word_1_250' title='bbox 346 3456 440 3509; x_wconf 90' lang='lat' dir='ltr'><strong>totum</strong></span> <span class='ocrx_word' id='word_1_251' title='bbox 457 3449 555 3509; x_wconf 85' lang='lat' dir='ltr'><strong>vivere</strong></span> <span class='ocrx_word' id='word_1_252' title='bbox 571 3449 685 3509; x_wconf 90' lang='lat' dir='ltr'><strong>animae</strong></span> <span class='ocrx_word' id='word_1_253' title='bbox 701 3449 798 3509; x_wconf 88' lang='lat' dir='ltr'><strong>carnis</strong></span> <span class='ocrx_word' id='word_1_254' title='bbox 813 3456 868 3521; x_wconf 90' lang='lat' dir='ltr'><strong>est,</strong></span> <span class='ocrx_word' id='word_1_255' title='bbox 893 3456 925 3509; x_wconf 91' lang='lat' dir='ltr'><strong>ut</strong></span> <span class='ocrx_word' id='word_1_256' title='bbox 939 3467 1000 3509; x_wconf 90' lang='lat' dir='ltr'><strong>non</strong></span> <span class='ocrx_word' id='word_1_257' title='bbox 1014 3449 1111 3510; x_wconf 85' lang='lat' dir='ltr'><strong>virere</strong></span> <span class='ocrx_word' id='word_1_258' title='bbox 1127 3448 1241 3509; x_wconf 88' lang='lat' dir='ltr'><strong>animae</strong></span> <span class='ocrx_word' id='word_1_259' title='bbox 1253 3448 1325 3510; x_wconf 70' lang='lat' dir='ltr'><strong>”nil</strong></span> 
     </span>
    </p>
   </div>
   <div class='ocr_carea' id='block_1_3' title="bbox 135 3564 1413 3898">
    <p class='ocr_par' dir='ltr' id='par_1_3' title="bbox 135 3564 1413 3898">
     <span class='ocr_line' id='line_1_29' title="bbox 135 3564 1324 3619; baseline 0.004 -6"><span class='ocrx_word' id='word_1_260' title='bbox 135 3564 188 3619; x_wconf 82' lang='lat' dir='ltr'><strong>ts.</strong></span> <span class='ocrx_word' id='word_1_261' title='bbox 209 3569 346 3617; x_wconf 88' lang='lat' dir='ltr'><strong>detrahitur</strong></span> <span class='ocrx_word' id='word_1_262' title='bbox 363 3569 406 3616; x_wconf 78' lang='grc' dir='ltr'><strong>ΑΒ.</strong></span> <span class='ocrx_word' id='word_1_263' title='bbox 459 3567 500 3616; x_wconf 85' lang='grc'><strong>20.</strong></span> <span class='ocrx_word' id='word_1_264' title='bbox 519 3568 591 3616; x_wconf 88' lang='lat' dir='ltr'><strong>cutim</strong></span> <span class='ocrx_word' id='word_1_265' title='bbox 611 3570 636 3617; x_wconf 79' lang='lat' dir='ltr'><strong>ll.</strong></span> <span class='ocrx_word' id='word_1_266' title='bbox 688 3567 750 3616; x_wconf 78' lang='lat' dir='ltr'><strong>tot.</strong></span> <span class='ocrx_word' id='word_1_267' title='bbox 770 3567 902 3616; x_wconf 85' lang='lat' dir='ltr'><strong>adllrmatit</strong></span> <span class='ocrx_word' id='word_1_268' title='bbox 918 3567 995 3616; x_wconf 74' lang='lat' dir='ltr'><strong>riddo.</strong></span> <span class='ocrx_word' id='word_1_269' title='bbox 1014 3574 1060 3616; x_wconf 79' lang='lat' dir='ltr'><strong>tres</strong></span> <span class='ocrx_word' id='word_1_270' title='bbox 1081 3568 1191 3616; x_wconf 79' lang='lat' dir='ltr'><strong>Vaticani.</strong></span> <span class='ocrx_word' id='word_1_271' title='bbox 1234 3569 1324 3618; x_wconf 85' lang='lat' dir='ltr'><strong>condr-</strong></span> 
     </span>
     <span class='ocr_line' id='line_1_30' title="bbox 137 3633 1325 3697; baseline -0.002 -12"><span class='ocrx_word' id='word_1_272' title='bbox 137 3637 292 3685; x_wconf 74' lang='lat' dir='ltr'><strong>masticet.</strong></span> <span class='ocrx_word' id='word_1_273' title='bbox 339 3633 380 3683; x_wconf 75' lang='lat' dir='ltr'><strong>lt.</strong></span> <span class='ocrx_word' id='word_1_274' title='bbox 400 3643 483 3683; x_wconf 87' lang='lat' dir='ltr'><strong>cuncta</strong></span> <span class='ocrx_word' id='word_1_275' title='bbox 502 3635 550 3683; x_wconf 86' lang='lat' dir='ltr'><strong>sint</strong></span> <span class='ocrx_word' id='word_1_276' title='bbox 568 3641 593 3685; x_wconf 81' lang='lat' dir='ltr'><strong>l.</strong></span> <span class='ocrx_word' id='word_1_277' title='bbox 645 3634 685 3683; x_wconf 82' lang='lat'><strong>22.</strong></span> <span class='ocrx_word' id='word_1_278' title='bbox 704 3635 795 3683; x_wconf 88' lang='lat' dir='ltr'><strong>domini</strong></span> <span class='ocrx_word' id='word_1_279' title='bbox 813 3636 838 3683; x_wconf 82' lang='grc' dir='ltr'><strong>Α.</strong></span> <span class='ocrx_word' id='word_1_280' title='bbox 883 3633 922 3683; x_wconf 82' lang='lat'><strong>23.</strong></span> <span class='ocrx_word' id='word_1_281' title='bbox 942 3633 1181 3697; x_wconf 86' lang='lat' dir='ltr'><strong>oblaqueasset,aed</strong></span> <span class='ocrx_word' id='word_1_282' title='bbox 1200 3634 1244 3683; x_wconf 77' lang='lat' dir='ltr'><strong>ild.</strong></span> <span class='ocrx_word' id='word_1_283' title='bbox 1279 3635 1325 3684; x_wconf 92' lang='lat' dir='ltr'><strong>oh·</strong></span> 
     </span>
     <span class='ocr_line' id='line_1_31' title="bbox 137 3696 1324 3768; baseline 0.003 -20"><span class='ocrx_word' id='word_1_284' title='bbox 137 3696 294 3768; x_wconf 80' lang='lat' dir='ltr'><strong>laqueasses</strong></span> <span class='ocrx_word' id='word_1_285' title='bbox 311 3702 355 3750; x_wconf 87' lang='lat' dir='ltr'><strong>sed</strong></span> <span class='ocrx_word' id='word_1_286' title='bbox 373 3707 413 3751; x_wconf 62' lang='lat' dir='ltr'><strong>la</strong></span> <span class='ocrx_word' id='word_1_287' title='bbox 452 3701 491 3751; x_wconf 81' lang='lat' dir='ltr'><strong>tt.</strong></span> <span class='ocrx_word' id='word_1_288' title='bbox 510 3703 634 3751; x_wconf 82' lang='lat' dir='ltr'><strong>describes</strong></span> <span class='ocrx_word' id='word_1_289' title='bbox 652 3706 677 3751; x_wconf 83' lang='lat' dir='ltr'><strong>l.</strong></span> <span class='ocrx_word' id='word_1_290' title='bbox 730 3698 771 3750; x_wconf 76' lang='lat'><strong>25.</strong></span> <span class='ocrx_word' id='word_1_291' title='bbox 790 3701 850 3751; x_wconf 85' lang='lat' dir='ltr'><strong>riuis</strong></span> <span class='ocrx_word' id='word_1_292' title='bbox 868 3702 924 3751; x_wconf 90' lang='lat' dir='ltr'><strong>item</strong></span> <span class='ocrx_word' id='word_1_293' title='bbox 944 3701 1078 3751; x_wconf 75' lang='lat' dir='ltr'><strong>omlllCu.</strong></span> <span class='ocrx_word' id='word_1_294' title='bbox 1120 3699 1160 3749; x_wconf 84' lang='grc'><strong>26.</strong></span> <span class='ocrx_word' id='word_1_295' title='bbox 1180 3701 1283 3764; x_wconf 82' lang='lat' dir='ltr'><strong>perinde</strong></span> <span class='ocrx_word' id='word_1_296' title='bbox 1299 3702 1324 3751; x_wconf 81' lang='grc' dir='ltr'><strong>Β.</strong></span> 
     </span>
     <span class='ocr_line' id='line_1_32' title="bbox 139 3764 1413 3834; baseline 0.002 -19"><span class='ocrx_word' id='word_1_297' title='bbox 139 3764 188 3818; x_wconf 71' lang='grc'><strong>21.</strong></span> <span class='ocrx_word' id='word_1_298' title='bbox 209 3771 333 3834; x_wconf 83' lang='lat' dir='ltr'><strong>perlectae</strong></span> <span class='ocrx_word' id='word_1_299' title='bbox 351 3770 384 3829; x_wconf 76' lang='lat' dir='ltr'><strong>d,</strong></span> <span class='ocrx_word' id='word_1_300' title='bbox 404 3771 583 3819; x_wconf 72' lang='lat' dir='ltr'><strong>codecl&#39;ithoei.</strong></span> <span class='ocrx_word' id='word_1_301' title='bbox 620 3772 726 3831; x_wconf 83' lang='lat' dir='ltr'><strong>perlecta</strong></span> <span class='ocrx_word' id='word_1_302' title='bbox 746 3770 783 3819; x_wconf 82' lang='lat' dir='ltr'><strong>Ca.</strong></span> <span class='ocrx_word' id='word_1_303' title='bbox 820 3777 961 3832; x_wconf 84' lang='lat' dir='ltr'><strong>perspectae</strong></span> <span class='ocrx_word' id='word_1_304' title='bbox 979 3771 1076 3832; x_wconf 77' lang='lat' dir='ltr'><strong>cangio,</strong></span> <span class='ocrx_word' id='word_1_305' title='bbox 1096 3769 1229 3831; x_wconf 63' lang='lat' dir='ltr'><strong>ethmpr.</strong></span> <span class='ocrx_word' id='word_1_306' title='bbox 1265 3783 1324 3832; x_wconf 84' lang='lat' dir='ltr'><strong>pro·</strong></span> <span class='ocrx_word' id='word_1_307' title='bbox 1403 3797 1413 3810; x_wconf 86' lang='lat'><em>-</em></span> 
     </span>
     <span class='ocr_line' id='line_1_33' title="bbox 144 3835 1324 3898; baseline -0.001 -12"><span class='ocrx_word' id='word_1_308' title='bbox 144 3837 304 3898; x_wconf 69' lang='lat' dir='ltr'><strong>spectauit.</strong></span> <span class='ocrx_word' id='word_1_309' title='bbox 341 3835 628 3898; x_wconf 64' lang='lat' dir='ltr'><strong>taterrugtntaampta.</strong></span> <span class='ocrx_word' id='word_1_310' title='bbox 665 3837 794 3896; x_wconf 86' lang='lat' dir='ltr'><strong>lerroginis</strong></span> <span class='ocrx_word' id='word_1_311' title='bbox 812 3852 841 3895; x_wconf 75' lang='lat' dir='ltr'><strong>c,</strong></span> <span class='ocrx_word' id='word_1_312' title='bbox 862 3852 891 3885; x_wconf 73' lang='lat' dir='ltr'><strong>eu</strong></span> <span class='ocrx_word' id='word_1_313' title='bbox 908 3837 1144 3887; x_wconf 81' lang='lat' dir='ltr'><strong>cod.lo.Clementis.</strong></span> <span class='ocrx_word' id='word_1_314' title='bbox 1180 3836 1324 3896; x_wconf 79' lang='lat' dir='ltr'><strong>lerrugineis</strong></span> 
     </span>
    </p>
   </div>
   <div class='ocr_carea' id='block_1_4' title="bbox 143 3900 1324 4034">
    <p class='ocr_par' dir='ltr' id='par_1_4' title="bbox 143 3900 1324 4034">
     <span class='ocr_line' id='line_1_34' title="bbox 143 3900 1324 3968; baseline 0 -16"><span class='ocrx_word' id='word_1_315' title='bbox 143 3907 242 3968; x_wconf 76' lang='lat' dir='ltr'><strong>retrqot.</strong></span> <span class='ocrx_word' id='word_1_316' title='bbox 278 3903 502 3966; x_wconf 66' lang='lat' dir='ltr'><strong>stammana.</strong></span> <span class='ocrx_word' id='word_1_317' title='bbox 530 3912 614 3966; x_wconf 86' lang='lat' dir='ltr'><strong>pareat</strong></span> <span class='ocrx_word' id='word_1_318' title='bbox 625 3904 718 3967; x_wconf 82' lang='lat' dir='ltr'><strong>reliqui,</strong></span> <span class='ocrx_word' id='word_1_319' title='bbox 734 3912 754 3953; x_wconf 89' lang='lat' dir='ltr'><strong>et</strong></span> <span class='ocrx_word' id='word_1_320' title='bbox 765 3911 810 3952; x_wconf 84' lang='lat' dir='ltr'><strong>tres</strong></span> <span class='ocrx_word' id='word_1_321' title='bbox 822 3904 931 3954; x_wconf 82' lang='lat' dir='ltr'><strong>Vaticani.</strong></span> <span class='ocrx_word' id='word_1_322' title='bbox 967 3902 1007 3951; x_wconf 84' lang='grc'><strong>30.</strong></span> <span class='ocrx_word' id='word_1_323' title='bbox 1026 3905 1070 3952; x_wconf 86' lang='lat' dir='ltr'><strong>etsi</strong></span> <span class='ocrx_word' id='word_1_324' title='bbox 1087 3905 1122 3953; x_wconf 85' lang='lat' dir='ltr'><strong>be.</strong></span> <span class='ocrx_word' id='word_1_325' title='bbox 1158 3900 1198 3952; x_wconf 78' lang='grc'><strong>31.</strong></span> <span class='ocrx_word' id='word_1_326' title='bbox 1211 3902 1324 3952; x_wconf 85' lang='lat' dir='ltr'><strong>luleiatur</strong></span> 
     </span>
     <span class='ocr_line' id='line_1_35' title="bbox 150 3969 1323 4034; baseline -0.002 -13"><span class='ocrx_word' id='word_1_327' title='bbox 150 3973 226 4022; x_wconf 67' lang='lat' dir='ltr'><strong>dd&amp;-</strong></span> <span class='ocrx_word' id='word_1_328' title='bbox 243 3978 291 4021; x_wconf 79' lang='lat' dir='ltr'><strong>tres</strong></span> <span class='ocrx_word' id='word_1_329' title='bbox 303 3972 414 4023; x_wconf 79' lang='lat' dir='ltr'><strong>Vaticani.</strong></span> <span class='ocrx_word' id='word_1_330' title='bbox 449 3972 507 4019; x_wconf 85' lang='lat' dir='ltr'><strong>lulla</strong></span> <span class='ocrx_word' id='word_1_331' title='bbox 527 3979 564 4020; x_wconf 85' lang='lat' dir='ltr'><strong>est</strong></span> <span class='ocrx_word' id='word_1_332' title='bbox 582 3973 633 4020; x_wconf 81' lang='lat' dir='ltr'><strong>bed.</strong></span> <span class='ocrx_word' id='word_1_333' title='bbox 675 3970 765 4019; x_wconf 74' lang='lat' dir='ltr'><strong>stan</strong></span> <span class='ocrx_word' id='word_1_334' title='bbox 784 3971 898 4031; x_wconf 85' lang='lat' dir='ltr'><strong>(nihild.)</strong></span> <span class='ocrx_word' id='word_1_335' title='bbox 917 3970 1112 4033; x_wconf 75' lang='lat' dir='ltr'><strong>aliuddmgobcd.</strong></span> <span class='ocrx_word' id='word_1_336' title='bbox 1148 3969 1212 4020; x_wconf 89' lang='lat' dir='ltr'><strong>aliud</strong></span> <span class='ocrx_word' id='word_1_337' title='bbox 1230 3971 1323 4034; x_wconf 83' lang='lat' dir='ltr'><strong>reliqui.</strong></span> 
     </span>
    </p>
   </div>
   <div class='ocr_carea' id='block_1_5' title="bbox 105 4068 1392 4941">
    <p class='ocr_par' dir='ltr' id='par_1_5' title="bbox 105 4068 1392 4941">
     <span class='ocr_line' id='line_1_36' title="bbox 106 4068 1324 4134; baseline 0 -14"><span class='ocrx_word' id='word_1_338' title='bbox 106 4073 107 4081; x_wconf 75' lang='grc'>’</span> <span class='ocrx_word' id='word_1_339' title='bbox 183 4088 204 4120; x_wconf 76' lang='grc' dir='ltr'><strong>ο</strong></span> <span class='ocrx_word' id='word_1_340' title='bbox 231 4070 348 4119; x_wconf 84' lang='lat' dir='ltr'><strong>Rubentis</strong></span> <span class='ocrx_word' id='word_1_341' title='bbox 376 4071 447 4120; x_wconf 82' lang='lat' dir='ltr'><strong>Maris</strong></span> <span class='ocrx_word' id='word_1_342' title='bbox 474 4086 546 4132; x_wconf 88' lang='lat' dir='ltr'><strong>grana</strong></span> <span class='ocrx_word' id='word_1_343' title='bbox 574 4068 712 4133; x_wconf 87' lang='lat' dir='ltr'><strong>candentia]</strong></span> <span class='ocrx_word' id='word_1_344' title='bbox 764 4070 843 4130; x_wconf 66' lang='lat' dir='ltr'><strong>stt.</strong></span> <span class='ocrx_word' id='word_1_345' title='bbox 879 4070 982 4119; x_wconf 87' lang='lat' dir='ltr'><strong>Casauh.</strong></span> <span class='ocrx_word' id='word_1_346' title='bbox 1007 4069 1036 4118; x_wconf 85' lang='lat' dir='ltr'><strong>atl</strong></span> <span class='ocrx_word' id='word_1_347' title='bbox 1063 4070 1161 4134; x_wconf 85' lang='lat' dir='ltr'><strong>Scriptt.</strong></span> <span class='ocrx_word' id='word_1_348' title='bbox 1187 4069 1247 4119; x_wconf 80' lang='lat' dir='ltr'><strong>nist.</strong></span> <span class='ocrx_word' id='word_1_349' title='bbox 1264 4071 1324 4132; x_wconf 77' lang='lat' dir='ltr'><strong>hug.</strong></span> 
     </span>
     <span class='ocr_line' id='line_1_37' title="bbox 154 4133 1036 4201; baseline 0.003 -18"><span class='ocrx_word' id='word_1_350' title='bbox 154 4133 289 4200; x_wconf 82' lang='lat' dir='ltr'><strong>llargaritas</strong></span> <span class='ocrx_word' id='word_1_351' title='bbox 314 4139 385 4186; x_wconf 83' lang='lat' dir='ltr'><strong>ttaris</strong></span> <span class='ocrx_word' id='word_1_352' title='bbox 409 4139 532 4201; x_wconf 72' lang='lat' dir='ltr'><strong>Erythraei</strong></span> <span class='ocrx_word' id='word_1_353' title='bbox 557 4140 605 4187; x_wconf 85' lang='lat' dir='ltr'><strong>sire</strong></span> <span class='ocrx_word' id='word_1_354' title='bbox 630 4139 712 4196; x_wconf 84' lang='lat' dir='ltr'><strong>Rubri,</strong></span> <span class='ocrx_word' id='word_1_355' title='bbox 764 4137 867 4200; x_wconf 70' lang='lat' dir='ltr'><strong>pttt,</strong></span> <span class='ocrx_word' id='word_1_356' title='bbox 1031 4148 1036 4153; x_wconf 82' lang='grc'><em>·</em></span> 
     </span>
     <span class='ocr_line' id='line_1_38' title="bbox 158 4196 1324 4269; baseline -0.003 -16"><span class='ocrx_word' id='word_1_357' title='bbox 158 4214 176 4253; x_wconf 86' lang='lat' dir='ltr'><strong>tt</strong></span> <span class='ocrx_word' id='word_1_358' title='bbox 199 4205 307 4269; x_wconf 86' lang='lat' dir='ltr'><strong>appellat</strong></span> <span class='ocrx_word' id='word_1_359' title='bbox 330 4206 386 4254; x_wconf 79' lang='lat' dir='ltr'><strong>hdr.</strong></span> <span class='ocrx_word' id='word_1_360' title='bbox 406 4206 476 4254; x_wconf 86' lang='lat' dir='ltr'><strong>ldarc.</strong></span> <span class='ocrx_word' id='word_1_361' title='bbox 503 4207 521 4265; x_wconf 91' lang='lat' dir='ltr'><strong>l,</strong></span> <span class='ocrx_word' id='word_1_362' title='bbox 538 4205 614 4263; x_wconf 72' lang='lat' dir='ltr'><strong>ist,</strong></span> <span class='ocrx_word' id='word_1_363' title='bbox 640 4220 711 4269; x_wconf 73' lang='lat' dir='ltr'><strong>quem</strong></span> <span class='ocrx_word' id='word_1_364' title='bbox 798 4205 822 4254; x_wconf 90' lang='lat' dir='ltr'><strong>d.</strong></span> <span class='ocrx_word' id='word_1_365' title='bbox 841 4204 1015 4267; x_wconf 88' lang='lat' dir='ltr'><strong>operosissimo</strong></span> <span class='ocrx_word' id='word_1_366' title='bbox 1034 4204 1165 4252; x_wconf 86' lang='lat' dir='ltr'><strong>descrobes</strong></span> <span class='ocrx_word' id='word_1_367' title='bbox 1183 4196 1255 4266; x_wconf 89' lang='lat' dir='ltr'><strong>anro]</strong></span> <span class='ocrx_word' id='word_1_368' title='bbox 1280 4200 1324 4250; x_wconf 85' lang='lat' dir='ltr'><strong>lle·</strong></span> 
     </span>
     <span class='ocr_line' id='line_1_39' title="bbox 105 4269 1324 4333; baseline -0.002 -13"><span class='ocrx_word' id='word_1_369' title='bbox 105 4316 117 4331; x_wconf 68' lang='grc'><strong>,,</strong></span> <span class='ocrx_word' id='word_1_370' title='bbox 159 4270 229 4322; x_wconf 89' lang='lat' dir='ltr'><strong>locum</strong></span> <span class='ocrx_word' id='word_1_371' title='bbox 258 4272 290 4321; x_wconf 91' lang='lat' dir='ltr'><strong>cl.</strong></span> <span class='ocrx_word' id='word_1_372' title='bbox 308 4273 338 4320; x_wconf 89' lang='lat' dir='ltr'><strong>ad</strong></span> <span class='ocrx_word' id='word_1_373' title='bbox 358 4273 417 4322; x_wconf 89' lang='lat' dir='ltr'><strong>haec</strong></span> <span class='ocrx_word' id='word_1_374' title='bbox 434 4273 512 4322; x_wconf 80' lang='lat' dir='ltr'><strong>rerba.</strong></span> <span class='ocrx_word' id='word_1_375' title='bbox 555 4273 612 4322; x_wconf 85' lang='lat' dir='ltr'><strong>Eius</strong></span> <span class='ocrx_word' id='word_1_376' title='bbox 638 4273 711 4321; x_wconf 90' lang='lat' dir='ltr'><strong>maris</strong></span> <span class='ocrx_word' id='word_1_377' title='bbox 762 4275 871 4322; x_wconf 73' lang='lat' dir='ltr'><strong>corobore</strong></span> <span class='ocrx_word' id='word_1_378' title='bbox 889 4280 925 4319; x_wconf 91' lang='lat' dir='ltr'><strong>est</strong></span> <span class='ocrx_word' id='word_1_379' title='bbox 943 4279 1056 4333; x_wconf 87' lang='lat' dir='ltr'><strong>tanquam</strong></span> <span class='ocrx_word' id='word_1_380' title='bbox 1072 4270 1095 4318; x_wconf 87' lang='lat' dir='ltr'><strong>io</strong></span> <span class='ocrx_word' id='word_1_381' title='bbox 1107 4270 1194 4320; x_wconf 86' lang='lat' dir='ltr'><strong>scrobe</strong></span> <span class='ocrx_word' id='word_1_382' title='bbox 1207 4269 1324 4318; x_wconf 82' lang='lat' dir='ltr'><strong>inserere.</strong></span> 
     </span>
     <span class='ocr_line' id='line_1_40' title="bbox 109 4334 1323 4403; baseline -0.003 -15"><span class='ocrx_word' id='word_1_383' title='bbox 109 4355 117 4379; x_wconf 73' lang='lat' dir='ltr'><strong>t</strong></span> <span class='ocrx_word' id='word_1_384' title='bbox 159 4341 332 4401; x_wconf 75' lang='lat' dir='ltr'><strong>margaritarum</strong></span> <span class='ocrx_word' id='word_1_385' title='bbox 358 4341 429 4388; x_wconf 91' lang='lat' dir='ltr'><strong>etiam</strong></span> <span class='ocrx_word' id='word_1_386' title='bbox 454 4341 612 4403; x_wconf 73' lang='lat' dir='ltr'><strong>Hieronymus</strong></span> <span class='ocrx_word' id='word_1_387' title='bbox 636 4340 711 4402; x_wconf 84' lang='lat' dir='ltr'><strong>Epist.</strong></span> <span class='ocrx_word' id='word_1_388' title='bbox 764 4341 955 4402; x_wconf 81' lang='lat' dir='ltr'><strong>operosissimum</strong></span> <span class='ocrx_word' id='word_1_389' title='bbox 979 4339 1037 4385; x_wconf 90' lang='lat' dir='ltr'><strong>dicit</strong></span> <span class='ocrx_word' id='word_1_390' title='bbox 1060 4351 1144 4386; x_wconf 85' lang='lat' dir='ltr'><strong>aurum</strong></span> <span class='ocrx_word' id='word_1_391' title='bbox 1169 4336 1261 4385; x_wconf 87' lang='lat' dir='ltr'><strong>artilicii</strong></span> <span class='ocrx_word' id='word_1_392' title='bbox 1287 4334 1323 4384; x_wconf 87' lang='lat' dir='ltr'><strong>rel</strong></span> 
     </span>
     <span class='ocr_line' id='line_1_41' title="bbox 108 4400 1323 4470; baseline -0.002 -15"><span class='ocrx_word' id='word_1_393' title='bbox 108 4403 116 4455; x_wconf 84' lang='lat' dir='ltr'><strong>l</strong></span> <span class='ocrx_word' id='word_1_394' title='bbox 159 4407 179 4454; x_wconf 76' lang='lat' dir='ltr'><strong>at</strong></span> <span class='ocrx_word' id='word_1_395' title='bbox 197 4407 373 4456; x_wconf 82' lang='lat' dir='ltr'><strong>Demetriadem</strong></span> <span class='ocrx_word' id='word_1_396' title='bbox 393 4408 500 4455; x_wconf 89' lang='lat' dir='ltr'><strong>meminit</strong></span> <span class='ocrx_word' id='word_1_397' title='bbox 515 4407 626 4466; x_wconf 81' lang='lat' dir='ltr'><strong>(tomlv.</strong></span> <span class='ocrx_word' id='word_1_398' title='bbox 647 4407 710 4470; x_wconf 82' lang='lat' dir='ltr'><strong>Opp.</strong></span> <span class='ocrx_word' id='word_1_399' title='bbox 761 4408 820 4455; x_wconf 87' lang='lat' dir='ltr'><strong>artis</strong></span> <span class='ocrx_word' id='word_1_400' title='bbox 838 4405 1034 4469; x_wconf 85' lang='lat' dir='ltr'><strong>operosissimae.</strong></span> <span class='ocrx_word' id='word_1_401' title='bbox 1076 4404 1113 4453; x_wconf 86' lang='lat' dir='ltr'><strong>Cl.</strong></span> <span class='ocrx_word' id='word_1_402' title='bbox 1131 4403 1221 4453; x_wconf 87' lang='lat' dir='ltr'><strong>adnott.</strong></span> <span class='ocrx_word' id='word_1_403' title='bbox 1240 4403 1269 4452; x_wconf 90' lang='lat' dir='ltr'><strong>ad</strong></span> <span class='ocrx_word' id='word_1_404' title='bbox 1288 4400 1323 4452; x_wconf 84' lang='lat' dir='ltr'><strong>lt</strong></span> 
     </span>
     <span class='ocr_line' id='line_1_42' title="bbox 159 4472 895 4536; baseline -0.001 -15"><span class='ocrx_word' id='word_1_405' title='bbox 159 4474 186 4520; x_wconf 83' lang='lat' dir='ltr'><strong>ed.</strong></span> <span class='ocrx_word' id='word_1_406' title='bbox 204 4474 306 4532; x_wconf 69' lang='lat' dir='ltr'><strong>bened.)</strong></span> <span class='ocrx_word' id='word_1_407' title='bbox 323 4473 420 4536; x_wconf 72' lang='lat' dir='ltr'><strong>pets:</strong></span> <span class='ocrx_word' id='word_1_408' title='bbox 448 4476 495 4532; x_wconf 87' lang='lat' dir='ltr'><strong>„Ut</strong></span> <span class='ocrx_word' id='word_1_409' title='bbox 514 4482 604 4524; x_wconf 85' lang='lat' dir='ltr'><strong>taceam</strong></span> <span class='ocrx_word' id='word_1_410' title='bbox 623 4475 653 4523; x_wconf 86' lang='lat' dir='ltr'><strong>de</strong></span> <span class='ocrx_word' id='word_1_411' title='bbox 672 4476 709 4522; x_wconf 91' lang='lat' dir='ltr'><strong>in·</strong></span> <span class='ocrx_word' id='word_1_412' title='bbox 761 4474 824 4523; x_wconf 83' lang='lat' dir='ltr'><strong>Natt.</strong></span> <span class='ocrx_word' id='word_1_413' title='bbox 843 4472 895 4532; x_wconf 77' lang='lat' dir='ltr'><strong>tt.</strong></span> 
     </span>
     <span class='ocr_line' id='line_1_43' title="bbox 158 4531 1322 4605; baseline -0.001 -19"><span class='ocrx_word' id='word_1_414' title='bbox 158 4542 241 4591; x_wconf 88' lang='lat' dir='ltr'><strong>aurium</strong></span> <span class='ocrx_word' id='word_1_415' title='bbox 266 4541 361 4605; x_wconf 89' lang='lat' dir='ltr'><strong>pretiis,</strong></span> <span class='ocrx_word' id='word_1_416' title='bbox 387 4542 492 4590; x_wconf 87' lang='lat' dir='ltr'><strong>candore</strong></span> <span class='ocrx_word' id='word_1_417' title='bbox 518 4543 709 4602; x_wconf 83' lang='lat' dir='ltr'><strong>margaritarum,</strong></span> <span class='ocrx_word' id='word_1_418' title='bbox 795 4555 815 4588; x_wconf 90' lang='lat' dir='ltr'><strong>e.</strong></span> <span class='ocrx_word' id='word_1_419' title='bbox 835 4540 957 4603; x_wconf 85' lang='lat' dir='ltr'><strong>perlectae</strong></span> <span class='ocrx_word' id='word_1_420' title='bbox 981 4538 1111 4600; x_wconf 88' lang='lat' dir='ltr'><strong>lerruginis</strong></span> <span class='ocrx_word' id='word_1_421' title='bbox 1137 4531 1236 4602; x_wconf 79' lang='lat' dir='ltr'><strong>gladiis]</strong></span> <span class='ocrx_word' id='word_1_422' title='bbox 1265 4535 1322 4585; x_wconf 82' lang='lat' dir='ltr'><strong>Per·</strong></span> 
     </span>
     <span class='ocr_line' id='line_1_44' title="bbox 157 4602 1321 4670; baseline -0.003 -17"><span class='ocrx_word' id='word_1_423' title='bbox 157 4606 221 4657; x_wconf 77' lang='lat' dir='ltr'><strong>Rubri</strong></span> <span class='ocrx_word' id='word_1_424' title='bbox 241 4608 313 4656; x_wconf 86' lang='lat' dir='ltr'><strong>ilaris</strong></span> <span class='ocrx_word' id='word_1_425' title='bbox 332 4609 451 4670; x_wconf 82' lang='lat' dir='ltr'><strong>protunda</strong></span> <span class='ocrx_word' id='word_1_426' title='bbox 470 4611 617 4668; x_wconf 87' lang='lat' dir='ltr'><strong>testantium,</strong></span> <span class='ocrx_word' id='word_1_427' title='bbox 643 4623 710 4657; x_wconf 86' lang='lat' dir='ltr'><strong>sma-</strong></span> <span class='ocrx_word' id='word_1_428' title='bbox 761 4608 848 4656; x_wconf 86' lang='lat' dir='ltr'><strong>lectam</strong></span> <span class='ocrx_word' id='word_1_429' title='bbox 868 4606 1013 4667; x_wconf 83' lang='lat' dir='ltr'><strong>lerruginem</strong></span> <span class='ocrx_word' id='word_1_430' title='bbox 1037 4606 1094 4655; x_wconf 87' lang='lat' dir='ltr'><strong>dicit</strong></span> <span class='ocrx_word' id='word_1_431' title='bbox 1112 4605 1232 4669; x_wconf 85' lang='lat' dir='ltr'><strong>perlectae</strong></span> <span class='ocrx_word' id='word_1_432' title='bbox 1250 4602 1321 4651; x_wconf 89' lang='lat' dir='ltr'><strong>boni·</strong></span> 
     </span>
     <span class='ocr_line' id='line_1_45' title="bbox 156 4674 1392 4736; baseline -0.003 -15"><span class='ocrx_word' id='word_1_433' title='bbox 156 4676 277 4736; x_wconf 77' lang='lat' dir='ltr'><strong>ragdorum</strong></span> <span class='ocrx_word' id='word_1_434' title='bbox 297 4677 384 4735; x_wconf 83' lang='lat' dir='ltr'><strong>tinore,</strong></span> <span class='ocrx_word' id='word_1_435' title='bbox 409 4678 577 4725; x_wconf 86' lang='lat' dir='ltr'><strong>cerauniorum</strong></span> <span class='ocrx_word' id='word_1_436' title='bbox 596 4677 709 4735; x_wconf 85' lang='lat' dir='ltr'><strong>dammis,</strong></span> <span class='ocrx_word' id='word_1_437' title='bbox 761 4674 816 4723; x_wconf 89' lang='lat' dir='ltr'><strong>tatis</strong></span> <span class='ocrx_word' id='word_1_438' title='bbox 834 4675 938 4731; x_wconf 84' lang='lat' dir='ltr'><strong>lartum,</strong></span> <span class='ocrx_word' id='word_1_439' title='bbox 960 4674 1028 4722; x_wconf 85' lang='lat' dir='ltr'><strong>euius</strong></span> <span class='ocrx_word' id='word_1_440' title='bbox 1047 4681 1083 4722; x_wconf 88' lang='lat' dir='ltr'><strong>est</strong></span> <span class='ocrx_word' id='word_1_441' title='bbox 1101 4674 1165 4722; x_wconf 88' lang='lat' dir='ltr'><strong>acies</strong></span> <span class='ocrx_word' id='word_1_442' title='bbox 1183 4684 1258 4728; x_wconf 86' lang='lat' dir='ltr'><strong>mera,</strong></span> <span class='ocrx_word' id='word_1_443' title='bbox 1278 4683 1323 4718; x_wconf 87' lang='lat' dir='ltr'><strong>nec</strong></span> <span class='ocrx_word' id='word_1_444' title='bbox 1384 4715 1392 4726; x_wconf 72' lang='grc'>,</span> 
     </span>
     <span class='ocr_line' id='line_1_46' title="bbox 154 4738 1324 4807; baseline -0.005 -19"><span class='ocrx_word' id='word_1_445' title='bbox 154 4739 331 4804; x_wconf 71' lang='lat' dir='ltr'><strong>hyacinthorum</strong></span> <span class='ocrx_word' id='word_1_446' title='bbox 351 4742 446 4805; x_wconf 90' lang='lat' dir='ltr'><strong>pelago,</strong></span> <span class='ocrx_word' id='word_1_447' title='bbox 465 4743 494 4792; x_wconf 89' lang='lat' dir='ltr'><strong>ud</strong></span> <span class='ocrx_word' id='word_1_448' title='bbox 513 4744 669 4807; x_wconf 85' lang='lat' dir='ltr'><strong>quaeardent</strong></span> <span class='ocrx_word' id='word_1_449' title='bbox 687 4750 711 4792; x_wconf 86' lang='lat' dir='ltr'><strong>et</strong></span> <span class='ocrx_word' id='word_1_450' title='bbox 759 4741 840 4790; x_wconf 90' lang='lat' dir='ltr'><strong>solum</strong></span> <span class='ocrx_word' id='word_1_451' title='bbox 859 4741 954 4801; x_wconf 83' lang='lat' dir='ltr'><strong>ingenio</strong></span> <span class='ocrx_word' id='word_1_452' title='bbox 973 4748 1107 4803; x_wconf 83' lang='lat' dir='ltr'><strong>praestans,</strong></span> <span class='ocrx_word' id='word_1_453' title='bbox 1125 4740 1168 4789; x_wconf 88' lang='lat' dir='ltr'><strong>sed</strong></span> <span class='ocrx_word' id='word_1_454' title='bbox 1182 4745 1205 4787; x_wconf 84' lang='lat' dir='ltr'><strong>et</strong></span> <span class='ocrx_word' id='word_1_455' title='bbox 1221 4738 1324 4802; x_wconf 74' lang='lat' dir='ltr'><strong>lactura,</strong></span> 
     </span>
     <span class='ocr_line' id='line_1_47' title="bbox 153 4803 1322 4870; baseline -0.006 -14"><span class='ocrx_word' id='word_1_456' title='bbox 153 4810 269 4859; x_wconf 83' lang='lat' dir='ltr'><strong>insaniunt</strong></span> <span class='ocrx_word' id='word_1_457' title='bbox 287 4811 366 4859; x_wconf 87' lang='lat' dir='ltr'><strong>studia</strong></span> <span class='ocrx_word' id='word_1_458' title='bbox 381 4810 570 4860; x_wconf 72' lang='lat' dir='ltr'><strong>matronarum*¹</strong></span> <span class='ocrx_word' id='word_1_459' title='bbox 596 4810 632 4859; x_wconf 86' lang='lat' dir='ltr'><strong>ct.</strong></span> <span class='ocrx_word' id='word_1_460' title='bbox 647 4810 709 4859; x_wconf 85' lang='lat' dir='ltr'><strong>blar-</strong></span> <span class='ocrx_word' id='word_1_461' title='bbox 760 4809 803 4858; x_wconf 88' lang='lat' dir='ltr'><strong>sed</strong></span> <span class='ocrx_word' id='word_1_462' title='bbox 823 4817 846 4857; x_wconf 92' lang='lat' dir='ltr'><strong>et</strong></span> <span class='ocrx_word' id='word_1_463' title='bbox 857 4821 933 4870; x_wconf 88' lang='lat' dir='ltr'><strong>aquae</strong></span> <span class='ocrx_word' id='word_1_464' title='bbox 947 4807 1080 4868; x_wconf 87' lang='lat' dir='ltr'><strong>nobilitata,</strong></span> <span class='ocrx_word' id='word_1_465' title='bbox 1100 4808 1137 4859; x_wconf 90' lang='lat' dir='ltr'><strong>cui</strong></span> <span class='ocrx_word' id='word_1_466' title='bbox 1149 4803 1251 4856; x_wconf 79' lang='lat' dir='ltr'><strong>subinde</strong></span> <span class='ocrx_word' id='word_1_467' title='bbox 1264 4814 1322 4851; x_wconf 86' lang='lat' dir='ltr'><strong>cen-</strong></span> 
     </span>
     <span class='ocr_line' id='line_1_48' title="bbox 152 4873 1193 4941; baseline -0.002 -16"><span class='ocrx_word' id='word_1_468' title='bbox 152 4877 195 4927; x_wconf 85' lang='lat' dir='ltr'><strong>tial.</strong></span> <span class='ocrx_word' id='word_1_469' title='bbox 213 4878 296 4941; x_wconf 86' lang='lat' dir='ltr'><strong>Epigr.</strong></span> <span class='ocrx_word' id='word_1_470' title='bbox 316 4876 395 4939; x_wconf 85' lang='lat' dir='ltr'><strong>x,16.</strong></span> <span class='ocrx_word' id='word_1_471' title='bbox 414 4877 491 4939; x_wconf 59' lang='grc' dir='ltr'><strong>ΗΘ.</strong></span> <span class='ocrx_word' id='word_1_472' title='bbox 519 4879 579 4927; x_wconf 86' lang='lat' dir='ltr'><strong>Stat.</strong></span> <span class='ocrx_word' id='word_1_473' title='bbox 597 4877 654 4926; x_wconf 81' lang='lat' dir='ltr'><strong>sttv.</strong></span> <span class='ocrx_word' id='word_1_474' title='bbox 672 4877 709 4937; x_wconf 75' lang='lat' dir='ltr'><strong>ll,</strong></span> <span class='ocrx_word' id='word_1_475' title='bbox 761 4877 821 4926; x_wconf 90' lang='lat' dir='ltr'><strong>dens</strong></span> <span class='ocrx_word' id='word_1_476' title='bbox 840 4875 997 4937; x_wconf 86' lang='lat' dir='ltr'><strong>immergitur.</strong></span> <span class='ocrx_word' id='word_1_477' title='bbox 1013 4873 1121 4939; x_wconf 81' lang='lat' dir='ltr'><strong>(Rigalt.)</strong></span> <span class='ocrx_word' id='word_1_478' title='bbox 1187 4906 1193 4915; x_wconf 86' lang='lat'>-</span> 
     </span>
    </p>
   </div>
   <div class='ocr_carea' id='block_1_6' title="bbox 0 0 1626 5775">
    <p class='ocr_par' dir='ltr' id='par_1_6' title="bbox 0 0 1626 5775">
     <span class='ocr_line' id='line_1_49' title="bbox 0 0 1626 5775; baseline 0 0"><span class='ocrx_word' id='word_1_479' title='bbox 0 0 1626 5775; x_wconf 95' lang='lat' dir='ltr'><strong> </strong></span> 
     </span>
    </p>
   </div>
  </div>
 </body>
</html>
