<?xml version="1.0" encoding="UTF-8"?>
<!DOCTYPE html PUBLIC "-//W3C//DTD XHTML 1.0 Transitional//EN"
    "http://www.w3.org/TR/xhtml1/DTD/xhtml1-transitional.dtd">
<html xmlns="http://www.w3.org/1999/xhtml" xml:lang="en" lang="en">
 <head>
  <title>
</title>
<meta http-equiv="Content-Type" content="text/html;charset=utf-8" />
  <meta name='ocr-system' content='tesseract 3.04.00' />
  <meta name='ocr-capabilities' content='ocr_page ocr_carea ocr_par ocr_line ocrx_word'/>
</head>
<body>
  <div class='ocr_page' id='page_1' title='image "./quaesupersuntom00oehlgoog_0708.png"; bbox 0 0 3242 5775; ppageno 0'>
   <div class='ocr_carea' id='block_1_1' title="bbox 303 611 1208 706">
    <p class='ocr_par' dir='ltr' id='par_1_1' title="bbox 303 611 1208 706">
     <span class='ocr_line' id='line_1_1' title="bbox 303 611 1208 706; baseline -0.012 -14"><span class='ocrx_word' id='word_1_1' title='bbox 303 611 378 692; x_wconf 74' lang='grc' dir='ltr'><strong>Ι686</strong></span> <span class='ocrx_word' id='word_1_2' title='bbox 558 640 660 694; x_wconf 84' lang='lat' dir='ltr'><strong>oomrv</strong></span> <span class='ocrx_word' id='word_1_3' title='bbox 681 640 811 706; x_wconf 73' lang='lat' dir='ltr'><strong>suerrum</strong></span> <span class='ocrx_word' id='word_1_4' title='bbox 831 633 995 688; x_wconf 80' lang='lat' dir='ltr'><strong>ruonnurrs</strong></span> <span class='ocrx_word' id='word_1_5' title='bbox 1016 638 1208 682; x_wconf 84' lang='lat' dir='ltr'><strong>ranrmuuur</strong></span> 
     </span>
    </p>
   </div>
   <div class='ocr_carea' id='block_1_2' title="bbox 155 786 1473 3605">
    <p class='ocr_par' dir='ltr' id='par_1_2' title="bbox 155 786 1473 1074">
     <span class='ocr_line' id='line_1_2' title="bbox 155 786 1473 870; baseline 0.003 -24"><span class='ocrx_word' id='word_1_6' title='bbox 155 806 296 860; x_wconf 70' lang='lat' dir='ltr'><strong>,rernm</strong></span> <span class='ocrx_word' id='word_1_7' title='bbox 316 794 414 869; x_wconf 80' lang='lat' dir='ltr'><strong>dicere</strong></span> <span class='ocrx_word' id='word_1_8' title='bbox 435 808 603 855; x_wconf 87' lang='lat' dir='ltr'><strong>sermonem</strong></span> <span class='ocrx_word' id='word_1_9' title='bbox 624 808 710 869; x_wconf 87' lang='lat' dir='ltr'><strong>quem</strong></span> <span class='ocrx_word' id='word_1_10' title='bbox 731 807 786 868; x_wconf 91' lang='lat' dir='ltr'><strong>ego</strong></span> <span class='ocrx_word' id='word_1_11' title='bbox 806 787 923 868; x_wconf 88' lang='lat' dir='ltr'><strong>loquor.</strong></span> <span class='ocrx_word' id='word_1_12' title='bbox 965 788 1048 852; x_wconf 90' lang='lat' dir='ltr'><strong>Sicut</strong></span> <span class='ocrx_word' id='word_1_13' title='bbox 1067 789 1139 852; x_wconf 90' lang='lat' dir='ltr'><strong>mihi</strong></span> <span class='ocrx_word' id='word_1_14' title='bbox 1161 797 1244 870; x_wconf 86' lang='lat' dir='ltr'><strong>pater</strong></span> <span class='ocrx_word' id='word_1_15' title='bbox 1265 787 1353 860; x_wconf 83' lang='lat' dir='ltr'>dixit,</span> <span class='ocrx_word' id='word_1_16' title='bbox 1380 786 1421 849; x_wconf 89' lang='lat' dir='ltr'><strong>ita</strong></span> <span class='ocrx_word' id='word_1_17' title='bbox 1444 797 1473 850; x_wconf 91' lang='lat' dir='ltr'><strong>et</strong></span> 
     </span>
     <span class='ocr_line' id='line_1_3' title="bbox 312 889 1470 973; baseline -0.005 -18"><span class='ocrx_word' id='word_1_18' title='bbox 312 894 428 973; x_wconf 88' lang='lat' dir='ltr'><strong>loquor.</strong></span> <span class='ocrx_word' id='word_1_19' title='bbox 460 892 539 954; x_wconf 88' lang='lat' dir='ltr'><strong>Haec</strong></span> <span class='ocrx_word' id='word_1_20' title='bbox 558 892 706 971; x_wconf 85' lang='lat' dir='ltr'><strong>quomodo</strong></span> <span class='ocrx_word' id='word_1_21' title='bbox 729 890 805 954; x_wconf 88' lang='lat' dir='ltr'><strong>dicta</strong></span> <span class='ocrx_word' id='word_1_22' title='bbox 827 890 900 960; x_wconf 82' lang='lat' dir='ltr'><strong>sint,</strong></span> <span class='ocrx_word' id='word_1_23' title='bbox 923 890 1135 969; x_wconf 80' lang='lat' dir='ltr'>evangelizator</span> <span class='ocrx_word' id='word_1_24' title='bbox 1150 899 1179 952; x_wconf 89' lang='lat' dir='ltr'><strong>et</strong></span> <span class='ocrx_word' id='word_1_25' title='bbox 1193 889 1294 970; x_wconf 90' lang='lat' dir='ltr'><strong>utique</strong></span> <span class='ocrx_word' id='word_1_26' title='bbox 1310 898 1369 950; x_wconf 90' lang='lat' dir='ltr'><strong>tam</strong></span> <span class='ocrx_word' id='word_1_27' title='bbox 1384 906 1470 950; x_wconf 87' lang='lat' dir='ltr'><strong>carus</strong></span> 
     </span>
     <span class='ocr_line' id='line_1_4' title="bbox 314 990 1471 1074; baseline -0.005 -16"><span class='ocrx_word' id='word_1_28' title='bbox 314 994 475 1074; x_wconf 71' lang='lat' dir='ltr'><strong>discipulus</strong></span> <span class='ocrx_word' id='word_1_29' title='bbox 496 993 621 1055; x_wconf 88' lang='lat' dir='ltr'><strong>loannes</strong></span> <span class='ocrx_word' id='word_1_30' title='bbox 643 992 734 1071; x_wconf 91' lang='lat' dir='ltr'><strong>magis</strong></span> <span class='ocrx_word' id='word_1_31' title='bbox 756 1010 842 1073; x_wconf 89' lang='lat' dir='ltr'><strong>quam</strong></span> <span class='ocrx_word' id='word_1_32' title='bbox 864 991 989 1053; x_wconf 74' lang='lat' dir='ltr'><strong>Praxeas</strong></span> <span class='ocrx_word' id='word_1_33' title='bbox 1010 990 1176 1063; x_wconf 82' lang='lat' dir='ltr'><strong>”noserat‚</strong></span> <span class='ocrx_word' id='word_1_34' title='bbox 1199 991 1325 1070; x_wconf 88' lang='lat' dir='ltr'><strong>ideoque</strong></span> <span class='ocrx_word' id='word_1_35' title='bbox 1347 990 1411 1070; x_wconf 87' lang='lat' dir='ltr'><strong>ipse</strong></span> <span class='ocrx_word' id='word_1_36' title='bbox 1434 990 1471 1052; x_wconf 87' lang='lat' dir='ltr'><strong>do</strong></span> 
     </span>
    </p>

    <p class='ocr_par' dir='ltr' id='par_1_3' title="bbox 163 1092 1471 1383">
     <span class='ocr_line' id='line_1_5' title="bbox 163 1092 1471 1173; baseline -0.001 -19"><span class='ocrx_word' id='word_1_37' title='bbox 163 1108 371 1169; x_wconf 59' lang='lat' dir='ltr'><strong>reimundo</strong></span> <span class='ocrx_word' id='word_1_38' title='bbox 394 1113 501 1168; x_wconf 87' lang='lat' dir='ltr'><strong>sensu,</strong></span> <span class='ocrx_word' id='word_1_39' title='bbox 522 1096 595 1156; x_wconf 86' lang='lat' dir='ltr'><strong>llute</strong></span> <span class='ocrx_word' id='word_1_40' title='bbox 616 1102 714 1155; x_wconf 90' lang='lat' dir='ltr'><strong>autem</strong></span> <span class='ocrx_word' id='word_1_41' title='bbox 735 1092 960 1155; x_wconf 74' lang='lat' dir='ltr'><strong>sollemnitatem</strong></span> <span class='ocrx_word' id='word_1_42' title='bbox 981 1093 1122 1172; x_wconf 80' lang='lat' dir='ltr'>paschae,</span> <span class='ocrx_word' id='word_1_43' title='bbox 1145 1092 1253 1173; x_wconf 83' lang='lat' dir='ltr'><strong>inquit,</strong></span> <span class='ocrx_word' id='word_1_44' title='bbox 1275 1092 1372 1154; x_wconf 88' lang='lat' dir='ltr'><strong>sciens</strong></span> <span class='ocrx_word' id='word_1_45' title='bbox 1390 1092 1471 1153; x_wconf 87' lang='lat' dir='ltr'><strong>lesus</strong></span> 
     </span>
     <span class='ocr_line' id='line_1_6' title="bbox 313 1192 1470 1274; baseline -0.003 -14"><span class='ocrx_word' id='word_1_46' title='bbox 313 1196 411 1260; x_wconf 87' lang='lat' dir='ltr'><strong>omnia</strong></span> <span class='ocrx_word' id='word_1_47' title='bbox 431 1195 487 1258; x_wconf 88' lang='lat' dir='ltr'><strong>sibi</strong></span> <span class='ocrx_word' id='word_1_48' title='bbox 509 1194 613 1257; x_wconf 87' lang='lat' dir='ltr'><strong>tradita</strong></span> <span class='ocrx_word' id='word_1_49' title='bbox 633 1215 650 1256; x_wconf 91' lang='lat' dir='ltr'><strong>a</strong></span> <span class='ocrx_word' id='word_1_50' title='bbox 671 1204 753 1274; x_wconf 88' lang='lat' dir='ltr'><strong>patre</strong></span> <span class='ocrx_word' id='word_1_51' title='bbox 775 1213 860 1268; x_wconf 84' lang='lat' dir='ltr'><strong>esse,</strong></span> <span class='ocrx_word' id='word_1_52' title='bbox 883 1202 912 1256; x_wconf 89' lang='lat' dir='ltr'><strong>et</strong></span> <span class='ocrx_word' id='word_1_53' title='bbox 933 1212 967 1256; x_wconf 88' lang='lat' dir='ltr'><strong>se</strong></span> <span class='ocrx_word' id='word_1_54' title='bbox 988 1213 1025 1256; x_wconf 85' lang='lat' dir='ltr'><strong>cx</strong></span> <span class='ocrx_word' id='word_1_55' title='bbox 1045 1194 1100 1257; x_wconf 94' lang='lat' dir='ltr'><strong>deo</strong></span> <span class='ocrx_word' id='word_1_56' title='bbox 1122 1192 1237 1269; x_wconf 75' lang='lat' dir='ltr'><strong>”esse,</strong></span> <span class='ocrx_word' id='word_1_57' title='bbox 1258 1193 1317 1255; x_wconf 78' lang='lat' dir='ltr'><strong>²⁴et</strong></span> <span class='ocrx_word' id='word_1_58' title='bbox 1330 1195 1368 1255; x_wconf 87' lang='lat' dir='ltr'><strong>ad</strong></span> <span class='ocrx_word' id='word_1_59' title='bbox 1382 1193 1470 1256; x_wconf 88' lang='lat' dir='ltr'><strong>deum</strong></span> 
     </span>
     <span class='ocr_line' id='line_1_7' title="bbox 312 1295 1471 1383; baseline -0.006 -21"><span class='ocrx_word' id='word_1_60' title='bbox 312 1298 428 1362; x_wconf 78' lang='lat' dir='ltr'><strong>vadere.</strong></span> <span class='ocrx_word' id='word_1_61' title='bbox 471 1296 534 1383; x_wconf 90' lang='lat' dir='ltr'><strong>Sed</strong></span> <span class='ocrx_word' id='word_1_62' title='bbox 550 1296 676 1358; x_wconf 77' lang='lat' dir='ltr'><strong>Praxeas</strong></span> <span class='ocrx_word' id='word_1_63' title='bbox 699 1296 794 1374; x_wconf 86' lang='lat' dir='ltr'><strong>ipsum</strong></span> <span class='ocrx_word' id='word_1_64' title='bbox 817 1295 877 1357; x_wconf 88' lang='lat' dir='ltr'><strong>vult</strong></span> <span class='ocrx_word' id='word_1_65' title='bbox 897 1302 1010 1374; x_wconf 86' lang='lat' dir='ltr'><strong>patrem</strong></span> <span class='ocrx_word' id='word_1_66' title='bbox 1039 1295 1076 1357; x_wconf 90' lang='lat' dir='ltr'><strong>de</strong></span> <span class='ocrx_word' id='word_1_67' title='bbox 1104 1296 1263 1374; x_wconf 83' lang='lat' dir='ltr'><strong>semetipso</strong></span> <span class='ocrx_word' id='word_1_68' title='bbox 1294 1295 1409 1369; x_wconf 85' lang='lat' dir='ltr'><strong>exisse,</strong></span> <span class='ocrx_word' id='word_1_69' title='bbox 1443 1303 1471 1356; x_wconf 88' lang='lat' dir='ltr'><strong>et</strong></span> 
     </span>
    </p>

    <p class='ocr_par' dir='ltr' id='par_1_4' title="bbox 252 1389 1470 1478">
     <span class='ocr_line' id='line_1_8' title="bbox 252 1389 1470 1478; baseline -0.006 -15"><span class='ocrx_word' id='word_1_70' title='bbox 252 1389 256 1396; x_wconf 50' lang='lat'><strong>¹</strong></span> <span class='ocrx_word' id='word_1_71' title='bbox 313 1400 349 1463; x_wconf 86' lang='lat' dir='ltr'><strong>ad</strong></span> <span class='ocrx_word' id='word_1_72' title='bbox 371 1398 562 1478; x_wconf 82' lang='lat' dir='ltr'><strong>semetipsum</strong></span> <span class='ocrx_word' id='word_1_73' title='bbox 583 1397 698 1470; x_wconf 88' lang='lat' dir='ltr'><strong>abisse,</strong></span> <span class='ocrx_word' id='word_1_74' title='bbox 735 1407 767 1459; x_wconf 87' lang='lat' dir='ltr'><strong>ut</strong></span> <span class='ocrx_word' id='word_1_75' title='bbox 787 1396 921 1460; x_wconf 83' lang='lat' dir='ltr'><strong>diabolus</strong></span> <span class='ocrx_word' id='word_1_76' title='bbox 943 1396 974 1459; x_wconf 93' lang='lat' dir='ltr'><strong>iu</strong></span> <span class='ocrx_word' id='word_1_77' title='bbox 996 1415 1048 1458; x_wconf 91' lang='lat' dir='ltr'><strong>cor</strong></span> <span class='ocrx_word' id='word_1_78' title='bbox 1068 1396 1157 1459; x_wconf 92' lang='lat' dir='ltr'><strong>Iudae</strong></span> <span class='ocrx_word' id='word_1_79' title='bbox 1179 1414 1238 1457; x_wconf 91' lang='lat' dir='ltr'><strong>non</strong></span> <span class='ocrx_word' id='word_1_80' title='bbox 1260 1397 1311 1457; x_wconf 87' lang='lat' dir='ltr'><strong>lilii</strong></span> <span class='ocrx_word' id='word_1_81' title='bbox 1334 1396 1470 1457; x_wconf 91' lang='lat' dir='ltr'><strong>traditio·</strong></span> 
     </span>
    </p>

    <p class='ocr_par' dir='ltr' id='par_1_5' title="bbox 313 1497 1470 1580">
     <span class='ocr_line' id='line_1_9' title="bbox 313 1497 1470 1580; baseline -0.004 -17"><span class='ocrx_word' id='word_1_82' title='bbox 313 1518 399 1573; x_wconf 86' lang='lat' dir='ltr'><strong>nem,</strong></span> <span class='ocrx_word' id='word_1_83' title='bbox 420 1499 472 1560; x_wconf 89' lang='lat' dir='ltr'><strong>sed</strong></span> <span class='ocrx_word' id='word_1_84' title='bbox 494 1499 590 1579; x_wconf 86' lang='lat' dir='ltr'><strong>patris</strong></span> <span class='ocrx_word' id='word_1_85' title='bbox 605 1498 701 1580; x_wconf 85' lang='lat' dir='ltr'><strong>ipsius</strong></span> <span class='ocrx_word' id='word_1_86' title='bbox 722 1497 881 1560; x_wconf 87' lang='lat' dir='ltr'><strong>inmiserit.</strong></span> <span class='ocrx_word' id='word_1_87' title='bbox 914 1497 974 1560; x_wconf 87' lang='lat' dir='ltr'><strong>Nec</strong></span> <span class='ocrx_word' id='word_1_88' title='bbox 988 1497 1104 1560; x_wconf 82' lang='lat' dir='ltr'><strong>diaholo</strong></span> <span class='ocrx_word' id='word_1_89' title='bbox 1120 1497 1212 1570; x_wconf 86' lang='lat' dir='ltr'><strong>benc,</strong></span> <span class='ocrx_word' id='word_1_90' title='bbox 1234 1516 1289 1558; x_wconf 91' lang='lat' dir='ltr'><strong>nec</strong></span> <span class='ocrx_word' id='word_1_91' title='bbox 1310 1497 1470 1571; x_wconf 88' lang='lat' dir='ltr'><strong>haeretico,</strong></span> 
     </span>
    </p>

    <p class='ocr_par' dir='ltr' id='par_1_6' title="bbox 314 1597 1470 1685">
     <span class='ocr_line' id='line_1_10' title="bbox 314 1597 1470 1685; baseline -0.003 -21"><span class='ocrx_word' id='word_1_92' title='bbox 314 1601 381 1682; x_wconf 83' lang='lat' dir='ltr'><strong>quia</strong></span> <span class='ocrx_word' id='word_1_93' title='bbox 402 1618 457 1662; x_wconf 88' lang='lat' dir='ltr'><strong>nec</strong></span> <span class='ocrx_word' id='word_1_94' title='bbox 477 1599 507 1661; x_wconf 85' lang='lat' dir='ltr'><strong>in</strong></span> <span class='ocrx_word' id='word_1_95' title='bbox 529 1599 589 1662; x_wconf 81' lang='lat' dir='ltr'><strong>filio</strong></span> <span class='ocrx_word' id='word_1_96' title='bbox 611 1599 692 1660; x_wconf 90' lang='lat' dir='ltr'><strong>hono</strong></span> <span class='ocrx_word' id='word_1_97' title='bbox 715 1617 770 1661; x_wconf 88' lang='lat' dir='ltr'><strong>suo</strong></span> <span class='ocrx_word' id='word_1_98' title='bbox 786 1597 920 1661; x_wconf 83' lang='lat' dir='ltr'><strong>diabolus</strong></span> <span class='ocrx_word' id='word_1_99' title='bbox 936 1607 1074 1685; x_wconf 82' lang='lat' dir='ltr'><strong>operatus</strong></span> <span class='ocrx_word' id='word_1_100' title='bbox 1089 1607 1136 1660; x_wconf 90' lang='lat' dir='ltr'><strong>est</strong></span> <span class='ocrx_word' id='word_1_101' title='bbox 1150 1598 1345 1660; x_wconf 78' lang='lat' dir='ltr'><strong>traditionem.</strong></span> <span class='ocrx_word' id='word_1_102' title='bbox 1374 1599 1470 1672; x_wconf 77' lang='lat' dir='ltr'><strong>¹Filius</strong></span> 
     </span>
    </p>

    <p class='ocr_par' dir='ltr' id='par_1_7' title="bbox 314 1687 1471 1780">
     <span class='ocr_line' id='line_1_11' title="bbox 314 1687 1471 1780; baseline -0.003 -16"><span class='ocrx_word' id='word_1_103' title='bbox 314 1701 392 1764; x_wconf 89' lang='lat' dir='ltr'><strong>enim</strong></span> <span class='ocrx_word' id='word_1_104' title='bbox 422 1687 546 1762; x_wconf 77' lang='lat' dir='ltr'><strong>traditus</strong></span> <span class='ocrx_word' id='word_1_105' title='bbox 574 1707 620 1762; x_wconf 89' lang='lat' dir='ltr'><strong>est</strong></span> <span class='ocrx_word' id='word_1_106' title='bbox 647 1700 709 1773; x_wconf 89' lang='lat' dir='ltr'><strong>dei,</strong></span> <span class='ocrx_word' id='word_1_107' title='bbox 742 1699 791 1780; x_wconf 91' lang='lat' dir='ltr'><strong>qui</strong></span> <span class='ocrx_word' id='word_1_108' title='bbox 820 1709 883 1760; x_wconf 86' lang='lat' dir='ltr'><strong>erat</strong></span> <span class='ocrx_word' id='word_1_109' title='bbox 909 1699 940 1760; x_wconf 94' lang='lat' dir='ltr'><strong>in</strong></span> <span class='ocrx_word' id='word_1_110' title='bbox 967 1699 1027 1760; x_wconf 87' lang='lat' dir='ltr'><strong>lilio</strong></span> <span class='ocrx_word' id='word_1_111' title='bbox 1050 1700 1196 1771; x_wconf 87' lang='lat' dir='ltr'><strong>hominis,</strong></span> <span class='ocrx_word' id='word_1_112' title='bbox 1227 1700 1303 1762; x_wconf 90' lang='lat' dir='ltr'><strong>sicut</strong></span> <span class='ocrx_word' id='word_1_113' title='bbox 1324 1700 1471 1780; x_wconf 79' lang='lat' dir='ltr'><strong>scripture</strong></span> 
     </span>
    </p>

    <p class='ocr_par' dir='ltr' id='par_1_8' title="bbox 176 1793 1471 1881">
     <span class='ocr_line' id='line_1_12' title="bbox 176 1793 1471 1881; baseline -0.001 -18"><span class='ocrx_word' id='word_1_114' title='bbox 176 1818 303 1872; x_wconf 67' lang='lat' dir='ltr'><strong>tumtun.</strong></span> <span class='ocrx_word' id='word_1_115' title='bbox 313 1801 476 1881; x_wconf 87' lang='lat' dir='ltr'><strong>subiungit:</strong></span> <span class='ocrx_word' id='word_1_116' title='bbox 498 1801 583 1862; x_wconf 90' lang='lat' dir='ltr'><strong>Nune</strong></span> <span class='ocrx_word' id='word_1_117' title='bbox 602 1800 779 1880; x_wconf 84' lang='lat' dir='ltr'><strong>glorificatus</strong></span> <span class='ocrx_word' id='word_1_118' title='bbox 800 1808 849 1861; x_wconf 89' lang='lat' dir='ltr'><strong>est</strong></span> <span class='ocrx_word' id='word_1_119' title='bbox 867 1800 944 1862; x_wconf 87' lang='lat' dir='ltr'><strong>lilius</strong></span> <span class='ocrx_word' id='word_1_120' title='bbox 964 1800 1109 1874; x_wconf 84' lang='lat' dir='ltr'><strong>hominis,</strong></span> <span class='ocrx_word' id='word_1_121' title='bbox 1131 1800 1189 1862; x_wconf 72' lang='lat' dir='ltr'><strong>²⁵et</strong></span> <span class='ocrx_word' id='word_1_122' title='bbox 1202 1801 1276 1863; x_wconf 88' lang='lat' dir='ltr'><strong>deus</strong></span> <span class='ocrx_word' id='word_1_123' title='bbox 1292 1793 1471 1879; x_wconf 81' lang='lat' dir='ltr'><strong>glorificatus</strong></span> 
     </span>
    </p>

    <p class='ocr_par' dir='ltr' id='par_1_9' title="bbox 228 1900 1471 1982">
     <span class='ocr_line' id='line_1_13' title="bbox 228 1900 1471 1982; baseline -0.003 -15"><span class='ocrx_word' id='word_1_124' title='bbox 228 1976 232 1982; x_wconf 47' lang='grc'>,</span> <span class='ocrx_word' id='word_1_125' title='bbox 314 1913 359 1966; x_wconf 85' lang='lat' dir='ltr'><strong>est</strong></span> <span class='ocrx_word' id='word_1_126' title='bbox 379 1903 410 1965; x_wconf 92' lang='lat' dir='ltr'><strong>iu</strong></span> <span class='ocrx_word' id='word_1_127' title='bbox 431 1902 491 1964; x_wconf 93' lang='lat' dir='ltr'><strong>illo.</strong></span> <span class='ocrx_word' id='word_1_128' title='bbox 536 1902 610 1974; x_wconf 79' lang='lat' dir='ltr'><strong>Quis</strong></span> <span class='ocrx_word' id='word_1_129' title='bbox 632 1900 729 1964; x_wconf 82' lang='lat' dir='ltr'><strong>deus?</strong></span> <span class='ocrx_word' id='word_1_130' title='bbox 765 1900 868 1982; x_wconf 86' lang='lat' dir='ltr'><strong>Utique</strong></span> <span class='ocrx_word' id='word_1_131' title='bbox 891 1911 1070 1980; x_wconf 85' lang='lat' dir='ltr'><strong>conpater,</strong></span> <span class='ocrx_word' id='word_1_132' title='bbox 1093 1903 1145 1963; x_wconf 91' lang='lat' dir='ltr'><strong>sed</strong></span> <span class='ocrx_word' id='word_1_133' title='bbox 1168 1920 1265 1963; x_wconf 91' lang='lat' dir='ltr'><strong>sermo</strong></span> <span class='ocrx_word' id='word_1_134' title='bbox 1288 1902 1396 1982; x_wconf 81' lang='lat' dir='ltr'><strong>patris,</strong></span> <span class='ocrx_word' id='word_1_135' title='bbox 1421 1901 1471 1982; x_wconf 89' lang='lat' dir='ltr'><strong>qui</strong></span> 
     </span>
    </p>

    <p class='ocr_par' dir='ltr' id='par_1_10' title="bbox 314 2002 1470 2090">
     <span class='ocr_line' id='line_1_14' title="bbox 314 2002 1470 2090; baseline -0.003 -23"><span class='ocrx_word' id='word_1_136' title='bbox 314 2014 376 2067; x_wconf 89' lang='lat' dir='ltr'><strong>erat</strong></span> <span class='ocrx_word' id='word_1_137' title='bbox 397 2005 427 2065; x_wconf 93' lang='lat' dir='ltr'><strong>in</strong></span> <span class='ocrx_word' id='word_1_138' title='bbox 448 2003 508 2066; x_wconf 89' lang='lat' dir='ltr'><strong>lilio</strong></span> <span class='ocrx_word' id='word_1_139' title='bbox 531 2002 676 2074; x_wconf 83' lang='lat' dir='ltr'><strong>hominis,</strong></span> <span class='ocrx_word' id='word_1_140' title='bbox 709 2002 738 2064; x_wconf 93' lang='lat' dir='ltr'><strong>id</strong></span> <span class='ocrx_word' id='word_1_141' title='bbox 760 2011 806 2065; x_wconf 90' lang='lat' dir='ltr'><strong>est</strong></span> <span class='ocrx_word' id='word_1_142' title='bbox 826 2002 857 2064; x_wconf 89' lang='lat' dir='ltr'><strong>in</strong></span> <span class='ocrx_word' id='word_1_143' title='bbox 878 2021 990 2090; x_wconf 50' lang='lat' dir='ltr'><strong>corne„</strong></span> <span class='ocrx_word' id='word_1_144' title='bbox 1008 2003 1038 2063; x_wconf 95' lang='lat' dir='ltr'><strong>in</strong></span> <span class='ocrx_word' id='word_1_145' title='bbox 1066 2021 1122 2083; x_wconf 91' lang='lat' dir='ltr'><strong>qua</strong></span> <span class='ocrx_word' id='word_1_146' title='bbox 1145 2010 1174 2063; x_wconf 89' lang='lat' dir='ltr'><strong>et</strong></span> <span class='ocrx_word' id='word_1_147' title='bbox 1200 2002 1377 2081; x_wconf 84' lang='lat' dir='ltr'><strong>glorificatus</strong></span> <span class='ocrx_word' id='word_1_148' title='bbox 1400 2003 1470 2076; x_wconf 88' lang='lat' dir='ltr'><strong>iam,</strong></span> 
     </span>
    </p>

    <p class='ocr_par' dir='ltr' id='par_1_11' title="bbox 314 2102 1470 2183">
     <span class='ocr_line' id='line_1_15' title="bbox 314 2102 1470 2183; baseline -0.003 -16"><span class='ocrx_word' id='word_1_149' title='bbox 314 2105 420 2167; x_wconf 86' lang='lat' dir='ltr'><strong>virtute</strong></span> <span class='ocrx_word' id='word_1_150' title='bbox 441 2123 511 2166; x_wconf 88' lang='lat' dir='ltr'><strong>vero</strong></span> <span class='ocrx_word' id='word_1_151' title='bbox 534 2113 564 2166; x_wconf 89' lang='lat' dir='ltr'><strong>et</strong></span> <span class='ocrx_word' id='word_1_152' title='bbox 585 2122 739 2176; x_wconf 75' lang='lat' dir='ltr'><strong>sermone,</strong></span> <span class='ocrx_word' id='word_1_153' title='bbox 761 2113 791 2165; x_wconf 90' lang='lat' dir='ltr'><strong>et</strong></span> <span class='ocrx_word' id='word_1_154' title='bbox 810 2112 878 2164; x_wconf 90' lang='lat' dir='ltr'><strong>ante</strong></span> <span class='ocrx_word' id='word_1_155' title='bbox 899 2102 1021 2165; x_wconf 72' lang='lat' dir='ltr'><strong>¹‘lesus</strong></span> <span class='ocrx_word' id='word_1_156' title='bbox 1053 2102 1119 2165; x_wconf 71' lang='lat' dir='ltr'><strong>”Et</strong></span> <span class='ocrx_word' id='word_1_157' title='bbox 1133 2104 1220 2177; x_wconf 89' lang='lat' dir='ltr'><strong>deus,</strong></span> <span class='ocrx_word' id='word_1_158' title='bbox 1242 2104 1352 2182; x_wconf 83' lang='lat' dir='ltr'><strong>inquit,</strong></span> <span class='ocrx_word' id='word_1_159' title='bbox 1374 2104 1470 2183; x_wconf 75' lang='lat' dir='ltr'><strong>”glo-</strong></span> 
     </span>
    </p>

    <p class='ocr_par' dir='ltr' id='par_1_12' title="bbox 312 2204 1470 2284">
     <span class='ocr_line' id='line_1_16' title="bbox 312 2204 1470 2284; baseline -0.003 -14"><span class='ocrx_word' id='word_1_160' title='bbox 312 2205 436 2270; x_wconf 75' lang='lat' dir='ltr'><strong>rificabit</strong></span> <span class='ocrx_word' id='word_1_161' title='bbox 455 2206 536 2269; x_wconf 88' lang='lat' dir='ltr'><strong>illum</strong></span> <span class='ocrx_word' id='word_1_162' title='bbox 558 2206 587 2267; x_wconf 95' lang='lat' dir='ltr'><strong>in</strong></span> <span class='ocrx_word' id='word_1_163' title='bbox 610 2204 786 2284; x_wconf 85' lang='lat' dir='ltr'><strong>semetipso,</strong></span> <span class='ocrx_word' id='word_1_164' title='bbox 809 2205 839 2266; x_wconf 95' lang='lat' dir='ltr'><strong>id</strong></span> <span class='ocrx_word' id='word_1_165' title='bbox 861 2212 907 2266; x_wconf 88' lang='lat' dir='ltr'><strong>est</strong></span> <span class='ocrx_word' id='word_1_166' title='bbox 927 2212 1011 2284; x_wconf 81' lang='lat' dir='ltr'><strong>poter</strong></span> <span class='ocrx_word' id='word_1_167' title='bbox 1032 2204 1139 2278; x_wconf 87' lang='lat' dir='ltr'><strong>filium,</strong></span> <span class='ocrx_word' id='word_1_168' title='bbox 1167 2205 1281 2284; x_wconf 66' lang='lat' dir='ltr'><strong>”quem</strong></span> <span class='ocrx_word' id='word_1_169' title='bbox 1303 2204 1334 2266; x_wconf 90' lang='lat' dir='ltr'><strong>in</strong></span> <span class='ocrx_word' id='word_1_170' title='bbox 1357 2215 1470 2267; x_wconf 85' lang='lat' dir='ltr'><strong>semet-</strong></span> 
     </span>
    </p>

    <p class='ocr_par' dir='ltr' id='par_1_13' title="bbox 313 2305 1472 2472">
     <span class='ocr_line' id='line_1_17' title="bbox 313 2305 1472 2389; baseline 0 -20"><span class='ocrx_word' id='word_1_171' title='bbox 313 2308 529 2389; x_wconf 65' lang='lat' dir='ltr'><strong>invehamus,</strong></span> <span class='ocrx_word' id='word_1_172' title='bbox 563 2308 620 2368; x_wconf 89' lang='lat' dir='ltr'><strong>etsi</strong></span> <span class='ocrx_word' id='word_1_173' title='bbox 641 2314 808 2385; x_wconf 80' lang='lat' dir='ltr'><strong>porrectum</strong></span> <span class='ocrx_word' id='word_1_174' title='bbox 831 2305 866 2367; x_wconf 92' lang='lat' dir='ltr'><strong>ad</strong></span> <span class='ocrx_word' id='word_1_175' title='bbox 895 2316 1020 2379; x_wconf 88' lang='lat' dir='ltr'><strong>terram,</strong></span> <span class='ocrx_word' id='word_1_176' title='bbox 1050 2325 1118 2368; x_wconf 85' lang='lat' dir='ltr'><strong>mox</strong></span> <span class='ocrx_word' id='word_1_177' title='bbox 1144 2325 1198 2388; x_wconf 84' lang='lat' dir='ltr'><strong>per</strong></span> <span class='ocrx_word' id='word_1_178' title='bbox 1220 2307 1472 2370; x_wconf 80' lang='lat' dir='ltr'><strong>resurrectionem</strong></span> 
     </span>
     <span class='ocr_line' id='line_1_18' title="bbox 314 2408 599 2472; baseline -0.011 0"><span class='ocrx_word' id='word_1_179' title='bbox 314 2408 437 2472; x_wconf 76' lang='lat' dir='ltr'><strong>⁸⁰morte</strong></span> <span class='ocrx_word' id='word_1_180' title='bbox 458 2408 569 2470; x_wconf 87' lang='lat' dir='ltr'><strong>devicta</strong></span> <span class='ocrx_word' id='word_1_181' title='bbox 577 2410 599 2469; x_wconf 77' lang='lat'><strong>¹³.</strong></span> 
     </span>
    </p>

    <p class='ocr_par' dir='ltr' id='par_1_14' title="bbox 172 2508 1469 2591">
     <span class='ocr_line' id='line_1_19' title="bbox 172 2508 1469 2591; baseline 0 -20"><span class='ocrx_word' id='word_1_182' title='bbox 172 2533 302 2591; x_wconf 53' lang='lat' dir='ltr'><strong>cagmr.</strong></span> <span class='ocrx_word' id='word_1_183' title='bbox 396 2510 502 2571; x_wconf 86' lang='lat' dir='ltr'><strong>¹Erant</strong></span> <span class='ocrx_word' id='word_1_184' title='bbox 521 2509 606 2589; x_wconf 88' lang='lat' dir='ltr'><strong>plano</strong></span> <span class='ocrx_word' id='word_1_185' title='bbox 628 2508 677 2589; x_wconf 85' lang='lat' dir='ltr'><strong>qui</strong></span> <span class='ocrx_word' id='word_1_186' title='bbox 698 2517 728 2571; x_wconf 86' lang='lat' dir='ltr'><strong>et</strong></span> <span class='ocrx_word' id='word_1_187' title='bbox 748 2516 819 2570; x_wconf 89' lang='lat' dir='ltr'><strong>tunc</strong></span> <span class='ocrx_word' id='word_1_188' title='bbox 839 2526 899 2569; x_wconf 93' lang='lat' dir='ltr'><strong>non</strong></span> <span class='ocrx_word' id='word_1_189' title='bbox 919 2508 1129 2587; x_wconf 79' lang='lat' dir='ltr'><strong>intellegerent.</strong></span> <span class='ocrx_word' id='word_1_190' title='bbox 1160 2508 1323 2583; x_wconf 81' lang='lat' dir='ltr'><strong>²Quoniam</strong></span> <span class='ocrx_word' id='word_1_191' title='bbox 1340 2519 1370 2571; x_wconf 92' lang='lat' dir='ltr'><strong>et</strong></span> <span class='ocrx_word' id='word_1_192' title='bbox 1384 2510 1469 2571; x_wconf 90' lang='lat' dir='ltr'><strong>Tho-</strong></span> 
     </span>
    </p>

    <p class='ocr_par' dir='ltr' id='par_1_15' title="bbox 184 2608 1469 2691">
     <span class='ocr_line' id='line_1_20' title="bbox 184 2608 1469 2691; baseline -0.001 -17"><span class='ocrx_word' id='word_1_193' title='bbox 184 2629 298 2681; x_wconf 62' lang='lat' dir='ltr'><strong>tumve.</strong></span> <span class='ocrx_word' id='word_1_194' title='bbox 312 2629 376 2674; x_wconf 91' lang='lat' dir='ltr'><strong>mas</strong></span> <span class='ocrx_word' id='word_1_195' title='bbox 396 2610 572 2690; x_wconf 77' lang='lat' dir='ltr'><strong>aliquamdiu</strong></span> <span class='ocrx_word' id='word_1_196' title='bbox 594 2608 777 2683; x_wconf 84' lang='lat' dir='ltr'><strong>incredulus,</strong></span> <span class='ocrx_word' id='word_1_197' title='bbox 800 2608 956 2687; x_wconf 49' lang='lat' dir='ltr'><strong>’Domineg</strong></span> <span class='ocrx_word' id='word_1_198' title='bbox 978 2609 1100 2690; x_wconf 87' lang='lat' dir='ltr'><strong>inquit·,</strong></span> <span class='ocrx_word' id='word_1_199' title='bbox 1122 2629 1183 2672; x_wconf 92' lang='lat' dir='ltr'><strong>non</strong></span> <span class='ocrx_word' id='word_1_200' title='bbox 1197 2611 1306 2673; x_wconf 90' lang='lat' dir='ltr'><strong>scimus</strong></span> <span class='ocrx_word' id='word_1_201' title='bbox 1322 2630 1382 2691; x_wconf 88' lang='lat' dir='ltr'><strong>quo</strong></span> <span class='ocrx_word' id='word_1_202' title='bbox 1406 2630 1469 2687; x_wconf 90' lang='lat' dir='ltr'><strong>eas,</strong></span> 
     </span>
    </p>

    <p class='ocr_par' dir='ltr' id='par_1_16' title="bbox 163 2708 1471 2802">
     <span class='ocr_line' id='line_1_21' title="bbox 163 2708 1471 2802; baseline -0.002 -27"><span class='ocrx_word' id='word_1_203' title='bbox 163 2721 343 2784; x_wconf 64' lang='lat' dir='ltr'><strong>numenei</strong></span> <span class='ocrx_word' id='word_1_204' title='bbox 363 2710 512 2792; x_wconf 88' lang='lat' dir='ltr'><strong>quomodo</strong></span> <span class='ocrx_word' id='word_1_205' title='bbox 534 2710 609 2771; x_wconf 90' lang='lat' dir='ltr'><strong>viam</strong></span> <span class='ocrx_word' id='word_1_206' title='bbox 631 2708 789 2773; x_wconf 75' lang='lat' dir='ltr'><strong>novimus?</strong></span> <span class='ocrx_word' id='word_1_207' title='bbox 830 2710 868 2772; x_wconf 84' lang='lat' dir='ltr'><strong>Et</strong></span> <span class='ocrx_word' id='word_1_208' title='bbox 892 2710 990 2773; x_wconf 90' lang='lat' dir='ltr'><strong>lesus:</strong></span> <span class='ocrx_word' id='word_1_209' title='bbox 1022 2711 1086 2802; x_wconf 79' lang='lat' dir='ltr'><strong>Ego</strong></span> <span class='ocrx_word' id='word_1_210' title='bbox 1100 2730 1178 2773; x_wconf 89' lang='lat' dir='ltr'><strong>sum</strong></span> <span class='ocrx_word' id='word_1_211' title='bbox 1205 2711 1267 2784; x_wconf 85' lang='lat' dir='ltr'><strong>via,</strong></span> <span class='ocrx_word' id='word_1_212' title='bbox 1301 2712 1411 2775; x_wconf 86' lang='lat' dir='ltr'><strong>veritas</strong></span> <span class='ocrx_word' id='word_1_213' title='bbox 1442 2721 1471 2775; x_wconf 86' lang='lat' dir='ltr'><strong>et</strong></span> 
     </span>
    </p>

    <p class='ocr_par' dir='ltr' id='par_1_17' title="bbox 314 2810 1469 2894">
     <span class='ocr_line' id='line_1_22' title="bbox 314 2810 1469 2894; baseline 0.002 -21"><span class='ocrx_word' id='word_1_214' title='bbox 314 2814 386 2875; x_wconf 88' lang='lat' dir='ltr'><strong>vita:</strong></span> <span class='ocrx_word' id='word_1_215' title='bbox 408 2830 498 2876; x_wconf 86' lang='lat' dir='ltr'><strong>nemo¹</strong></span> <span class='ocrx_word' id='word_1_216' title='bbox 515 2812 595 2872; x_wconf 88' lang='lat' dir='ltr'><strong>venit</strong></span> <span class='ocrx_word' id='word_1_217' title='bbox 616 2810 651 2871; x_wconf 94' lang='lat' dir='ltr'><strong>ad</strong></span> <span class='ocrx_word' id='word_1_218' title='bbox 673 2821 784 2892; x_wconf 84' lang='lat' dir='ltr'><strong>patrem</strong></span> <span class='ocrx_word' id='word_1_219' title='bbox 806 2811 864 2874; x_wconf 88' lang='lat' dir='ltr'><strong>nisi</strong></span> <span class='ocrx_word' id='word_1_220' title='bbox 884 2831 938 2894; x_wconf 92' lang='lat' dir='ltr'><strong>per</strong></span> <span class='ocrx_word' id='word_1_221' title='bbox 958 2832 1022 2887; x_wconf 88' lang='lat' dir='ltr'><strong>me;</strong></span> <span class='ocrx_word' id='word_1_222' title='bbox 1044 2814 1070 2875; x_wconf 90' lang='lat' dir='ltr'><strong>si</strong></span> <span class='ocrx_word' id='word_1_223' title='bbox 1092 2813 1306 2894; x_wconf 78' lang='lat' dir='ltr'><strong>cognovissetis</strong></span> <span class='ocrx_word' id='word_1_224' title='bbox 1328 2832 1392 2887; x_wconf 77' lang='lat' dir='ltr'><strong>me,</strong></span> <span class='ocrx_word' id='word_1_225' title='bbox 1416 2833 1469 2875; x_wconf 86' lang='lat' dir='ltr'><strong>eo-</strong></span> 
     </span>
    </p>

    <p class='ocr_par' dir='ltr' id='par_1_18' title="bbox 313 2912 1470 2995">
     <span class='ocr_line' id='line_1_23' title="bbox 313 2912 1470 2995; baseline 0.002 -19"><span class='ocrx_word' id='word_1_226' title='bbox 313 2913 491 2995; x_wconf 88' lang='lat' dir='ltr'><strong>gnovissetis</strong></span> <span class='ocrx_word' id='word_1_227' title='bbox 513 2922 542 2975; x_wconf 87' lang='lat' dir='ltr'><strong>et</strong></span> <span class='ocrx_word' id='word_1_228' title='bbox 562 2922 691 2994; x_wconf 79' lang='lat' dir='ltr'><strong>patrem3</strong></span> <span class='ocrx_word' id='word_1_229' title='bbox 722 2912 793 2974; x_wconf 77' lang='lat' dir='ltr'><strong>⁴sed</strong></span> <span class='ocrx_word' id='word_1_230' title='bbox 815 2912 920 2976; x_wconf 86' lang='lat' dir='ltr'><strong>abhinc</strong></span> <span class='ocrx_word' id='word_1_231' title='bbox 940 2916 1037 2977; x_wconf 86' lang='lat' dir='ltr'><strong>nostis</strong></span> <span class='ocrx_word' id='word_1_232' title='bbox 1066 2914 1163 2987; x_wconf 87' lang='lat' dir='ltr'><strong>illum,</strong></span> <span class='ocrx_word' id='word_1_233' title='bbox 1192 2923 1221 2976; x_wconf 91' lang='lat' dir='ltr'><strong>et</strong></span> <span class='ocrx_word' id='word_1_234' title='bbox 1241 2915 1355 2978; x_wconf 87' lang='lat' dir='ltr'><strong>vidistis</strong></span> <span class='ocrx_word' id='word_1_235' title='bbox 1377 2917 1470 2978; x_wconf 90' lang='lat' dir='ltr'><strong>illurn.</strong></span> 
     </span>
    </p>

    <p class='ocr_par' dir='ltr' id='par_1_19' title="bbox 312 3013 1469 3099">
     <span class='ocr_line' id='line_1_24' title="bbox 312 3013 1469 3099; baseline 0 -20"><span class='ocrx_word' id='word_1_236' title='bbox 312 3017 351 3079; x_wconf 88' lang='lat' dir='ltr'><strong>Et</strong></span> <span class='ocrx_word' id='word_1_237' title='bbox 371 3013 556 3096; x_wconf 82' lang='lat' dir='ltr'><strong>pervenimus</strong></span> <span class='ocrx_word' id='word_1_238' title='bbox 578 3014 636 3075; x_wconf 90' lang='lat' dir='ltr'><strong>iam</strong></span> <span class='ocrx_word' id='word_1_239' title='bbox 657 3014 692 3074; x_wconf 90' lang='lat' dir='ltr'><strong>ad</strong></span> <span class='ocrx_word' id='word_1_240' title='bbox 714 3013 895 3095; x_wconf 73' lang='lat' dir='ltr'><strong>Philippum,</strong></span> <span class='ocrx_word' id='word_1_241' title='bbox 919 3016 969 3095; x_wconf 87' lang='lat' dir='ltr'><strong>qui</strong></span> <span class='ocrx_word' id='word_1_242' title='bbox 991 3036 1045 3098; x_wconf 86' lang='lat' dir='ltr'><strong>spe</strong></span> <span class='ocrx_word' id='word_1_243' title='bbox 1067 3016 1207 3078; x_wconf 78' lang='lat' dir='ltr'><strong>excitatus</strong></span> <span class='ocrx_word' id='word_1_244' title='bbox 1229 3016 1346 3078; x_wconf 88' lang='lat' dir='ltr'><strong>ridendi</strong></span> <span class='ocrx_word' id='word_1_245' title='bbox 1368 3019 1469 3099; x_wconf 85' lang='lat' dir='ltr'><strong>patris,</strong></span> 
     </span>
    </p>

    <p class='ocr_par' dir='ltr' id='par_1_20' title="bbox 314 3115 1469 3199">
     <span class='ocr_line' id='line_1_25' title="bbox 314 3115 1469 3199; baseline 0.001 -20"><span class='ocrx_word' id='word_1_246' title='bbox 314 3135 370 3179; x_wconf 87' lang='lat' dir='ltr'><strong>nec</strong></span> <span class='ocrx_word' id='word_1_247' title='bbox 389 3115 560 3195; x_wconf 86' lang='lat' dir='ltr'><strong>intellegens</strong></span> <span class='ocrx_word' id='word_1_248' title='bbox 583 3115 731 3194; x_wconf 91' lang='lat' dir='ltr'><strong>quomodo</strong></span> <span class='ocrx_word' id='word_1_249' title='bbox 752 3116 848 3177; x_wconf 86' lang='lat' dir='ltr'><strong>visum</strong></span> <span class='ocrx_word' id='word_1_250' title='bbox 868 3124 981 3197; x_wconf 85' lang='lat' dir='ltr'><strong>patrem</strong></span> <span class='ocrx_word' id='word_1_251' title='bbox 1002 3117 1151 3190; x_wconf 86' lang='lat' dir='ltr'><strong>audisset,</strong></span> <span class='ocrx_word' id='word_1_252' title='bbox 1184 3117 1332 3191; x_wconf 88' lang='lat' dir='ltr'><strong>Ostende,</strong></span> <span class='ocrx_word' id='word_1_253' title='bbox 1364 3119 1469 3199; x_wconf 78' lang='lat' dir='ltr'><strong>inquil,</strong></span> 
     </span>
    </p>

    <p class='ocr_par' dir='ltr' id='par_1_21' title="bbox 164 3216 1469 3303">
     <span class='ocr_line' id='line_1_26' title="bbox 164 3216 1469 3303; baseline -0.002 -18"><span class='ocrx_word' id='word_1_254' title='bbox 164 3218 400 3297; x_wconf 63' lang='lat' dir='ltr'><strong>tuxrrsrnnobis</strong></span> <span class='ocrx_word' id='word_1_255' title='bbox 421 3227 549 3298; x_wconf 81' lang='lat' dir='ltr'><strong>patrem,</strong></span> <span class='ocrx_word' id='word_1_256' title='bbox 572 3225 603 3278; x_wconf 89' lang='lat' dir='ltr'><strong>et</strong></span> <span class='ocrx_word' id='word_1_257' title='bbox 623 3217 731 3278; x_wconf 86' lang='lat' dir='ltr'><strong>sullicit</strong></span> <span class='ocrx_word' id='word_1_258' title='bbox 750 3216 849 3303; x_wconf 78' lang='lat' dir='ltr'><strong>uoltis.</strong></span> <span class='ocrx_word' id='word_1_259' title='bbox 883 3217 920 3278; x_wconf 86' lang='lat' dir='ltr'><strong>Et</strong></span> <span class='ocrx_word' id='word_1_260' title='bbox 939 3218 1091 3280; x_wconf 89' lang='lat' dir='ltr'><strong>dominus:</strong></span> <span class='ocrx_word' id='word_1_261' title='bbox 1113 3218 1263 3298; x_wconf 83' lang='lat' dir='ltr'><strong>Philippe‚</strong></span> <span class='ocrx_word' id='word_1_262' title='bbox 1287 3227 1367 3280; x_wconf 89' lang='lat' dir='ltr'><strong>tanto</strong></span> <span class='ocrx_word' id='word_1_263' title='bbox 1392 3228 1469 3283; x_wconf 90' lang='lat' dir='ltr'><strong>tem·</strong></span> 
     </span>
    </p>

    <p class='ocr_par' dir='ltr' id='par_1_22' title="bbox 312 3317 1469 3402">
     <span class='ocr_line' id='line_1_27' title="bbox 312 3317 1469 3402; baseline 0.001 -21"><span class='ocrx_word' id='word_1_264' title='bbox 312 3338 386 3402; x_wconf 83' lang='lat' dir='ltr'><strong>pore</strong></span> <span class='ocrx_word' id='word_1_265' title='bbox 407 3319 556 3383; x_wconf 89' lang='lat' dir='ltr'><strong>vobiscum</strong></span> <span class='ocrx_word' id='word_1_266' title='bbox 579 3336 663 3392; x_wconf 90' lang='lat' dir='ltr'><strong>sum,</strong></span> <span class='ocrx_word' id='word_1_267' title='bbox 686 3327 716 3379; x_wconf 93' lang='lat' dir='ltr'><strong>et</strong></span> <span class='ocrx_word' id='word_1_268' title='bbox 736 3335 797 3379; x_wconf 92' lang='lat' dir='ltr'><strong>non</strong></span> <span class='ocrx_word' id='word_1_269' title='bbox 819 3319 996 3398; x_wconf 82' lang='lat' dir='ltr'><strong>cognovistis</strong></span> <span class='ocrx_word' id='word_1_270' title='bbox 1019 3317 1089 3381; x_wconf 78' lang='lat' dir='ltr'><strong>me?</strong></span> <span class='ocrx_word' id='word_1_271' title='bbox 1122 3320 1215 3393; x_wconf 87' lang='lat' dir='ltr'><strong>Quem</strong></span> <span class='ocrx_word' id='word_1_272' title='bbox 1239 3320 1309 3381; x_wconf 90' lang='lat' dir='ltr'><strong>dicit</strong></span> <span class='ocrx_word' id='word_1_273' title='bbox 1328 3321 1469 3400; x_wconf 82' lang='lat' dir='ltr'><strong>cognosci</strong></span> 
     </span>
    </p>

    <p class='ocr_par' dir='ltr' id='par_1_23' title="bbox 312 3419 1469 3502">
     <span class='ocr_line' id='line_1_28' title="bbox 312 3419 1469 3502; baseline -0.001 -18"><span class='ocrx_word' id='word_1_274' title='bbox 312 3421 348 3484; x_wconf 86' lang='lat' dir='ltr'><strong>ab</strong></span> <span class='ocrx_word' id='word_1_275' title='bbox 371 3419 429 3482; x_wconf 91' lang='lat' dir='ltr'><strong>illis</strong></span> <span class='ocrx_word' id='word_1_276' title='bbox 451 3420 590 3482; x_wconf 86' lang='lat' dir='ltr'><strong>debuisse</strong></span> <span class='ocrx_word' id='word_1_277' title='bbox 611 3420 681 3496; x_wconf 88' lang='lat' dir='ltr'><strong>(hoc</strong></span> <span class='ocrx_word' id='word_1_278' title='bbox 702 3420 780 3482; x_wconf 89' lang='lat' dir='ltr'><strong>enim</strong></span> <span class='ocrx_word' id='word_1_279' title='bbox 808 3420 905 3482; x_wconf 91' lang='lat' dir='ltr'><strong>solnm</strong></span> <span class='ocrx_word' id='word_1_280' title='bbox 926 3420 1032 3482; x_wconf 84' lang='lat' dir='ltr'><strong>discuti</strong></span> <span class='ocrx_word' id='word_1_281' title='bbox 1055 3428 1197 3500; x_wconf 83' lang='lat' dir='ltr'><strong>oportet),</strong></span> <span class='ocrx_word' id='word_1_282' title='bbox 1233 3421 1316 3501; x_wconf 90' lang='lat' dir='ltr'><strong>quasi</strong></span> <span class='ocrx_word' id='word_1_283' title='bbox 1342 3428 1469 3502; x_wconf 82' lang='lat' dir='ltr'><strong>putrem,</strong></span> 
     </span>
    </p>

    <p class='ocr_par' dir='ltr' id='par_1_24' title="bbox 312 3519 1469 3605">
     <span class='ocr_line' id='line_1_29' title="bbox 312 3519 1469 3605; baseline 0 -20"><span class='ocrx_word' id='word_1_284' title='bbox 312 3541 349 3585; x_wconf 85' lang='lat' dir='ltr'><strong>an</strong></span> <span class='ocrx_word' id='word_1_285' title='bbox 371 3522 455 3604; x_wconf 90' lang='lat' dir='ltr'><strong>quasi</strong></span> <span class='ocrx_word' id='word_1_286' title='bbox 475 3519 589 3585; x_wconf 74' lang='lat' dir='ltr'><strong>lilium?</strong></span> <span class='ocrx_word' id='word_1_287' title='bbox 633 3520 664 3582; x_wconf 91' lang='lat' dir='ltr'><strong>Si</strong></span> <span class='ocrx_word' id='word_1_288' title='bbox 686 3521 770 3601; x_wconf 89' lang='lat' dir='ltr'><strong>quasi</strong></span> <span class='ocrx_word' id='word_1_289' title='bbox 791 3531 920 3602; x_wconf 87' lang='lat' dir='ltr'><strong>patrem,</strong></span> <span class='ocrx_word' id='word_1_290' title='bbox 951 3522 1055 3583; x_wconf 88' lang='lat' dir='ltr'><strong>doceat</strong></span> <span class='ocrx_word' id='word_1_291' title='bbox 1074 3522 1199 3584; x_wconf 80' lang='lat' dir='ltr'><strong>Praxeas</strong></span> <span class='ocrx_word' id='word_1_292' title='bbox 1226 3531 1306 3583; x_wconf 86' lang='lat' dir='ltr'><strong>tanto</strong></span> <span class='ocrx_word' id='word_1_293' title='bbox 1334 3530 1469 3605; x_wconf 82' lang='lat' dir='ltr'><strong>tempore</strong></span> 
     </span>
    </p>
   </div>
   <div class='ocr_carea' id='block_1_3' title="bbox 276 3707 1470 4165">
    <p class='ocr_par' dir='ltr' id='par_1_25' title="bbox 312 3707 1468 3976">
     <span class='ocr_line' id='line_1_30' title="bbox 313 3707 1467 3770; baseline -0.003 -9"><span class='ocrx_word' id='word_1_294' title='bbox 313 3710 618 3761; x_wconf 60' lang='lat' dir='ltr'><strong>moruncurten.</strong></span> <span class='ocrx_word' id='word_1_295' title='bbox 670 3707 709 3758; x_wconf 80' lang='grc'><strong>23.</strong></span> <span class='ocrx_word' id='word_1_296' title='bbox 730 3709 856 3770; x_wconf 67' lang='lat' dir='ltr'><strong>suissed„</strong></span> <span class='ocrx_word' id='word_1_297' title='bbox 876 3725 926 3760; x_wconf 84' lang='lat' dir='ltr'><strong>cunt</strong></span> <span class='ocrx_word' id='word_1_298' title='bbox 943 3710 1022 3759; x_wconf 76' lang='lat' dir='ltr'><strong>Fuluio</strong></span> <span class='ocrx_word' id='word_1_299' title='bbox 1042 3709 1131 3760; x_wconf 81' lang='lat' dir='ltr'><strong>Ursino.</strong></span> <span class='ocrx_word' id='word_1_300' title='bbox 1189 3708 1229 3758; x_wconf 76' lang='lat'><strong>24.</strong></span> <span class='ocrx_word' id='word_1_301' title='bbox 1248 3717 1270 3758; x_wconf 90' lang='lat' dir='ltr'><strong>et</strong></span> <span class='ocrx_word' id='word_1_302' title='bbox 1288 3712 1382 3761; x_wconf 71' lang='lat' dir='ltr'><strong>onie.</strong></span> <span class='ocrx_word' id='word_1_303' title='bbox 1428 3710 1467 3760; x_wconf 75' lang='lat'><strong>25.</strong></span> 
     </span>
     <span class='ocr_line' id='line_1_31' title="bbox 313 3775 1467 3836; baseline 0 -8"><span class='ocrx_word' id='word_1_304' title='bbox 313 3785 337 3828; x_wconf 85' lang='lat' dir='ltr'><strong>el</strong></span> <span class='ocrx_word' id='word_1_305' title='bbox 354 3779 435 3828; x_wconf 59' lang='grc' dir='ltr'><strong>ΜΔ.</strong></span> <span class='ocrx_word' id='word_1_306' title='bbox 454 3778 517 3827; x_wconf 80' lang='lat' dir='ltr'><strong>leid.</strong></span> <span class='ocrx_word' id='word_1_307' title='bbox 567 3775 608 3824; x_wconf 78' lang='lat'><strong>26.</strong></span> <span class='ocrx_word' id='word_1_308' title='bbox 627 3777 701 3824; x_wconf 85' lang='lat' dir='ltr'><strong>lesus.</strong></span> <span class='ocrx_word' id='word_1_309' title='bbox 726 3776 754 3826; x_wconf 80' lang='lat' dir='ltr'><strong>m</strong></span> <span class='ocrx_word' id='word_1_310' title='bbox 771 3777 809 3826; x_wconf 83' lang='lat' dir='ltr'><strong>Fr.</strong></span> <span class='ocrx_word' id='word_1_311' title='bbox 823 3777 909 3826; x_wconf 77' lang='lat' dir='ltr'><strong>lenior.</strong></span> <span class='ocrx_word' id='word_1_312' title='bbox 951 3778 1037 3836; x_wconf 83' lang='lat' dir='ltr'><strong>lesum,</strong></span> <span class='ocrx_word' id='word_1_313' title='bbox 1056 3786 1079 3826; x_wconf 86' lang='lat' dir='ltr'><strong>et</strong></span> <span class='ocrx_word' id='word_1_314' title='bbox 1096 3778 1151 3827; x_wconf 80' lang='lat' dir='ltr'><strong>libri</strong></span> <span class='ocrx_word' id='word_1_315' title='bbox 1168 3792 1252 3828; x_wconf 75' lang='lat' dir='ltr'><strong>onnes.</strong></span> <span class='ocrx_word' id='word_1_316' title='bbox 1313 3776 1354 3827; x_wconf 70' lang='grc'><strong>21.</strong></span> <span class='ocrx_word' id='word_1_317' title='bbox 1379 3786 1403 3827; x_wconf 82' lang='lat' dir='ltr'><strong>et</strong></span> <span class='ocrx_word' id='word_1_318' title='bbox 1426 3795 1467 3828; x_wconf 69' lang='lat' dir='ltr'><strong>ove</strong></span> 
     </span>
     <span class='ocr_line' id='line_1_32' title="bbox 312 3843 1468 3909; baseline -0.002 -11"><span class='ocrx_word' id='word_1_319' title='bbox 312 3851 339 3898; x_wconf 80' lang='lat' dir='ltr'><strong>t.</strong></span> <span class='ocrx_word' id='word_1_320' title='bbox 357 3847 420 3896; x_wconf 79' lang='lat' dir='ltr'><strong>leid.</strong></span> <span class='ocrx_word' id='word_1_321' title='bbox 471 3843 512 3894; x_wconf 80' lang='lat'><strong>28.</strong></span> <span class='ocrx_word' id='word_1_322' title='bbox 531 3843 671 3905; x_wconf 79' lang='lat' dir='ltr'><strong>glorillesbit</strong></span> <span class='ocrx_word' id='word_1_323' title='bbox 689 3859 738 3906; x_wconf 78' lang='lat' dir='ltr'><strong>ego.</strong></span> <span class='ocrx_word' id='word_1_324' title='bbox 778 3843 918 3906; x_wconf 83' lang='lat' dir='ltr'><strong>glorilloarit</strong></span> <span class='ocrx_word' id='word_1_325' title='bbox 934 3845 989 3895; x_wconf 81' lang='lat' dir='ltr'><strong>tttrt</strong></span> <span class='ocrx_word' id='word_1_326' title='bbox 1006 3860 1090 3895; x_wconf 80' lang='lat' dir='ltr'><strong>onnes.</strong></span> <span class='ocrx_word' id='word_1_327' title='bbox 1148 3843 1276 3909; x_wconf 72' lang='lat' dir='ltr'><strong>sequen</strong></span> <span class='ocrx_word' id='word_1_328' title='bbox 1296 3846 1320 3894; x_wconf 90' lang='lat' dir='ltr'><strong>in</strong></span> <span class='ocrx_word' id='word_1_329' title='bbox 1343 3846 1468 3896; x_wconf 58' lang='lat' dir='ltr'><strong>interd</strong></span> 
     </span>
     <span class='ocr_line' id='line_1_33' title="bbox 314 3910 1216 3976; baseline 0 -14"><span class='ocrx_word' id='word_1_330' title='bbox 314 3914 446 3976; x_wconf 70' lang='lat' dir='ltr'><strong>inreliqui.</strong></span> <span class='ocrx_word' id='word_1_331' title='bbox 496 3910 537 3960; x_wconf 80' lang='grc'><strong>30.</strong></span> <span class='ocrx_word' id='word_1_332' title='bbox 553 3911 691 3972; x_wconf 77' lang='lat' dir='ltr'><strong>glorillcvrit</strong></span> <span class='ocrx_word' id='word_1_333' title='bbox 709 3920 785 3961; x_wconf 88' lang='lat' dir='ltr'><strong>morte</strong></span> <span class='ocrx_word' id='word_1_334' title='bbox 803 3911 892 3961; x_wconf 78' lang='lat' dir='ltr'><strong>devicte</strong></span> <span class='ocrx_word' id='word_1_335' title='bbox 909 3914 941 3972; x_wconf 86' lang='lat' dir='ltr'><strong>d.,</strong></span> <span class='ocrx_word' id='word_1_336' title='bbox 962 3928 1012 3962; x_wconf 86' lang='lat' dir='ltr'><strong>eum</strong></span> <span class='ocrx_word' id='word_1_337' title='bbox 1029 3913 1107 3962; x_wconf 82' lang='lat' dir='ltr'><strong>Fnluio</strong></span> <span class='ocrx_word' id='word_1_338' title='bbox 1128 3913 1216 3962; x_wconf 81' lang='lat' dir='ltr'><strong>Ursino.</strong></span> 
     </span>
    </p>

    <p class='ocr_par' dir='ltr' id='par_1_26' title="bbox 276 3977 1470 4165">
     <span class='ocr_line' id='line_1_34' title="bbox 380 3977 1468 4044; baseline 0.002 -16"><span class='ocrx_word' id='word_1_339' title='bbox 380 3980 438 4044; x_wconf 77' lang='lat' dir='ltr'><strong>Cep.</strong></span> <span class='ocrx_word' id='word_1_340' title='bbox 456 3977 531 4027; x_wconf 70' lang='lat' dir='ltr'><strong>xlii.</strong></span> <span class='ocrx_word' id='word_1_341' title='bbox 568 3977 589 4026; x_wconf 90' lang='lat' dir='ltr'><strong>l.</strong></span> <span class='ocrx_word' id='word_1_342' title='bbox 608 3977 680 4027; x_wconf 78' lang='lat' dir='ltr'><strong>lirant</strong></span> <span class='ocrx_word' id='word_1_343' title='bbox 697 3979 737 4027; x_wconf 84' lang='lat' dir='ltr'><strong>tibi</strong></span> <span class='ocrx_word' id='word_1_344' title='bbox 755 3980 787 4036; x_wconf 78' lang='lat' dir='ltr'><strong>tl.</strong></span> <span class='ocrx_word' id='word_1_345' title='bbox 797 3995 817 4029; x_wconf 86' lang='lat' dir='ltr'><strong>e.</strong></span> <span class='ocrx_word' id='word_1_346' title='bbox 837 3980 879 4039; x_wconf 79' lang='lat' dir='ltr'><strong>ihil</strong></span> <span class='ocrx_word' id='word_1_347' title='bbox 897 3979 968 4044; x_wconf 72' lang='lat' dir='ltr'><strong>plene</strong></span> <span class='ocrx_word' id='word_1_348' title='bbox 987 3980 1074 4044; x_wconf 81' lang='lat' dir='ltr'><strong>qnippe</strong></span> <span class='ocrx_word' id='word_1_349' title='bbox 1090 3981 1130 4043; x_wconf 84' lang='lat' dir='ltr'><strong>qni</strong></span> <span class='ocrx_word' id='word_1_350' title='bbox 1148 3984 1172 4030; x_wconf 74' lang='lat' dir='ltr'><strong>A.</strong></span> <span class='ocrx_word' id='word_1_351' title='bbox 1193 3982 1254 4030; x_wconf 76' lang='lat' dir='ltr'><strong>trin.</strong></span> <span class='ocrx_word' id='word_1_352' title='bbox 1304 3978 1328 4028; x_wconf 84' lang='lat'><strong>2.</strong></span> <span class='ocrx_word' id='word_1_353' title='bbox 1346 3980 1468 4043; x_wconf 80' lang='lat' dir='ltr'><strong>quomodo</strong></span> 
     </span>
     <span class='ocr_line' id='line_1_35' title="bbox 276 4044 1470 4114; baseline -0.002 -16"><span class='ocrx_word' id='word_1_354' title='bbox 276 4048 419 4099; x_wconf 66' lang='lat' dir='ltr'><strong>01.de</strong></span> <span class='ocrx_word' id='word_1_355' title='bbox 470 4044 778 4110; x_wconf 61' lang='lat' dir='ltr'><strong>&amp;nominenumine</strong></span> <span class='ocrx_word' id='word_1_356' title='bbox 813 4046 913 4098; x_wconf 83' lang='lat' dir='ltr'><strong>Domina</strong></span> <span class='ocrx_word' id='word_1_357' title='bbox 930 4048 1003 4109; x_wconf 80' lang='lat' dir='ltr'><strong>enim,</strong></span> <span class='ocrx_word' id='word_1_358' title='bbox 1022 4049 1097 4112; x_wconf 84' lang='lat' dir='ltr'><strong>iuquit</strong></span> <span class='ocrx_word' id='word_1_359' title='bbox 1115 4050 1150 4097; x_wconf 81' lang='lat' dir='ltr'><strong>cd.</strong></span> <span class='ocrx_word' id='word_1_360' title='bbox 1191 4048 1292 4099; x_wconf 85' lang='lat' dir='ltr'><strong>Domino</strong></span> <span class='ocrx_word' id='word_1_361' title='bbox 1311 4050 1375 4098; x_wconf 83' lang='lat' dir='ltr'><strong>anim</strong></span> <span class='ocrx_word' id='word_1_362' title='bbox 1394 4049 1470 4114; x_wconf 86' lang='lat' dir='ltr'><strong>inquit</strong></span> 
     </span>
     <span class='ocr_line' id='line_1_36' title="bbox 312 4113 820 4165; baseline 0 -1"><span class='ocrx_word' id='word_1_363' title='bbox 312 4115 385 4165; x_wconf 74' lang='lat' dir='ltr'><strong>tert.</strong></span> <span class='ocrx_word' id='word_1_364' title='bbox 437 4113 460 4164; x_wconf 78' lang='grc'><strong>4.</strong></span> <span class='ocrx_word' id='word_1_365' title='bbox 478 4114 521 4163; x_wconf 89' lang='lat' dir='ltr'><strong>sed</strong></span> <span class='ocrx_word' id='word_1_366' title='bbox 539 4121 563 4162; x_wconf 83' lang='lat' dir='ltr'><strong>et</strong></span> <span class='ocrx_word' id='word_1_367' title='bbox 579 4113 666 4163; x_wconf 76' lang='lat' dir='ltr'><strong>obniuc</strong></span> <span class='ocrx_word' id='word_1_368' title='bbox 681 4115 738 4164; x_wconf 82' lang='lat' dir='ltr'><strong>llio.</strong></span> <span class='ocrx_word' id='word_1_369' title='bbox 756 4114 820 4164; x_wconf 77' lang='lat' dir='ltr'><strong>leid.</strong></span> 
     </span>
    </p>
   </div>
   <div class='ocr_carea' id='block_1_4' title="bbox 311 4248 1469 4922">
    <p class='ocr_par' dir='ltr' id='par_1_27' title="bbox 311 4248 1469 4857">
     <span class='ocr_line' id='line_1_37' title="bbox 346 4248 1468 4315; baseline 0.001 -17"><span class='ocrx_word' id='word_1_370' title='bbox 346 4248 369 4298; x_wconf 89' lang='lat' dir='ltr'><strong>b.</strong></span> <span class='ocrx_word' id='word_1_371' title='bbox 396 4248 536 4311; x_wconf 83' lang='lat' dir='ltr'><strong>gloriileabit</strong></span> <span class='ocrx_word' id='word_1_372' title='bbox 559 4248 626 4298; x_wconf 90' lang='lat' dir='ltr'><strong>illum</strong></span> <span class='ocrx_word' id='word_1_373' title='bbox 645 4275 677 4285; x_wconf 92' lang='lat'><em>-</em></span> <span class='ocrx_word' id='word_1_374' title='bbox 694 4275 727 4284; x_wconf 97' lang='lat'>-</span> <span class='ocrx_word' id='word_1_375' title='bbox 750 4263 804 4298; x_wconf 80' lang='lat' dir='ltr'><strong>mor</strong></span> <span class='ocrx_word' id='word_1_376' title='bbox 822 4264 866 4312; x_wconf 81' lang='lat' dir='ltr'><strong>per</strong></span> <span class='ocrx_word' id='word_1_377' title='bbox 915 4249 1054 4313; x_wconf 85' lang='lat' dir='ltr'><strong>semetipso,</strong></span> <span class='ocrx_word' id='word_1_378' title='bbox 1079 4249 1102 4298; x_wconf 92' lang='lat' dir='ltr'><strong>id</strong></span> <span class='ocrx_word' id='word_1_379' title='bbox 1126 4257 1162 4298; x_wconf 87' lang='lat' dir='ltr'><strong>est</strong></span> <span class='ocrx_word' id='word_1_380' title='bbox 1184 4258 1253 4312; x_wconf 82' lang='lat' dir='ltr'><strong>paler</strong></span> <span class='ocrx_word' id='word_1_381' title='bbox 1271 4250 1356 4309; x_wconf 86' lang='lat' dir='ltr'><strong>illium,</strong></span> <span class='ocrx_word' id='word_1_382' title='bbox 1381 4252 1468 4315; x_wconf 75' lang='lat' dir='ltr'><strong>quippo</strong></span> 
     </span>
     <span class='ocr_line' id='line_1_38' title="bbox 315 4311 1467 4383; baseline 0 -17"><span class='ocrx_word' id='word_1_383' title='bbox 315 4318 512 4366; x_wconf 84' lang='lat' dir='ltr'><strong>resurrectionem</strong></span> <span class='ocrx_word' id='word_1_384' title='bbox 531 4327 607 4367; x_wconf 85' lang='lat' dir='ltr'><strong>morte</strong></span> <span class='ocrx_word' id='word_1_385' title='bbox 625 4311 735 4381; x_wconf 65' lang='lat' dir='ltr'><strong>devicte]</strong></span> <span class='ocrx_word' id='word_1_386' title='bbox 752 4317 786 4366; x_wconf 73' lang='lat' dir='ltr'><strong>lte</strong></span> <span class='ocrx_word' id='word_1_387' title='bbox 805 4316 865 4367; x_wconf 77' lang='lat' dir='ltr'><strong>haec</strong></span> <span class='ocrx_word' id='word_1_388' title='bbox 916 4332 986 4381; x_wconf 86' lang='lat' dir='ltr'><strong>quem</strong></span> <span class='ocrx_word' id='word_1_389' title='bbox 1004 4319 1027 4366; x_wconf 91' lang='lat' dir='ltr'><strong>in</strong></span> <span class='ocrx_word' id='word_1_390' title='bbox 1046 4318 1176 4380; x_wconf 82' lang='lat' dir='ltr'><strong>semetipso</strong></span> <span class='ocrx_word' id='word_1_391' title='bbox 1195 4319 1294 4371; x_wconf 75' lang='lat' dir='ltr'><strong>habens.</strong></span> <span class='ocrx_word' id='word_1_392' title='bbox 1321 4318 1366 4368; x_wconf 86' lang='lat' dir='ltr'><strong>etsi</strong></span> <span class='ocrx_word' id='word_1_393' title='bbox 1384 4334 1467 4383; x_wconf 84' lang='lat' dir='ltr'><strong>porre-</strong></span> 
     </span>
     <span class='ocr_line' id='line_1_39' title="bbox 313 4383 1467 4449; baseline 0.001 -16"><span class='ocrx_word' id='word_1_394' title='bbox 313 4385 382 4433; x_wconf 81' lang='lat' dir='ltr'><strong>verlrs</strong></span> <span class='ocrx_word' id='word_1_395' title='bbox 406 4385 499 4434; x_wconf 82' lang='lat' dir='ltr'><strong>distinxi</strong></span> <span class='ocrx_word' id='word_1_396' title='bbox 529 4394 598 4449; x_wconf 77' lang='lat' dir='ltr'><strong>atque</strong></span> <span class='ocrx_word' id='word_1_397' title='bbox 627 4385 756 4435; x_wconf 81' lang='lat' dir='ltr'><strong>emendavi.</strong></span> <span class='ocrx_word' id='word_1_398' title='bbox 798 4383 866 4434; x_wconf 86' lang='lat' dir='ltr'><strong>Nunc</strong></span> <span class='ocrx_word' id='word_1_399' title='bbox 916 4395 978 4435; x_wconf 90' lang='lat' dir='ltr'><strong>ctum</strong></span> <span class='ocrx_word' id='word_1_400' title='bbox 997 4386 1026 4433; x_wconf 92' lang='lat' dir='ltr'><strong>ad</strong></span> <span class='ocrx_word' id='word_1_401' title='bbox 1045 4393 1131 4434; x_wconf 87' lang='lat' dir='ltr'><strong>terram</strong></span> <span class='ocrx_word' id='word_1_402' title='bbox 1156 4394 1179 4434; x_wconf 87' lang='lat' dir='ltr'><strong>et</strong></span> <span class='ocrx_word' id='word_1_403' title='bbox 1206 4394 1332 4443; x_wconf 87' lang='lat' dir='ltr'><strong>mortuum,</strong></span> <span class='ocrx_word' id='word_1_404' title='bbox 1361 4401 1414 4436; x_wconf 83' lang='lat' dir='ltr'><strong>mos</strong></span> <span class='ocrx_word' id='word_1_405' title='bbox 1433 4396 1467 4435; x_wconf 78' lang='lat' dir='ltr'><strong>ts·</strong></span> 
     </span>
     <span class='ocr_line' id='line_1_40' title="bbox 314 4451 1468 4517; baseline 0.002 -17"><span class='ocrx_word' id='word_1_406' title='bbox 314 4452 458 4514; x_wconf 78' lang='lat' dir='ltr'><strong>glorificatus</strong></span> <span class='ocrx_word' id='word_1_407' title='bbox 483 4460 519 4503; x_wconf 86' lang='lat' dir='ltr'><strong>est</strong></span> <span class='ocrx_word' id='word_1_408' title='bbox 541 4453 603 4502; x_wconf 81' lang='lat' dir='ltr'><strong>filius</strong></span> <span class='ocrx_word' id='word_1_409' title='bbox 627 4453 738 4510; x_wconf 87' lang='lat' dir='ltr'><strong>hominis,</strong></span> <span class='ocrx_word' id='word_1_410' title='bbox 765 4460 788 4500; x_wconf 88' lang='lat' dir='ltr'><strong>et</strong></span> <span class='ocrx_word' id='word_1_411' title='bbox 805 4451 865 4501; x_wconf 87' lang='lat' dir='ltr'><strong>dens</strong></span> <span class='ocrx_word' id='word_1_412' title='bbox 916 4452 1382 4517; x_wconf 77' lang='lat' dir='ltr'><strong>meuglorificabitperresurrectionem</strong></span> <span class='ocrx_word' id='word_1_413' title='bbox 1394 4462 1468 4504; x_wconf 84' lang='lat' dir='ltr'><strong>morta</strong></span> 
     </span>
     <span class='ocr_line' id='line_1_41' title="bbox 314 4515 1012 4582; baseline -0.001 -13"><span class='ocrx_word' id='word_1_414' title='bbox 314 4520 459 4582; x_wconf 74' lang='lat' dir='ltr'><strong>giorillertns</strong></span> <span class='ocrx_word' id='word_1_415' title='bbox 477 4529 513 4569; x_wconf 88' lang='lat' dir='ltr'><strong>est</strong></span> <span class='ocrx_word' id='word_1_416' title='bbox 530 4521 615 4570; x_wconf 89' lang='lat' dir='ltr'><strong>inillo.</strong></span> <span class='ocrx_word' id='word_1_417' title='bbox 640 4515 786 4579; x_wconf 65' lang='lat' dir='ltr'><strong>Qnfldensl</strong></span> <span class='ocrx_word' id='word_1_418' title='bbox 814 4519 864 4570; x_wconf 90' lang='lat' dir='ltr'><strong>Uti·</strong></span> <span class='ocrx_word' id='word_1_419' title='bbox 915 4520 1012 4571; x_wconf 83' lang='lat' dir='ltr'><strong>devicta.</strong></span> 
     </span>
     <span class='ocr_line' id='line_1_42' title="bbox 314 4585 1468 4655; baseline 0.002 -18"><span class='ocrx_word' id='word_1_420' title='bbox 314 4603 360 4655; x_wconf 82' lang='lat' dir='ltr'><strong>qne</strong></span> <span class='ocrx_word' id='word_1_421' title='bbox 378 4602 424 4637; x_wconf 92' lang='lat' dir='ltr'><strong>non</strong></span> <span class='ocrx_word' id='word_1_422' title='bbox 443 4596 518 4651; x_wconf 79' lang='lat' dir='ltr'><strong>pater,</strong></span> <span class='ocrx_word' id='word_1_423' title='bbox 536 4589 619 4652; x_wconf 87' lang='lat' dir='ltr'><strong>inquit,</strong></span> <span class='ocrx_word' id='word_1_424' title='bbox 637 4588 679 4638; x_wconf 86' lang='lat' dir='ltr'><strong>sed</strong></span> <span class='ocrx_word' id='word_1_425' title='bbox 689 4601 769 4636; x_wconf 86' lang='lat' dir='ltr'><strong>termo</strong></span> <span class='ocrx_word' id='word_1_426' title='bbox 779 4588 863 4651; x_wconf 79' lang='lat' dir='ltr'><strong>petris,</strong></span> <span class='ocrx_word' id='word_1_427' title='bbox 948 4589 1005 4651; x_wconf 84' lang='lat' dir='ltr'><strong>Cap.</strong></span> <span class='ocrx_word' id='word_1_428' title='bbox 1024 4587 1099 4637; x_wconf 82' lang='lat' dir='ltr'><strong>xxiv.</strong></span> <span class='ocrx_word' id='word_1_429' title='bbox 1125 4603 1146 4635; x_wconf 85' lang='lat' dir='ltr'><strong>a.</strong></span> <span class='ocrx_word' id='word_1_430' title='bbox 1165 4585 1372 4652; x_wconf 79' lang='lat' dir='ltr'><strong>liomiue‚inqnitl</strong></span> <span class='ocrx_word' id='word_1_431' title='bbox 1391 4588 1468 4639; x_wconf 78' lang='lat' dir='ltr'><strong>Deleri</strong></span> 
     </span>
     <span class='ocr_line' id='line_1_43' title="bbox 314 4655 1468 4720; baseline 0.002 -15"><span class='ocrx_word' id='word_1_432' title='bbox 314 4656 354 4720; x_wconf 84' lang='lat' dir='ltr'><strong>qni</strong></span> <span class='ocrx_word' id='word_1_433' title='bbox 372 4663 423 4705; x_wconf 80' lang='lat' dir='ltr'><strong>erat</strong></span> <span class='ocrx_word' id='word_1_434' title='bbox 440 4656 462 4704; x_wconf 90' lang='lat' dir='ltr'><strong>in</strong></span> <span class='ocrx_word' id='word_1_435' title='bbox 481 4655 529 4704; x_wconf 88' lang='lat' dir='ltr'><strong>lilio</strong></span> <span class='ocrx_word' id='word_1_436' title='bbox 542 4656 652 4714; x_wconf 86' lang='lat' dir='ltr'><strong>hominis,</strong></span> <span class='ocrx_word' id='word_1_437' title='bbox 670 4655 693 4705; x_wconf 92' lang='lat' dir='ltr'><strong>id</strong></span> <span class='ocrx_word' id='word_1_438' title='bbox 704 4657 772 4704; x_wconf 83' lang='lat' dir='ltr'><strong>estin</strong></span> <span class='ocrx_word' id='word_1_439' title='bbox 783 4669 863 4715; x_wconf 82' lang='lat' dir='ltr'><strong>carue,</strong></span> <span class='ocrx_word' id='word_1_440' title='bbox 913 4655 1054 4719; x_wconf 72' lang='lat' dir='ltr'><strong>perticulam</strong></span> <span class='ocrx_word' id='word_1_441' title='bbox 1075 4657 1142 4715; x_wconf 85' lang='lat' dir='ltr'><strong>enirn,</strong></span> <span class='ocrx_word' id='word_1_442' title='bbox 1167 4665 1193 4704; x_wconf 90' lang='lat' dir='ltr'><strong>ut</strong></span> <span class='ocrx_word' id='word_1_443' title='bbox 1210 4671 1270 4719; x_wconf 85' lang='lat' dir='ltr'><strong>quae</strong></span> <span class='ocrx_word' id='word_1_444' title='bbox 1288 4666 1424 4707; x_wconf 82' lang='lat' dir='ltr'><strong>accreverat</strong></span> <span class='ocrx_word' id='word_1_445' title='bbox 1442 4671 1468 4706; x_wconf 78' lang='lat' dir='ltr'><strong>er</strong></span> 
     </span>
     <span class='ocr_line' id='line_1_44' title="bbox 313 4722 1469 4788; baseline 0.002 -15"><span class='ocrx_word' id='word_1_446' title='bbox 313 4724 336 4773; x_wconf 92' lang='lat' dir='ltr'><strong>in</strong></span> <span class='ocrx_word' id='word_1_447' title='bbox 355 4738 400 4788; x_wconf 76' lang='lat' dir='ltr'><strong>qur</strong></span> <span class='ocrx_word' id='word_1_448' title='bbox 419 4731 442 4771; x_wconf 84' lang='lat' dir='ltr'><strong>et</strong></span> <span class='ocrx_word' id='word_1_449' title='bbox 459 4722 603 4784; x_wconf 81' lang='lat' dir='ltr'><strong>glorificatus</strong></span> <span class='ocrx_word' id='word_1_450' title='bbox 621 4724 666 4772; x_wconf 89' lang='lat' dir='ltr'><strong>iam</strong></span> <span class='ocrx_word' id='word_1_451' title='bbox 686 4732 739 4771; x_wconf 81' lang='lat' dir='ltr'><strong>rute</strong></span> <span class='ocrx_word' id='word_1_452' title='bbox 757 4730 807 4772; x_wconf 78' lang='lat' dir='ltr'><strong>erat</strong></span> <span class='ocrx_word' id='word_1_453' title='bbox 825 4722 862 4771; x_wconf 87' lang='lat' dir='ltr'><strong>le·</strong></span> <span class='ocrx_word' id='word_1_454' title='bbox 912 4724 1079 4772; x_wconf 87' lang='lat' dir='ltr'><strong>terminatione</strong></span> <span class='ocrx_word' id='word_1_455' title='bbox 1097 4723 1159 4772; x_wconf 79' lang='lat' dir='ltr'><strong>uocis</strong></span> <span class='ocrx_word' id='word_1_456' title='bbox 1178 4738 1334 4788; x_wconf 73' lang='lat' dir='ltr'><strong>praegressos</strong></span> <span class='ocrx_word' id='word_1_457' title='bbox 1360 4733 1384 4775; x_wconf 87' lang='lat' dir='ltr'><strong>et</strong></span> <span class='ocrx_word' id='word_1_458' title='bbox 1402 4726 1469 4775; x_wconf 90' lang='lat' dir='ltr'><strong>initio</strong></span> 
     </span>
     <span class='ocr_line' id='line_1_45' title="bbox 311 4791 1148 4857; baseline -0.002 -16"><span class='ocrx_word' id='word_1_459' title='bbox 311 4806 363 4851; x_wconf 77' lang='lat' dir='ltr'><strong>sne,</strong></span> <span class='ocrx_word' id='word_1_460' title='bbox 381 4791 525 4853; x_wconf 77' lang='lat' dir='ltr'><strong>glorificatus</strong></span> <span class='ocrx_word' id='word_1_461' title='bbox 542 4805 596 4840; x_wconf 88' lang='lat' dir='ltr'><strong>vero</strong></span> <span class='ocrx_word' id='word_1_462' title='bbox 612 4792 694 4840; x_wconf 87' lang='lat' dir='ltr'><strong>rirtnte</strong></span> <span class='ocrx_word' id='word_1_463' title='bbox 706 4798 730 4840; x_wconf 82' lang='lat' dir='ltr'><strong>ct</strong></span> <span class='ocrx_word' id='word_1_464' title='bbox 742 4804 861 4841; x_wconf 86' lang='lat' dir='ltr'><strong>sermone.</strong></span> <span class='ocrx_word' id='word_1_465' title='bbox 912 4792 975 4842; x_wconf 76' lang='lat' dir='ltr'><strong>nocis</strong></span> <span class='ocrx_word' id='word_1_466' title='bbox 994 4793 1148 4857; x_wconf 82' lang='lat' dir='ltr'><strong>insequentis.</strong></span> 
     </span>
    </p>

    <p class='ocr_par' dir='ltr' id='par_1_28' title="bbox 313 4857 861 4922">
     <span class='ocr_line' id='line_1_46' title="bbox 313 4857 861 4922; baseline -0.002 -13"><span class='ocrx_word' id='word_1_467' title='bbox 313 4858 343 4909; x_wconf 79' lang='lat' dir='ltr'><strong>Et</strong></span> <span class='ocrx_word' id='word_1_468' title='bbox 366 4859 439 4922; x_wconf 83' lang='lat' dir='ltr'><strong>deus,</strong></span> <span class='ocrx_word' id='word_1_469' title='bbox 465 4858 554 4922; x_wconf 87' lang='lat' dir='ltr'><strong>inquit,</strong></span> <span class='ocrx_word' id='word_1_470' title='bbox 580 4858 720 4920; x_wconf 74' lang='lat' dir='ltr'><strong>glorificabit</strong></span> <span class='ocrx_word' id='word_1_471' title='bbox 746 4857 813 4908; x_wconf 86' lang='lat' dir='ltr'><strong>illurn</strong></span> <span class='ocrx_word' id='word_1_472' title='bbox 837 4858 861 4908; x_wconf 90' lang='lat' dir='ltr'><strong>in</strong></span> 
     </span>
    </p>
   </div>
   <div class='ocr_carea' id='block_1_5' title="bbox 0 0 1626 5775">
    <p class='ocr_par' dir='ltr' id='par_1_29' title="bbox 0 0 1626 5775">
     <span class='ocr_line' id='line_1_47' title="bbox 0 0 1626 5775; baseline 0 0"><span class='ocrx_word' id='word_1_473' title='bbox 0 0 1626 5775; x_wconf 95' lang='lat' dir='ltr'><strong> </strong></span> 
     </span>
    </p>
   </div>
  </div>
 </body>
</html>
