3242 5775
477 653 624 697 tonnano
646 652 818 700 marona!
837 651 917 700 rarat
937 651 1080 706 anteana.
1335 633 1403 724 m

154 808 252 856 Secreto
270 806 366 869 iugenio
384 819 484 869 aperana
502 819 530 856 ae
546 818 620 869 perae
636 803 719 856 lune
768 811 773 822 ·
792 803 1012 870 Quique-damnali
1027 817 1125 858 aarum
1140 803 1272 870 apiremloe
1286 802 1369 870 airam,
1410 801 1447 858 dd

146 890 257 956 Tandem
275 890 315 941 lna
331 891 425 940 animae
443 889 522 940 carnia
538 890 628 954 captiaa
646 895 748 951 tenum,
792 889 889 954 Quique
900 889 967 941 dedit
977 887 1439 956 lwetnlamqnlroeeloeaiua.

115 979 138 1046 s
152 977 337 1041 Desperatornua
356 982 432 1025 certat
449 988 505 1038 epea
522 973 608 1034 lortiqr
625 974 703 1024 boate.
792 974 862 1024 lianc
877 981 949 1038 negat
964 987 1020 1026 eaae
1034 975 1136 1038 bonum,
1151 973 1334 1026 muner
1344 987 1401 1028 ene

154 1061 208 1124 ipae
226 1062 346 1124 liguratur,
364 1067 490 1110 renovator
507 1059 615 1124 corporia
636 1058 697 1123 ipae,
1093 1057 1197 1126 Maur,

105 1146 141 1196 to
153 1145 234 1195 Gloria
252 1159 305 1195 nera
322 1145 405 1209 patria,
423 1144 462 1195 dei
479 1143 552 1208 tiliua,
570 1143 655 1194 nnicua
672 1148 764 1196 aneton
791 1141 927 1208 Crudelem,
944 1141 1040 1208 duram,
1061 1141 1120 1194 beili
1141 1142 1182 1194 eal
1197 1155 1268 1196 aaeaa
1264 1143 1400 1210 inqua,

152 1230 226 1280 luder
244 1236 267 1279 et
284 1229 395 1280 dominun
413 1229 483 1291 uenit,
500 1242 541 1278 rer
558 1227 660 1293 inclytus
677 1226 751 1294 orbia,
789 1226 882 1278 iudicio
904 1227 1064 1292 horrendam,
1095 1227 1209 1293 precibua
1229 1241 1401 1286 mauauoome
1502 1292 1507 1302 ,

152 1315 282 1379 Opprerein
305 1314 396 1364 neniam
424 1314 481 1364 dare
509 1320 643 1377 promptae,
671 1310 763 1362 noluere
1095 1310 1176 1378 nubta,
1295 1305 1315 1356 '·
1363 1355 1369 1376 ,

457 1398 557 1460 unctor,
789 1395 1442 1470 Enaeabumanadenqenliiqnicoauiiaauaqaamdd

153 1484 228 1534 Cnina
245 1484 364 1533 amicitiae
381 1481 477 1544 anxilio,
495 1482 611 1546 patientia
628 1496 729 1546 poenae,
790 1482 837 1542 Qui
860 1496 909 1532 non
931 1489 1104 1552 eatluaquam,
1125 1481 1214 1544 binum
1230 1483 1285 1536 alue
1300 1483 1399 1538 mattiae

151 1569 182 1618 Et
191 1568 251 1619 deus
264 1576 288 1618 et
296 1575 421 1618 renovatae
433 1568 506 1617 bomo
518 1567 634 1617 naiacetur
643 1566 667 1616 in
680 1560 763 1628 annm,
1094 1581 1193 1634 nmen,
1219 1627 1224 1634 ⁸

105 1654 221 1716 t5Virpo
239 1652 408 1718 noncupant,
431 1652 514 1716 patefit
530 1665 590 1701 nora
606 1651 678 1701 ianua
693 1651 762 1713 ailae,
790 1649 945 1702 Coneutuem
958 1649 1025 1715 nibil,
1040 1635 1399 1724 etnuliapeaeeeptelneatne.
1467 1635 1474 1646 ⁸

150 1741 221 1789 Dicta
236 1739 407 1803 prophetarum
424 1736 494 1787 rectia
511 1735 608 1800 implete
622 1735 762 1800 probantur,
790 1735 1400 1806 llnncaiteaaebonum,nuliumquiiudleat,aeque

150 1806 249 1888 T'empia
272 1822 410 1873 sacerdotes
427 1821 547 1886 linquunt,
564 1819 647 1870 atellae
664 1834 763 1885 quoque
789 1820 838 1871 Sed
856 1820 933 1885 parcit
949 1820 1050 1884 cuneda,
1067 1821 1139 1872 altam
1154 1835 1204 1874 aon
1220 1822 1310 1876 inridet
1324 1823 1381 1878 alil.-

394 1912 400 1929 ¹
458 1906 531 1957 ductu
789 1905 907 1956 indicium
923 1913 994 1970 negat
1011 1906 1131 1970 eaaereia,
1148 1905 1442 1978 duleiqnemneqtamdb
1467 1959 1471 1968 ,

150 1995 266 2044 ilirantur
283 1992 406 2042 dominnm
423 1996 761 2054 mntameeeernerepartum.
789 1987 932 2042 Circumlert
948 1990 1043 2042 miaerie
1059 1991 1159 2044 mixtum
1172 1993 1229 2044 euni
1243 1991 1314 2046 melle
1328 2007 1401 2046 raue-

151 2080 178 2129 in
193 2079 273 2128 riuum
289 2084 412 2127 uertuntur
428 2091 513 2142 aquae,
531 2074 685 2126 memorabile
702 2074 761 2136 ιίιιι,
1096 2089 1163 2128 num.

105 2162 394 2216 bobuminareddnntur
408 2161 762 2224 caecis,inaeaquetrementea
789 2160 1060 2224 Surqerepoaaenepat
1071 2161 1400 2226 rammanieaneanhae
1490 2217 1494 2224 ,

150 2251 286 2300 Daemonee
305 2247 396 2312 erpuini
412 2248 524 2310 clamant,
542 2246 711 2310 Christumque
727 2244 762 2296 la-
789 2246 844 2309 lpae
860 2244 913 2308 init,
930 2259 1003 2310 quarn
1019 2252 1180 2312 contemptam
1191 2247 1399 2316 apdiantimqae.

457 2338 545 2381 rentur.
790 2330 918 2394 Propterea
930 2328 1072 2381 maledictae
1080 2331 1153 2382 babet
1163 2330 1217 2384 aine
1228 2332 1400 2400 daedalorem,
1412 2325 1415 2330 ’

150 2419 238 2470 Omnia
255 2424 369 2467 canantur
386 2417 457 2466 aerbo
475 2417 522 2466 iam
540 2414 620 2465 tabida
637 2415 751 2476 membra,
790 2415 872 2465 lloatie
885 2413 942 2465 boio
951 2427 1060 2485 temper·
1078 2415 1143 2466 nario
1154 2417 1212 2482 qnia
1223 2415 1443 2484 minuaaitnlb

148 2504 200 2554 tan
218 2503 323 2566 mutter
340 2500 448 2564 claudus,
465 2500 553 2551 eurdna
571 2515 639 2566 apem
653 2500 762 2565 protinna
788 2500 877 2550 Nititur
889 2505 1002 2550 excutere
1011 2506 1043 2564 et,
1052 2500 1083 2550 de
1096 2514 1145 2565 qua
1157 2501 1207 2552 rntt
1216 2501 1278 2566 ipae,
1288 2501 1400 2556 relatam.
1488 2551 1491 2558 .

456 2584 530 2649 audii,
789 2584 865 2650 laque
877 2585 923 2634 boo
936 2590 961 2635 el
969 2584 1089 2636 cunctum
1101 2585 1174 2638 lerria
1188 2586 1282 2638 renim
1286 2573 1401 2660 repenle,

151 2675 198 2725 bat
210 2673 315 2722 dextram
322 2684 422 2721 mancae
423 2670 762 2735 ,loquiturmaqnalianrntuq
789 2669 837 2719 Sed
855 2668 921 2720 nuda
938 2655 1031 2722 cicinni
1048 2669 1128 2720 carnia
1145 2663 1408 2738 compaginatam,

105 2759 140 2810 55
151 2755 761 2820 Pitmaretranqnilluminsanientiquequieaeunt
789 2753 1013 2818 Spirituaaalorme,
1024 2753 1401 2824 erbetumaubimaaineear'pna,
1483 2778 1501 2804 .·

152 2843 239 2894 Omnia
267 2848 415 2904 cognoscunt
443 2839 579 2903 dominnm,
609 2838 763 2891 contunditur
788 2837 1442 2907 Pallererultbominea,qnodaoneat,eaaeaideri.Pb

458 2926 543 2989 boetia,
823 2924 1401 2991 floodecetergodeum‚aaiiqineindereanaaaa,

151 3014 250 3077 lamque
261 3013 419 3075 triumphatus
428 3011 493 3061 ierus
502 3011 574 3061 ermis
587 3019 655 3075 paret
665 3011 761 3076 iniquia.
789 3010 882 3061 ilentiri
900 3009 976 3073 noina,
992 3016 1035 3060 aut
1051 3010 1172 3061 bominem
1190 3012 1402 3065 aedicereiaiaai
1495 2996 1498 3001 ¹

186 3098 272 3148 Omnia
283 3111 337 3146 cum
349 3095 526 3145 recocatnridet
534 3110 596 3160 quae
605 3103 701 3161 ceperat
710 3096 762 3159 ipae
789 3095 905 3159 Portatnr,
922 3094 1036 3158 graditur,
1053 3095 1160 3157 reatitur,
1177 3095 1223 3148 rite
1239 3098 1352 3163 qnieacii,

151 3181 233 3232 Gladio
245 3181 269 3230 in
281 3181 404 3231 interitum
422 3195 524 3230 mersam
541 3181 588 3230 iam
600 3195 697 3242 surgere
711 3195 762 3231 car·
787 3179 920 3245 Tractatnr,
936 3179 1034 3244 patitur,
1052 3180 1209 3244 auapendiiur
1225 3188 1251 3232 et
1268 3180 1398 3248 aepeiitura
1442 3206 1444 3211 ·

456 3279 519 3327 nem,
789 3265 875 3315 Omnia
892 3270 950 3314 eant
966 3263 1070 3313 bominis
1088 3278 1150 3328 quae
1168 3271 1252 3315 nanno
1261 3265 1285 3316 in
1299 3280 1401 3333 corpore
1410 3264 1459 3317 1⁰0

105 3353 178 3405 uoto
198 3350 277 3401 caelos
296 3351 416 3401 bominem
435 3349 524 3399 devicta
541 3358 618 3399 morte
635 3349 714 3414 ierari,
1092 3362 1198 3411 veranne,

152 3437 246 3499 Sipnari
264 3435 375 3500 populos,
394 3435 470 3484 educo
488 3435 587 3499 pignore
604 3441 696 3497 sancio,
789 3434 808 3482 b
826 3441 894 3497 patre
910 3446 972 3502 aero·
984 3430 1137 3494 deomieeue,
1156 3432 1197 3496 qui
1209 3435 1400 3498 cunctaereaait,

150 3522 272 3572 Mirandae
289 3521 381 3570 virtutis
399 3534 468 3583 opus,
486 3519 608 3583 invisaque
625 3517 695 3582 lacta,
790 3516 892 3567 Perfecit
908 3515 1013 3579 proprie,
1031 3528 1084 3578 ana,
1102 3528 1150 3564 non
1167 3514 1245 3567 aliena
1257 3518 1399 3585 requireua;

151 3606 530 3658 Auditetortremasssnmrnarnna
541 3605 564 3654 in
573 3611 663 3666 gurgite
672 3616 763 3667 poenas
791 3601 904 3664 Cognitue
912 3600 966 3663 ipro
979 3612 1061 3663 opere,
1070 3599 1326 3670 popuiiaaperantibaa
1334 3602 1401 3669 obn,

151 3692 278 3742 Adnanino
288 3692 334 3741 sibi
342 3697 472 3755 perpetuas
485 3691 645 3752 tenebraeque
660 3693 763 3751 paratae,
790 3688 882 3750 Perque
900 3684 1070 3749 prophetarum
1085 3698 1167 3734 rocem
1179 3686 1319 3736 notiaaimna
1330 3686 1399 3739 orbi:

105 3776 141 3827 65
154 3779 286 3837 irrevocata
304 3776 342 3825 dei
361 3775 486 3824 sententia.
516 3774 608 3836 Nudus,
627 3772 733 3834 inermia,
790 3771 819 3821 bt
836 3784 901 3822 nnnc
919 3775 1036 3819 errantem
1050 3768 1177 3820 manileato
1189 3770 1400 3839 inliminemortia
1411 3770 1459 3823 1⁰5

151 3864 291 3923 Damnatus,
308 3861 392 3921 rictus,
410 3861 530 3924 periturns
548 3867 624 3908 morte
642 3857 750 3921 perenni,
791 3858 898 3920 iqnnlntn
911 3853 1034 3904 dominnm
1047 3861 1174 3919 quaerunt,
1188 3856 1400 3933 noanmqnerelin·

152 3948 202 3997 lant
212 3961 276 4008 reus,
295 3954 318 3995 ct
327 3944 416 3995 nullam
430 3944 521 3994 reniam
530 3959 556 3994 se
570 3951 650 3995 oenus
667 3943 763 4005 babere,
1096 3946 1180 4003 quant.

153 4032 264 4082 Protinus
289 4039 419 4080 extremum
446 4029 513 4079 netas
540 4044 626 4092 anona,
653 4041 764 4092 spargere
792 4026 898 4085 Onerum
912 4024 971 4075 [alae
983 4024 1052 4088 iidea,
1062 4022 1138 4075 lalana
1149 4023 1400 4092 deua,irritamernea,

458 4115 548 4178 passim
790 4111 859 4161 Palea
876 4108 1029 4180 resurrectio,
1046 4108 1131 4159 mortia
1149 4110 1248 4161 deuotio
1265 4110 1332 4174 laica,

153 4201 257 4250 Auribus
275 4200 421 4250 horrendum
445 4200 541 4250 uerbum
559 4212 638 4263 neqne
654 4211 712 4247 noce
729 4196 765 4246 io-
791 4195 901 4260 liartyrin
918 4200 943 4243 el
958 4207 1039 4256 vacua,
1056 4201 1081 4244 et
1093 4193 1181 4245 Citriati
1198 4211 1296 4263 qnoque
1312 4210 1400 4249 nomeu

459 4285 580 4349 quendum
1095 4278 1174 4330 inane.

107 4369 143 4419 ἰθ
155 4371 267 4420 Αὶιίειιοε
285 4385 299 4419 a
317 4369 387 4434 plebe
406 4369 452 4432 dei,
471 4370 522 4418 sine
540 4369 593 4419 lucc
611 4376 730 4431 vagantes,
792 4366 869 4424 Quem
887 4361 993 4427 musicae
1010 4360 1112 4413 nebulae
1128 4363 1231 4417 aimilem
1247 4367 1341 4417 aeniaae
1357 4364 1400 4417 do·
1411 4364 1459 4425 tto

155 4458 264 4505 inventos
278 4456 330 4504 sine
344 4462 424 4504 mente
434 4455 504 4515 uiros,
521 4462 614 4503 tenena
626 4458 764 4516 requenter,
1096 4455 1187 4513 ceulea,

154 4545 271 4603 egressus
289 4540 351 4603 pravi
369 4554 452 4603 prauos
471 4538 541 4588 docet
559 4552 613 4588 esse
630 4538 764 4599 magistron.
792 4535 930 4603 ilcndncenr
947 4531 1004 4583 iacti
1022 4531 1145 4585 dementes
1163 4548 1217 4585 eene
1234 4533 1345 4595 intentur,

189 4626 313 4676 Praedicnt
330 4626 368 4673 bis
387 4624 447 4674 dnos
466 4638 519 4673 esse
536 4629 625 4687 patrer,
644 4622 765 4685 divisaque
791 4618 959 4691 Nequidquam
976 4630 1082 4683 paaaum,
1099 4617 1215 4691 populum
1231 4619 1284 4669 aine
1301 4616 1400 4689 crimine

459 4722 539 4770 regna,
1096 4704 1185 4754 fictam.
1234 4716 1237 4723 ⁴

154 4797 214 4846 Esse
238 4794 293 4845 rnoli
324 4810 420 4846 cansam
445 4794 568 4844 dominnm
591 4793 632 4857 qui
659 4788 765 4842 condidit
792 4785 1401 4840 Siererardenaibidominoreiernutnrbonoreal

458 4878 549 4940 orbem,
793 4874 845 4925 beu
863 4874 944 4924 miaeri
961 4873 1033 4936 gratia
1049 4873 1140 4936 inarata
1155 4878 1232 4923 morte
1249 4871 1381 4943 peremptil
