3242 5775
307 653 368 716 tot
580 667 683 720 emori
705 666 838 710 sarritur
860 665 1027 709 monearis
1050 666 1247 710 rorantium

305 808 553 899 germinaverunt
585 815 726 878 Eiusdem
750 823 798 878 est
819 814 898 876 enim
919 824 1025 895 postea
1048 814 1278 895 ¹'superducere
1293 816 1415 895 legem*
1436 817 1479 898 qui

303 929 371 982 ante
392 917 586 998 praemiserat
607 925 814 997 praeceptum,
839 915 1006 997 ¹⁹quoniam
1022 926 1052 978 et
1067 917 1163 996 ipsius
1179 925 1225 979 est
1240 916 1365 979 erudire
1381 926 1480 998 postea
1522 874 1526 1026 l

276 1020 354 1100 'qui
375 1019 490 1080 ”antes
511 1018 610 1080 iustos
638 1019 767 1079 lormare
795 1017 974 1079 instituerat.
1023 1018 1101 1091 Quid
1130 1018 1210 1080 enim
1239 1018 1370 1091 mirum,
1406 1019 1433 1081 si
1456 1019 1480 1080 is

304 1129 392 1200 auget
412 1118 597 1198 disciplinam
609 1118 668 1198 qui
692 1118 836 1192 instituit,
859 1119 884 1179 si
907 1117 935 1178 is
956 1119 1076 1198 prolicit
1096 1119 1147 1198 qui
1169 1118 1292 1199 coepit?
1329 1119 1481 1198 Denique‘

207 1245 212 1250 ·
305 1229 374 1284 ante
395 1222 490 1300 legem
505 1219 599 1300 lloysi
622 1219 763 1299 scriptam
785 1219 816 1284 in
839 1219 944 1280 tabulis
965 1218 1089 1298 lapideis
1112 1220 1208 1299 legem
1223 1220 1318 1283 luisse
1333 1221 1481 1282 contendo

305 1341 366 1384 non
388 1322 545 1402 scriptam,
576 1340 652 1400 quae
679 1320 852 1380 naturaliter
878 1318 1104 1399 intellegebatur
1126 1329 1156 1382 et
1177 1339 1193 1381 a
1216 1321 1355 1400 patribus
1381 1331 1480 1383 custo·

165 1423 453 1487 ‘coorta-oiebaaor.
495 1421 569 1483 Nam
590 1421 669 1482 unde
690 1420 754 1481 Noe
776 1420 873 1482 iustus
896 1420 1048 1493 inventus,
1078 1421 1104 1481 si
1133 1441 1194 1483 non
1216 1421 1287 1482 ²¹illi
1309 1421 1481 1484 ²²naturalis

216 1533 218 1537 '
305 1523 379 1604 legis
401 1522 513 1585 iustitia
534 1518 781 1601 ”praecedebat‘l
804 1522 882 1583 unde
896 1521 1043 1582 Abrabam
1059 1521 1171 1583 amicus
1187 1523 1236 1583 dei
1258 1522 1436 1602 deputatus.
1457 1522 1481 1583 si

179 1640 367 1693 recuperor
389 1624 426 1685 de
447 1622 594 1702 aequitate
615 1631 645 1684 et
666 1620 779 1683 iustitia
801 1621 875 1701 legis
896 1620 1061 1684 naturalis?
1089 1623 1167 1684 unde
1188 1623 1410 1686 Melchisedech
1432 1643 1480 1704 sa·

155 1724 414 1800 oan.xrr,rs.oerdos
435 1723 484 1785 dei
506 1723 614 1785 summi
637 1732 841 1800 noncupatus,
869 1722 897 1783 si
924 1741 984 1783 non
1014 1732 1082 1784 ante
1104 1724 1250 1786 Leviticae
1278 1723 1355 1803 legis
1381 1742 1480 1794 sacer-

306 1825 421 1888 dotium
441 1807 560 1886 Levitae
587 1825 723 1895 luerunt,
752 1824 802 1901 qui
833 1824 975 1886 sacrificia
1002 1822 1059 1884 deo
1089 1821 1277 1885 ollerebant?
1323 1824 1377 1886 Sic
1406 1824 1481 1886 enim

305 1933 378 2009 post
404 1943 495 2005 supra
523 1923 653 2002 scriptos
680 1923 863 2003 patriarchas
892 1924 958 1986 data
985 1925 1032 1985 lex
1060 1933 1107 1985 est
1134 1925 1245 2004 Moysi,
1279 1943 1317 1986 eo
1346 1935 1482 2004 tempore

258 2053 261 2058 ·
305 2034 521 2106 posteaquam
548 2024 585 2085 ab
607 2025 737 2104 Aegypto
766 2033 976 2097 excesserunt,
1010 2032 1081 2104 post
1108 2024 1292 2086 intervallum
1321 2026 1484 2087 multorom

308 2138 476 2206 temporum
504 2124 564 2186 ”et
590 2125 695 2206 spatia.
748 2124 882 2204 Denique
915 2125 1013 2205 ”post
1040 2125 1273 2205 quadringentos
1306 2135 1336 2187 et
1366 2128 1482 2206 triginta

307 2245 404 2290 annos
429 2225 564 2288 Abrahae
589 2225 655 2287 data
684 2232 732 2286 est
758 2225 814 2287 lex.
867 2225 951 2289 Unde
978 2226 1175 2305 intellegimus
1205 2226 1252 2288 dei
1274 2225 1373 2306 legem
1397 2228 1483 2289 etiam

201 2335 203 2344 '
307 2336 375 2392 ante
390 2327 527 2407 lloysen,
550 2344 606 2387 nec
627 2326 657 2387 io
678 2325 826 2387 ”Choreb
849 2335 962 2389 tantum
984 2336 1035 2387 aut
1056 2325 1086 2387 in
1102 2327 1172 2388 Sina
1194 2334 1223 2387 et
1244 2328 1274 2387 in
1298 2345 1402 2389 eremo
1420 2329 1483 2409 pri-

307 2447 405 2503 murn,
428 2428 482 2489 sed
503 2427 717 2506 antiquiorem,
748 2427 877 2505 primum
899 2427 930 2489 io
951 2426 1108 2507 paradiso,
1137 2426 1272 2515 ”deinde
1294 2414 1483 2507 patriarchis,

300 2509 396 2609 'amne
417 2528 457 2590 ita
480 2535 511 2590 et
530 2527 646 2590 ludaeis
669 2526 758 2588 certis
781 2527 966 2607 temporibus
987 2529 1192 2600 reformatam,
1223 2538 1255 2589 ut
1281 2547 1344 2590 non
1367 2530 1427 2592 iam
1447 2530 1483 2591 ad

308 2629 402 2710 lloysi
423 2628 520 2707 legem
542 2627 582 2689 ita
604 2627 807 2701 attendamus,
838 2628 923 2707 qnasi
952 2628 988 2689 ad
1010 2628 1202 2708 principalem
1224 2628 1336 2708 legem,
1370 2632 1426 2693 sed
1447 2630 1483 2693 ad

308 2729 558 2808 subsequentem,
590 2746 678 2809 quam
706 2738 788 2790 certo
818 2737 952 2808 tempore
982 2728 1055 2790 deus
1084 2739 1114 2789 et
1141 2729 1277 2807 gentihus
1298 2730 1434 2791 exhibuit
1456 2738 1485 2792 et

246 2856 250 2862 ·
308 2820 524 2912 repromissam
551 2846 606 2910 per
631 2830 793 2911 prophetas
822 2828 853 2890 in
881 2828 988 2892 melius
1014 2830 1199 2904 reformavit,
1233 2840 1263 2893 et
1293 2832 1485 2910 praemonuit

308 2932 469 2994 ’lotorum
490 2939 539 3003 ut,
573 2931 661 2991 sicuti
689 2939 772 2992 certo
799 2940 935 3009 tempore
962 2931 1029 2992 data
1058 2940 1105 2992 est
1125 2931 1172 2992 lex
1193 2950 1248 3012 per
1269 2932 1412 3011 Moysen,
1444 2933 1483 2993 ita

309 3030 513 3111 temporaliter
540 3030 695 3091 observata
717 3038 747 3092 et
768 3031 916 3093 custodita
939 3032 1085 3093 credatur.
1139 3031 1200 3094 Nec
1220 3032 1387 3094 adimamus
1410 3035 1485 3095 banc

309 3133 357 3195 dei
377 3138 557 3213 potestatem
579 3149 635 3211 pro
657 3138 825 3209 temporum
848 3132 1023 3194 condicione
1044 3133 1118 3211 legis
1140 3143 1296 3213 praecepta
1311 3134 1482 3196 reforman-

308 3243 370 3295 tem
391 3232 449 3294 ¹lin
476 3231 606 3293 bominis
633 3230 798 3293 ”salutem
851 3232 983 3312 lienique
1010 3234 1060 3312 qui
1089 3234 1241 3295 contendit
1269 3242 1299 3295 et
1327 3234 1483 3296 sabbatum

308 3334 405 3397 adbuc
426 3331 646 3394 observandum
667 3333 752 3411 quasi
774 3320 878 3394 salu'tis
900 3333 1043 3394 medelam
1066 3342 1096 3394 et
1110 3334 1366 3396 circumcisionem
1390 3337 1484 3397 octavi

309 3434 368 3498 diei
390 3442 513 3514 propter
534 3433 639 3494 mortis
663 3433 939 3507 comminationem,
973 3433 1076 3495 doceat
1096 3434 1134 3495 'in
1164 3434 1355 3514 praeteritum
1385 3437 1484 3498 iustos

309 3528 510 3597 sabbatizasse
532 3542 583 3595 aut
603 3533 840 3605 circumcidisse,
871 3542 900 3594 et
921 3533 965 3597 sic
985 3535 1097 3596 amicos
1120 3536 1166 3596 dei
1189 3536 1322 3597 edoctos.
1359 3536 1436 3598 Nam
1457 3537 1481 3598 si

308 3634 496 3697 circumcisio
518 3642 625 3714 purgat
645 3634 812 3706 bominem,
845 3634 920 3696 deus
940 3635 1032 3696 Adam
1054 3636 1291 3724 incircumcisum
1312 3656 1380 3698 cum
1403 3632 1483 3700 lace-

309 3745 371 3807 ret,
393 3753 446 3797 cur
468 3752 535 3796 eum
558 3753 619 3796 non
640 3734 838 3808 circumcidit,
868 3735 913 3796 ael
934 3744 1039 3816 postea
1061 3754 1148 3815 quam
1170 3737 1305 3815 deliquit,
1330 3738 1357 3798 si
1379 3748 1485 3818 purgat

309 3832 522 3897 circumcisio?
556 3833 643 3896 Certe
664 3834 695 3895 in
717 3835 854 3914 paradiso
877 3837 1062 3898 constituens
1083 3856 1150 3898 eum
1167 3838 1408 3900 incircumcisum
1431 3859 1483 3901 co·

308 3933 412 3995 lonum
433 3933 564 4013 paradisi
584 3936 733 4013 praefecit.
765 3936 857 4015 Igitur
878 3956 944 3998 cum
966 3956 1063 4017 neque
1078 3938 1285 4000 circumcisum
1299 3956 1399 4018 neque
1414 3940 1484 4001 sab·

309 4031 486 4095 batizantem
518 4033 592 4096 deus
618 4035 710 4097 Adam
738 4036 914 4112 instituerit,
951 4048 1167 4117 consequenter
1196 4058 1315 4119 quoque
1347 4041 1484 4103 sobolem

313 4183 352 4234 18.
370 4184 534 4249 superducere
551 4202 601 4249 ego.
635 4187 771 4238 subdocere
788 4187 829 4238 ld.
864 4190 953 4239 docere
970 4191 1063 4255 reliqui.
1115 4192 1153 4242 ts.
1172 4192 1293 4256 quomodo
1311 4195 1336 4241 A.
1379 4191 1422 4242 20.
1441 4209 1484 4242 ao·

200 4256 203 4263 '
310 4258 348 4300 lea
366 4250 390 4299 l.
431 4260 485 4302 ante
509 4254 601 4318 reliqui.
660 4254 701 4304 21.
719 4257 754 4305 illi
772 4254 814 4305 ld.
858 4257 926 4307 illum
949 4260 992 4307 reli
1008 4261 1041 4307 ui.
1095 4258 1134 4308 22.
1162 4255 1299 4309 naturalis?
1332 4260 1400 4309 Unde
1426 4262 1484 4309 [idas

309 4319 389 4367 rtatim
409 4321 555 4382 procedebat
571 4319 595 4371 l.
656 4320 697 4371 23.
716 4323 864 4388 procedebat
884 4333 975 4388 praeter
992 4275 1015 4373 1
1034 4328 1102 4376 hobel
1120 4331 1189 4376 etism
1206 4329 1231 4376 d.
1294 4325 1335 4375 24.
1355 4336 1379 4377 et
1396 4345 1442 4377 om.
1459 4327 1483 4373 l.

309 4385 350 4434 25.
369 4393 425 4448 poet
443 4387 520 4438 CCCC
539 4395 563 4436 et
581 4390 676 4450 triginta
694 4391 719 4439 l.
760 4390 800 4440 26.
820 4391 916 4441 Choreb
934 4409 953 4443 e.
989 4392 1082 4442 Chores
1098 4395 1167 4444 Velie.
1203 4394 1292 4443 choros
1309 4397 1334 4443 A.
1371 4395 1484 4444 Corebd.

310 4453 375 4501 0reb
392 4454 485 4517 reliqui.
543 4454 735 4507 stromat.
777 4466 833 4522 post
856 4459 942 4510 deinde
959 4460 985 4509 Δ.
1025 4469 1082 4523 post
1105 4463 1198 4526 reliqui.
1256 4460 1297 4510 28.
1316 4462 1422 4511 loturam
1440 4463 1483 4512 ee.

198 4554 201 4559 .
309 4518 351 4569 29.
370 4521 394 4569 in
412 4522 507 4570 ioannis
524 4525 551 4572 A.
603 4522 644 4573 30.
662 4523 740 4573 salute
757 4525 801 4575 AB.

342 4653 366 4703 b.
391 4653 556 4717 superducere
579 4653 669 4718 legem]
697 4657 764 4708 ilaue
789 4673 869 4709 reram
922 4668 966 4710 eet
991 4661 1105 4725 Exempla
1123 4663 1179 4712 dedi
1194 4662 1361 4713 adllel’odic.
1380 4663 1481 4727 capiti.

307 4735 363 4770 eree
391 4721 583 4770 emendationem
608 4725 723 4774 evincitur
749 4727 784 4774 eie
808 4741 870 4789 quae
956 4743 977 4777 c.
998 4727 1117 4796 Denique]
1136 4730 1161 4779 ld
1175 4739 1211 4780 est
1221 4732 1291 4792 adeo,
1300 4732 1411 4795 proinde.
1431 4732 1482 4789 Ono

308 4788 476 4852 insequuntur.
500 4790 658 4852 Superducere
667 4806 712 4855 pro
722 4792 821 4852 addere,
832 4793 869 4842 in·
920 4795 1054 4856 significato
1074 4799 1119 4846 boc
1132 4788 1188 4861 ipso
1201 4801 1278 4865 capite
1287 4800 1406 4862 particula
1423 4801 1481 4847 baec

307 4869 382 4919 anper
400 4856 498 4917 addere,
509 4856 666 4907 'Tertulliano
685 4859 870 4911 usitatissimam
920 4862 1019 4926 saepiae
1037 4865 1164 4929 repetitor.
