3242 5775
735 658 774 701 mr
794 659 894 703 anmi.
1195 731 1201 738 ἡ
1337 650 1400 715 597

243 803 450 877 bebeteunco,
483 822 542 883 quo
564 813 659 867 totum
680 789 822 870 “facinus
844 808 1056 872 ’'extrahitur'‘
1077 812 1206 876 violento
1228 816 1399 895 puerperio.

242 905 282 968 Est
300 906 389 968 etiarn
412 925 535 968 aeneum
551 907 715 986 spiculum,
738 928 798 988 quo
814 910 955 989 iugulatio
970 912 1036 993 ipsa
1050 914 1188 995 dirigitur
1203 934 1290 977 caeco
1304 916 1399 979 latro-

241 1008 322 1069 cinio:
355 1003 672 1092 ’7ἒμβρυοσφάκτηνι
701 1010 849 1089 appellant
876 1011 913 1072 de
945 1014 1117 1076 infanticidii
1150 1016 1265 1090 officio,
1297 1018 1400 1097 utique

186 1121 188 1128 “
239 1109 350 1171 n'rentis
373 1109 494 1170 infantis
515 1110 760 1190 peremptorium.
794 1111 859 1173 lloo
873 1120 902 1174 et
916 1113 1112 1193 Hippocrates
1134 1114 1238 1179 habuit
1251 1119 1400 1180 etdscle·

238 1210 327 1287 piades
351 1219 382 1271 et
402 1210 599 1271 Erasistratus
623 1212 818 1273 etmalorum
842 1233 960 1293 quoque
991 1223 1148 1295 prosector
1168 1217 1348 1298 Herophilus
1371 1228 1401 1281 et

237 1312 325 1373 niticr
347 1311 414 1390 ipse
437 1311 585 1385 Soranus,
608 1312 680 1372 certi
703 1312 810 1373 animal
833 1332 901 1375 esse
923 1324 1114 1394 conceptum,
1141 1325 1228 1395 atque
1250 1317 1289 1379 ita
1311 1319 1399 1381 ”mi-

237 1413 298 1474 serti
319 1412 570 1474 ³'infelicissimas
597 1413 767 1474 huiusmodi
796 1415 953 1488 infantiae,
988 1425 1020 1477 ut
1049 1417 1134 1497 prius
1163 1418 1328 1493 occidatur,
1361 1438 1400 1481 ne

237 1512 315 1575 ⁴⁰riva
336 1513 474 1574 lanietur.
523 1513 566 1573 De
588 1532 644 1592 qua
667 1514 789 1576 sceleris
811 1515 989 1577 necessitate
1018 1534 1074 1577 nec
1101 1517 1268 1594 dubitabat,
1299 1520 1399 1594 credo,

237 1613 410 1686 ⁴¹llicesius‚
444 1615 501 1675 iam
524 1615 601 1675 natis
632 1616 757 1676 animam
786 1617 993 1695 superducens
1023 1637 1058 1679 ex
1080 1619 1159 1681 aeris
1181 1620 1278 1700 frigidi
1299 1620 1400 1700 pulsu,

186 1727 190 1738 '
237 1716 293 1793 quia
313 1715 374 1777 ⁴²et
395 1715 494 1795 ipsum
516 1715 690 1776 vocabulum
707 1717 821 1777 animae
836 1716 957 1796 ⁴³penes
974 1718 1103 1780 Graecos
1125 1720 1162 1781 de
1176 1721 1400 1799 refrigeratione
1443 1780 1447 1787 .

237 1815 481 1897 “respondens¹·.
528 1816 604 1877 Num
628 1836 698 1895 ergo
720 1817 863 1878 barbarea
883 1819 1092 1898 Romanaeque
1113 1828 1217 1898 gentes
1232 1820 1318 1882 aliter
1331 1822 1399 1882 ani·
1463 1865 1468 1878 .
1512 1842 1517 1856 ·

237 1926 357 1990 uantur,
379 1917 476 1995 “quia
498 1917 625 1978 animam
648 1918 725 1978 aliud
748 1919 845 1997 ⁴⁰quid
868 1937 954 1997 quam
970 1914 1077 2003 ψυχὴν
1093 1919 1398 1999 cognominaverunt?

238 2016 359 2089 Quantae
380 2035 451 2078 vero
474 2018 610 2079 nationes
640 2019 696 2079 sub
724 2019 945 2079 ferventissimo
974 2038 1029 2080 axe
1057 2028 1232 2095 censentur,
1266 2021 1396 2084 colorem
1485 2075 1489 2081 .

237 2135 340 2198 quoque
363 2117 524 2179 excoctae?
567 2120 651 2180 Unde
672 2119 730 2179 illis
753 2120 896 2191 ⁴⁷anima,
926 2119 1034 2199 quibus
1061 2122 1140 2183 aeris
1169 2122 1252 2201 rigor
1271 2121 1397 2185 nullus?

238 2216 322 2281 laceo
346 2219 529 2280 cubiculares
548 2230 648 2281 aestus
672 2229 702 2281 et
724 2239 841 2281 omnem
866 2221 924 2282 illic
945 2222 1051 2283 caloris
1072 2232 1240 2301 paraturam
1254 2223 1396 2286 enitenti-

238 2315 280 2381 bus
300 2321 516 2391 necessariam,
538 2320 641 2400 ⁴⁸quas
664 2322 756 2381 afflari
778 2322 824 2382 rel
846 2321 972 2382 maxime
994 2323 1157 2401 periculum
1180 2332 1235 2385 est.
1269 2324 1303 2384 ln
1319 2324 1396 2403 ipsis

238 2436 315 2497 paene
337 2421 451 2483 balneis
474 2422 551 2481 fetus
575 2421 715 2494 clabitur,
739 2431 768 2483 et
789 2423 888 2482 statim
911 2423 1024 2500 vagitus
1046 2424 1174 2485 auditur.
1208 2424 1345 2486 Ceterum
1369 2424 1395 2485 si

238 2523 301 2584 airis
323 2522 586 2602 rigorthesaurus
610 2523 810 2595 caterinae,
835 2532 915 2584 extra
932 2523 1105 2585 Germanias
1128 2535 1159 2586 et
1179 2524 1343 2603 ⁴'Scythias
1366 2534 1397 2587 ct

238 2620 309 2701 llpes
332 2634 363 2685 et
383 2623 544 2701 ⁸⁰hrgaeos
567 2642 655 2684 nemo
678 2623 780 2683 debuit
800 2624 894 2684 nasci.
947 2624 1053 2703 Atquin
1076 2633 1107 2686 et
1127 2625 1230 2706 populi
1252 2627 1394 2705 frequen-

239 2720 314 2787 tiores
337 2725 414 2804 apud
438 2724 610 2785 orientalem
634 2733 665 2785 et
685 2724 867 2785 meridialem
891 2733 1119 2804 temperaturam
1148 2728 1179 2787 e‘t
1199 2727 1317 2806 ingenia
1339 2744 1393 2788 ex-

238 2825 383 2899 peditiora,
413 2826 552 2886 omnibus
575 2826 594 2855 ⁵¹
603 2826 745 2887 Sarmatis
773 2827 858 2888 etiam
882 2836 981 2888 mente
1004 2827 1201 2906 torpentibus.
1246 2828 1284 2890 Et
1303 2826 1393 2890 animi

238 2926 300 2987 cuim
322 2928 360 2988 da
381 2926 530 3006 rigoribus
554 2928 690 2988 scitiores
721 2929 926 3006 provenirent,
960 2929 986 2989 si
1015 2928 1130 2990 animae
1160 2930 1197 2990 de
1224 2929 1394 3009 frigusculis

239 3029 391 3101 evenirent3
420 3047 486 3088 cum
509 3028 674 3089 substantia
697 3030 774 3090 enim
799 3038 829 3090 et
851 3032 904 3091 ris.
953 3030 1007 3089 llis
1034 3029 1073 3090 ita
1101 3032 1295 3110 praestructis
1317 3050 1393 3112 pos·

238 3141 324 3190 tumus
347 3130 414 3190 illos
437 3147 554 3207 quoque
577 3130 740 3208 recogitare
769 3131 818 3209 qui
841 3140 959 3190 exsecto
982 3131 1085 3192 matris
1107 3141 1191 3192 utero
1214 3132 1270 3192 riri
1293 3137 1393 3193 aerem

238 3223 398 3303 hauserunt,
420 3229 520 3289 Liberi
543 3230 632 3308 aliqui
656 3240 684 3290 ct
698 3230 885 3307 Scipionasr.
916 3230 1031 3301 Quodsi
1047 3231 1114 3309 qui,
1138 3239 1170 3291 ut
1185 3231 1297 3303 Plato⁰‚
1318 3249 1390 3310 per·

238 3323 290 3391 inde
310 3349 372 3391 non
394 3340 477 3409 putat
498 3330 571 3391 duas
594 3330 707 3389 animas
727 3331 756 3388 in
780 3348 870 3389 unum
886 3330 1061 3402 convenire,
1083 3331 1159 3391 sicut
1179 3348 1236 3391 nec
1256 3348 1391 3408 corpora,

235 3509 373 3567 ibfacinus
390 3518 449 3567 dllb.
491 3532 564 3580 pecus
591 3518 628 3566 Co.
688 3515 728 3563 36.
747 3514 878 3563 extrahitur
895 3517 935 3565 tt.
977 3515 1103 3564 attrahitur
1130 3515 1223 3577 reliqui.
1281 3512 1322 3562 37.
1346 3506 1393 3578 tp-

234 3577 416 3649 βρυοσφᾶκτην
434 3588 464 3645 lu,
485 3602 514 3633 ex
532 3587 643 3633 emendat.
660 3583 826 3632 Fuluiillrsiui.
862 3573 1069 3645 ἓμβρυοπάκτην
1084 3582 1109 3630 B.
1144 3577 1390 3629 EMBPYOPCEK·

235 3646 295 3698 THN
312 3646 541 3717 (ἕμβρυορσέκτην
552 3652 623 3714 limq.)
635 3653 713 3712 Abmp.
751 3650 862 3710 lliqoltiur
880 3652 904 3696 in
913 3652 938 3698 Α.
958 3650 1003 3710 legi
1016 3650 1072 3698 dicit
1086 3644 1392 3698 ΕΜΒΡΥΟΣΕΚΤΗΝ.

233 3715 356 3784 lefrcqctur
373 3729 470 3783 utruque
487 3737 537 3769 mec
555 3722 604 3768 eius
623 3722 677 3767 libri
695 3719 796 3767 collatio.
833 3707 1033 3780 ἔμβρυορέκτην
1052 3716 1089 3765 Cu
1130 3707 1330 3778 ἒμρρυονίκτην
1347 3717 1392 3766 Le.

231 3787 298 3836 liaiue.
334 3779 556 3853 ἕμβρυορῥήκτην
574 3789 623 3835 olii.
665 3785 705 3834 38.
727 3784 817 3833 miserti
836 3786 875 3833 lb.
913 3784 1018 3832 miserati
1029 3783 1086 3833 uta.
1128 3782 1168 3832 39.
1187 3783 1353 3834 infelicissime
1366 3787 1391 3834 B.

230 3852 327 3905 furius
348 3858 457 3903 lanietur.
484 3856 580 3916 [leque
601 3854 673 3903 scat.
709 3854 774 3901 vivat.
800 3851 941 3913 Dequad.
988 3850 1219 3901 affuturos.
1262 3849 1391 3902 luctu.

228 3920 261 3972 ld.
278 3939 368 3987 paenas
386 3928 411 3973 t.
463 3922 504 3970 44.
524 3923 674 3984 respondens
693 3921 767 3970 luto.
817 3919 963 3978 respondeat
988 3922 1018 3980 b,
1042 3921 1127 3983 purtim
1151 3935 1180 3968 es
1203 3920 1394 3970 contereretur

228 3987 304 4052 dreini,
326 3993 366 4054 qui
384 3992 472 4053 reponit
492 3998 559 4053 utque
577 3991 698 4050 distinguit
717 3987 906 4048 refrigeratione.
929 3987 1150 4049 Respondeatnnm
1163 3993 1214 4036 cett.
1249 3986 1290 4036 45.
1310 3989 1350 4050 qui
1365 3989 1391 4038 Α.

227 4056 406 4123 usquequam
426 4050 561 4120 thophel.
621 4057 662 4105 li.
682 4057 785 4103 animam
804 4056 829 4103 l.
887 4052 928 4103 tu.
956 4068 1017 4117 quae
1042 4056 1094 4103 edd.
1113 4055 1209 4104 Semleri
1233 4062 1253 4103 et
1270 4054 1392 4120 leopoldi.

229 4125 312 4175 littore.
349 4125 391 4173 49.
411 4126 519 4187 Scythias
538 4126 559 4174 b.
596 4125 736 4186 cyrotaslp.
773 4123 925 4186 cyiuastq.
948 4122 1048 4184 Scythas
1066 4121 1158 4185 reliqui.
1193 4120 1234 4169 50.
1253 4120 1391 4184 algeoeld.

223 4191 258 4241 tt.
277 4194 377 4243 armatis
394 4193 437 4242 lu.

220 4336 280 4377 sunt.
297 4326 406 4389 (Rigalt.)
442 4327 589 4389 lneptierunt
607 4326 646 4374 Fr.
657 4326 738 4374 lunius
757 4331 781 4373 et
866 4323 882 4371 Ι.
900 4314 1143 4387 ἒμρρυοσφάκτην]
1162 4320 1195 4369 lle
1208 4321 1334 4371 ueuboius
1352 4323 1393 4372 in·

221 4395 305 4445 lodov.
325 4396 354 4444 de
374 4396 396 4443 la
416 4395 492 4443 Cerda
510 4398 633 4442 uarietates
650 4408 695 4456 pro
713 4395 780 4442 uoui-
831 4392 958 4441 strumenti
978 4391 1008 4438 cf.
1028 4389 1113 4439 Celsus
1132 4387 1215 4449 titt
1233 4389 1392 4452 rautnegrn.

219 4470 274 4513 totae
291 4470 447 4526 reponentes.
830 4460 867 4518 vt,
881 4457 921 4506 ta.

251 4533 273 4579 lt.
292 4546 342 4594 quo
362 4538 437 4578 toturn
458 4530 550 4576 facinus
564 4523 705 4590 extrahitur]
723 4527 779 4575 Ele·
864 4541 896 4573 m.
916 4534 939 4573 et
957 4525 1036 4587 ipsum
1054 4522 1299 4574 vocabulumenimue
1314 4537 1391 4584 penes

218 4606 300 4655 gauter
319 4605 414 4657 „toturn
434 4597 544 4645 facinns“
572 4596 628 4643 dicit
646 4603 721 4644 totum
741 4597 779 4644 iu·
831 4591 984 4644 Graecosde
1010 4591 1194 4653 refrigeratione
1217 4585 1391 4653 respondens]

216 4667 376 4724 fantieidium,
395 4672 469 4712 totum
490 4662 549 4712 illud
566 4677 662 4712 caecum
682 4663 780 4711 latroci-
831 4661 867 4710 ct.
888 4660 947 4707 Plat.
966 4657 1060 4720 Cratylo
1079 4674 1103 4721 p.
1114 4657 1171 4708 399.
1190 4674 1243 4722 cap.
1256 4657 1295 4707 tt.

216 4735 291 4782 nium.
319 4733 426 4793 (lligalt.)
470 4732 502 4779 De
530 4746 580 4779 roc.
604 4747 681 4793 pecus,
714 4730 778 4793 quod
865 4734 893 4775 n.'
908 4721 1057 4792 Scipiones]
1074 4726 1136 4776 Plio.
1155 4727 1183 4775 ll.
1195 4722 1315 4785 ll.llll,9.
1341 4722 1391 4769 So·
1458 4736 1461 4741 ·

214 4802 331 4851 Gelenius
350 4802 401 4848 hl.
420 4814 538 4863 reponere
560 4804 722 4857 construeret,
747 4798 779 4847 cf.
830 4793 872 4843 lin.
892 4793 978 4856 cept.
1082 4825 1083 4828 =

213 4869 309 4919 adnott.
328 4869 357 4916 ad
376 4869 430 4917 ddi.
451 4868 521 4916 llarc.
541 4866 576 4925 ll,
590 4864 630 4915 21.
865 4877 888 4911 o.
907 4869 933 4911 ut
949 4857 1029 4926 Plato]
1048 4860 1085 4912 Cf.
1107 4875 1181 4926 sopra
1199 4874 1252 4923 cap.
1264 4855 1303 4906 to.
