3242 5775
650 688 799 732 rovenses
820 689 962 734 erexerit.
1327 680 1385 744 691

214 837 393 897 sententiam
409 837 595 915 interpretari
612 847 772 912 conantur,
794 846 828 899 ut
849 858 941 918 aeque
962 840 992 900 in
1008 859 1066 902 una
1080 839 1210 922 persona
1232 852 1389 926 utrumque
1440 861 1442 880 ²

216 938 415 1014 distinguant,
439 946 551 1015 patrem
575 938 732 1011 etlilium,
756 939 908 1000 discentes
931 940 1022 1002 filium
1045 960 1163 1005 carnem
1185 963 1267 1017 ease,
1290 945 1319 1006 id
1343 956 1390 1007 est

215 1037 382 1110 hominem,
405 1037 434 1098 id
459 1047 506 1098 est
526 1037 640 1112 lesum,
662 1048 777 1117 patrem
800 1048 897 1101 autem
921 1041 1076 1120 spiritum,
1105 1044 1135 1104 id
1157 1052 1204 1106 eet
1226 1044 1329 1117 neum,
1359 1046 1389 1108 id
1437 1105 1441 1120 ,

214 1147 261 1199 est
276 1138 437 1198 Christum.
473 1138 509 1197 Et
530 1139 580 1218 qui
603 1158 693 1200 unum
716 1140 901 1220 eundemque
917 1141 1100 1203 contendunt
1113 1152 1226 1222 patrem
1243 1145 1388 1217 etlilium,
1438 1126 1440 1130 Ι

214 1240 271 1300 iam
295 1238 439 1318 incipiunt
460 1239 591 1299 dividere
614 1239 679 1300 illos
703 1241 803 1319 potius
826 1260 913 1319 quam
936 1237 1055 1304 ‘unare
1088 1242 1120 1303 Si
1143 1243 1222 1305 enim
1244 1245 1319 1307 aliua
1342 1254 1390 1307 est
1492 1223 1495 1228 ⁵

214 1340 310 1410 lesus,
333 1340 408 1399 alius
425 1339 572 1411 Christus,
595 1341 669 1401 alius
693 1342 749 1401 erit
770 1341 859 1413 filius,
882 1341 974 1403 ⁸alius
995 1351 1090 1420 pater,
1113 1344 1180 1421 quia
1200 1344 1277 1407 filius
1292 1345 1388 1417 lesus,

216 1451 245 1500 et
267 1451 351 1519 pater
373 1440 519 1501 Christus.
570 1441 670 1502 Talem
699 1442 900 1503 monarchiam
928 1443 1005 1520 apud
1028 1443 1213 1505 Valentinum
1242 1446 1389 1508 fortasseb
1450 1457 1470 1486 ⁸

214 1542 396 1614 didicerunt,
420 1541 495 1601 duos
518 1543 630 1613 lacere,
665 1541 764 1602 lesum
788 1551 818 1602 et
839 1536 999 1604 Christum.
1043 1543 1102 1604 Sed
1125 1554 1155 1605 et
1176 1546 1249 1607 baec
1268 1546 1388 1608 iniectio

214 1660 319 1702 eorum
343 1662 377 1702 er
400 1643 622 1721 ⁶praetractatis
645 1643 702 1702 iam
725 1651 827 1704 retusa
851 1652 912 1715 est,
935 1643 1015 1721 quod
1038 1662 1137 1705 sermo
1160 1645 1208 1705 dei
1230 1644 1276 1706 rel
1297 1646 1389 1725 spiri·

217 1750 264 1803 tus
289 1743 335 1803 dei
358 1752 387 1803 et
409 1744 504 1804 virtus
526 1742 661 1804 altissimi
690 1742 785 1803 dictus
814 1743 867 1816 sit,
902 1762 989 1823 quem
1017 1753 1131 1824 patrem
1160 1745 1280 1807 laniunt.
1323 1746 1390 1806 Non

214 1843 399 1922 enimipsae
421 1853 490 1904 sunt
512 1843 595 1903 cuius
617 1843 770 1915 dicuntur,
804 1843 858 1904 sed
888 1863 923 1905 ex
950 1844 1017 1923 ipso
1047 1853 1075 1905 et
1098 1845 1203 1924 ipsius.
1247 1845 1285 1907 Et
1306 1845 1391 1907 aliter
1439 1859 1449 1881 ²

216 1953 313 2004 tamen
338 1945 367 2004 in
390 1946 448 2005 isto
472 1944 597 2023 capitulo
620 1945 819 2005 revincentur.
852 1944 937 2017 Ecce,
960 1944 1106 2023 inquiunt,
1130 1946 1166 2006 ab
1181 1945 1285 2025 angelo
1299 1942 1388 2026 prde-

214 2044 342 2104 dieatum
365 2056 424 2106 est:
448 2046 608 2123 Propterea
631 2044 710 2124 quod
733 2053 871 2105 nascetur
892 2054 1041 2118 sanetum,
1064 2046 1216 2108 vocabitur
1235 2046 1312 2109 filius
1328 2045 1387 2108 dci.
1401 2060 1520 2113 treuna

214 2144 290 2204 Caro
314 2145 412 2223 itaque
435 2155 501 2206 nata
525 2156 585 2216 est,
610 2163 677 2205 caro
700 2146 816 2223 'itaque
839 2146 896 2206 erit
916 2145 993 2206 lilius
1014 2145 1071 2207 dei.
1104 2146 1199 2207 lmmo
1222 2147 1259 2208 de
1281 2146 1389 2228 spiritu

215 2245 262 2305 dei
286 2245 394 2306 dietum
418 2255 474 2306 est.
520 2245 606 2306 Certe
628 2245 706 2306 enim
729 2244 766 2305 de
795 2245 903 2324 spiritu
931 2254 1034 2306 saneto
1062 2246 1144 2325 virgo
1176 2247 1326 2326 concepit,
1360 2253 1390 2309 et
1493 2253 1504 2277 ‘

215 2346 294 2423 quod
317 2346 467 2425 concepit,
501 2346 529 2405 id
558 2346 690 2424 peperit3
721 2345 750 2405 id
779 2364 850 2424 ergo
873 2346 955 2406 nasci
977 2345 1104 2408 habebat
1126 2348 1204 2426 quod
1227 2356 1291 2408 erat
1312 2364 1387 2408 eon·
1457 2425 1460 2431 Ι

215 2456 334 2524 ceptum
358 2457 388 2507 et
408 2446 602 2527 pariundum‚
636 2446 665 2505 id
689 2455 735 2507 est
756 2446 894 2524 spiritus,
929 2446 1013 2507 cuius
1042 2456 1072 2508 et
1099 2448 1252 2509 vocabitur
1279 2465 1389 2510 nomen

213 2546 422 2619 ⁸Emmanuel‚
446 2547 524 2625 quod
549 2554 594 2607 est
615 2547 856 2623 interpretatum:
879 2545 1038 2607 Nobiscum
1062 2548 1148 2609 deus.
1192 2547 1266 2608 Caro
1290 2557 1529 2636 autemmontna

215 2647 290 2708 deus
313 2667 375 2708 non
398 2657 453 2721 est,
478 2657 508 2708 ut
532 2648 567 2707 de
590 2647 637 2706 illa
657 2647 766 2706 dictum
781 2647 830 2716 sit,
853 2646 1048 2716 ubVocabitur
1071 2656 1204 2709 sanctum
1227 2647 1305 2709 lilius
1328 2647 1387 2721 dci,
1528 2637 1529 2642 ¹

215 2747 270 2807 sed
293 2747 341 2808 ille
364 2748 413 2826 qui
436 2748 465 2807 in
482 2766 515 2808 ea
531 2757 617 2808 natus
633 2755 681 2807 est
695 2747 779 2819 deus,
803 2747 915 2827 dequo
932 2757 960 2809 et
973 2748 1125 2828 psalmus:
1150 2748 1297 2820 Quoniam
1313 2748 1387 2809 deus
1398 2746 1529 2845 usp-m

214 2849 306 2910 horno
330 2859 415 2911 natus
440 2859 485 2910 est
506 2848 544 2908 in
560 2848 623 2921 illa,
654 2856 683 2909 et
710 2848 873 2910 aedificavit
901 2866 965 2910 eam
994 2848 1144 2910 voluntate
1166 2848 1269 2928 patris.
1314 2847 1389 2920 Quis

215 2951 291 3011 deus
313 2951 343 3010 iu
366 2970 400 3011 ea
422 2948 532 3010 natus?
565 2955 664 3009 sermo
689 2958 717 3010 et
740 2951 878 3030 spiritus,
908 2949 958 3029 qui
988 2968 1053 3011 cum
1076 2968 1216 3012 sermone
1239 2950 1276 3010 de
1296 2949 1389 3029 patris

214 3051 365 3111 voluntate
389 3059 546 3111 natusest.
583 3050 676 3127 lgitur
697 3068 797 3111 sermo
820 3051 849 3111 in
872 3069 975 3124 carne,
997 3049 1085 3111 'dum
1109 3058 1137 3110 et
1159 3049 1199 3111 de
1216 3050 1274 3111 hoc
1296 3068 1388 3129 quae-

214 3152 356 3224 rendum,
380 3152 529 3231 quomodo
553 3169 652 3211 sermo
676 3169 743 3210 caro
766 3151 805 3211 sit
827 3151 936 3222 lactus,
964 3159 1103 3211 utrumne
1125 3152 1209 3229 quasi
1232 3151 1392 3229 transfigu-

216 3264 297 3312 ratus
321 3253 349 3313 in
374 3271 476 3324 carne,
500 3270 537 3312 an
560 3251 680 3311 indutus
704 3270 833 3311 carnem.
867 3250 961 3310 lmmo
984 3250 1116 3311 indutus.
1151 3250 1288 3311 Ceterum
1303 3237 1392 3310 deum

216 3352 419 3413 inmutabilem
453 3362 483 3413 et
514 3352 730 3412 informabilem
765 3350 844 3411 credi
879 3368 1002 3410 necesse
1036 3359 1097 3421 est,
1135 3350 1195 3409 ¹⁰ut
1228 3360 1391 3408 aeternum.

215 3454 450 3532 Transfiguratie
474 3463 571 3513 autem
594 3451 783 3530 interemptio
814 3458 859 3510 est
880 3449 1009 3529 pristini.
1055 3448 1151 3509 Omne
1174 3447 1269 3518 enim,
1292 3447 1389 3525 quod·

216 3573 333 3633 eunque
356 3555 582 3633 transfiguratur
610 3555 639 3614 iu
671 3552 764 3624 aliud,
799 3550 909 3610 desinit
937 3566 1006 3609 esse
1034 3547 1113 3626 quod
1142 3549 1252 3618 luerat,
1286 3555 1315 3607 et
1342 3547 1389 3606 in-

216 3655 288 3732 cipit
310 3674 378 3715 esse
400 3655 478 3733 quod
503 3674 563 3715 non
586 3663 657 3715 erat.
712 3652 791 3712 lleus
820 3661 917 3711 autem
939 3666 1036 3725 neque
1065 3647 1175 3708 desinit
1202 3662 1268 3708 esec
1295 3664 1391 3725 neque

216 3754 294 3815 aliud
318 3764 520 3833 potestesse.
566 3756 672 3815 Sermo
695 3761 792 3814 autem
816 3751 890 3812 deus
919 3758 949 3810 et
970 3766 1069 3810 sermo
1098 3746 1211 3808 domini
1232 3753 1333 3819 manet
1359 3747 1391 3806 in

216 3875 338 3928 aerum,
371 3856 591 3934 perseverando
616 3855 728 3915 seilicet
755 3854 785 3913 in
808 3870 862 3915 sua
885 3851 990 3912 forma.
1032 3849 1140 3922 ¹Quem
1172 3849 1197 3909 si
1225 3866 1285 3908 non
1314 3847 1392 3927 capit

217 3957 439 4035 ¹'contigurari,
471 3975 657 4035 consequeus
687 3964 734 4015 est
755 3963 788 4014 ut
810 3952 854 4014 sio
876 3969 943 4013 caro
967 3952 1060 4012 lactus
1089 3950 1289 4029 intellegatur,
1320 3947 1389 4009 dum

217 4057 278 4117 ¹²lrt
300 4057 331 4117 in
353 4076 451 4129 carne,
475 4067 504 4117 et
527 4057 730 4117 manifestatur
752 4066 782 4116 et
803 4053 920 4115 videtur
935 4060 966 4112 et
979 4059 1178 4112 contrectatur
1192 4068 1246 4129 per
1260 4067 1390 4123 monem,

216 4157 284 4235 quia
308 4167 337 4218 et
359 4168 454 4218 cetera
478 4159 522 4217 sie
544 4156 635 4235 accipi
659 4156 787 4233 exigunt.
841 4153 874 4213 Si
904 4151 982 4212 enim
1012 4169 1110 4212 sermo
1140 4169 1175 4211 ex
1195 4149 1390 4226 transfigura-

218 4259 300 4319 tione
323 4268 352 4320 et
381 4258 582 4320 demutatione
610 4256 792 4318 substantiae
821 4273 889 4316 earo
918 4254 1012 4313 lactus
1041 4259 1103 4323 est,
1137 4268 1195 4311 una
1225 4250 1282 4311 iam
1307 4249 1392 4310 ¹’erit

216 4378 242 4426 d.
262 4394 336 4427 unare
355 4380 438 4428 llabcd.
476 4379 601 4425 iuuaret.
621 4378 685 4425 leid.
721 4377 789 4423 unire
808 4382 854 4424 tres
867 4374 978 4433 Vaticani,
996 4377 1053 4419 terte
1065 4370 1172 4419 Pometia.
1224 4368 1414 4427 bellosam..

217 4446 261 4495 ΑΒ.
280 4448 344 4494 leid.
405 4445 430 4493 6.
448 4446 615 4507 praetractatis
633 4446 675 4494 ld.
695 4444 768 4502 leid„
794 4449 815 4491 et
834 4442 858 4490 B.
878 4443 902 4488 io
919 4453 1000 4501 morp,
1027 4453 1056 4486 ea
1072 4437 1241 4498 llirroupiemi,
1268 4438 1294 4484 ui
1310 4435 1389 4498 tollor,

218 4516 304 4562 codice.
348 4515 483 4561 retractatis
508 4514 575 4561 liobe.
628 4511 651 4559 t.
678 4512 760 4573 ntique
785 4511 817 4570 d,
846 4523 895 4557 cum
920 4507 1000 4555 Fulvio
1020 4503 1110 4553 Ursino.
1172 4502 1195 4551 8.
1220 4502 1346 4551 emanuhel
1366 4501 1391 4577 ll.

217 4579 263 4628 8b.
283 4581 346 4643 quod
367 4588 479 4628 nascetur
497 4587 615 4637 sanetum,
633 4579 756 4626 vocabitur
774 4577 838 4625 lllios
856 4574 894 4622 dei
913 4572 945 4634 d,
964 4587 1016 4622 eunt
1033 4572 1113 4622 Fulvio
1133 4570 1223 4647 Ursino.
1275 4568 1299 4618 9.
1320 4568 1392 4615 beno·

217 4663 265 4709 qne
284 4649 351 4696 etde
370 4648 416 4696 hoc
435 4649 549 4696 latinius.
594 4645 632 4693 ltt.
651 4647 674 4693 in
693 4644 859 4694 aeternnml.
880 4642 942 4691 leid.
989 4638 1028 4687 ll.
1048 4638 1276 4712 configura-ullam.
1311 4642 1392 4682 trans·

217 4716 314 4775 tignrari
335 4718 366 4775 d,
387 4732 436 4764 cum
455 4716 535 4763 Fuluio
556 4714 645 4761 Ursino.
688 4711 868 4772 consignarit.
929 4705 968 4756 tt.
986 4707 1012 4755 tu
1030 4706 1070 4756 lld.
1089 4706 1153 4755 teta.
1189 4704 1304 4754 sitlobc.
1352 4699 1395 4749 ta.

216 4792 263 4830 erit
282 4784 313 4843 d.,
334 4799 384 4834 cunr
403 4784 483 4831 Fulvio
504 4782 593 4829 Ursino.
631 4788 681 4829 erat
699 4781 786 4828 Allobo.
804 4777 869 4827 Leid.

253 4883 276 4930 b.
295 4884 359 4947 apud
378 4882 527 4931 Valentinum
547 4874 663 4941 tortasse]
684 4879 719 4928 ct.
738 4878 795 4929 Ado.
807 4875 924 4926 Valentia.
943 4887 997 4953 etp.
1010 4871 1042 4921 to
1060 4879 1083 4921 et
1101 4870 1141 4919 tt.
1181 4947 1239 4999 w
