3242 5775
311 648 373 711 560
568 661 670 712 ooxnrx
692 661 824 703 ssrrxuu
846 661 1011 703 ruonunrrs
1035 661 1232 703 rsnruxnumx

311 831 464 884 sororem,
487 821 520 871 ut
541 811 638 879 aiunt,
660 809 889 888 philosophiae¹,
919 810 975 869 sibi
998 829 1115 888 quoque
1136 810 1194 870 hoc
1214 809 1366 888 negotium
1386 804 1464 870 vindi·

312 921 443 985 cantem‚
477 912 536 971 ¹⁰ut
558 912 593 971 ad
617 930 703 989 quam
725 910 819 988 magis
848 910 963 971 animae
991 911 1066 971 ratio
1095 911 1246 990 pertinere
1276 910 1406 971 videatur
1423 922 1463 988 per

312 1014 448 1093 corporis
465 1031 575 1073 curam.
613 1011 697 1072 Unde
720 1019 749 1070 et
763 1011 921 1090 plurimum
939 1012 1034 1072 sorori
1051 1013 1231 1089 refragatur,
1254 1011 1336 1090 quod
1358 1012 1465 1073 animant

313 1116 398 1194 quasi
420 1132 518 1175 coram
541 1114 571 1172 in
594 1111 742 1173 domicilio
766 1130 822 1170 suo
847 1113 997 1173 tractando
1020 1112 1114 1190 magis
1145 1112 1235 1171 norit.
1288 1111 1349 1173 Sed
1377 1109 1466 1172 viderit

312 1215 467 1293 utriusque
494 1212 690 1292 praestantiae
718 1212 850 1271 ambitio.
907 1212 1015 1274 Habuit
1044 1223 1074 1274 et
1101 1212 1289 1291 philosophia
1312 1213 1468 1274 libertatem

311 1315 421 1393 ingenii
444 1324 474 1376 et
494 1313 638 1375 medicina
660 1314 869 1373 necessitatem
891 1314 1005 1374 artificii
1034 1314 1070 1374 ad
1101 1313 1305 1374 extendendos
1328 1314 1366 1374 de
1388 1314 1469 1374 anima
1521 1351 1523 1390 Ι

311 1424 503 1489 retractatum
525 1414 582 1475 late
604 1421 785 1491 quaeruntur
807 1413 934 1485 incerta,
962 1413 1049 1474 latius
1073 1415 1261 1494 disputantur
1282 1423 1470 1494 praesumpta.

312 1516 427 1588 Quanta
449 1515 604 1576 dillicultas
626 1513 788 1593 probandi,
820 1522 899 1573 tanta
927 1514 1094 1592 operositas
1123 1515 1282 1585 suadendi,
1319 1523 1353 1575 ut
1381 1515 1473 1576 merito

312 1616 478 1677 Heraclitus
506 1615 555 1676 ille
584 1614 762 1675 tenebrosus
795 1614 940 1675 vastiores
974 1616 1113 1694 caligines
1145 1613 1475 1694 animadvertens,apud

310 1718 527 1778 examinatores
550 1714 664 1776 animae
687 1713 784 1774 taedio
808 1714 1016 1792 quaestionum
1038 1716 1237 1794 pronuntiarit
1258 1716 1405 1802 terminos
1420 1715 1476 1777 ani-

311 1836 377 1880 mae
392 1834 576 1895 nequaquam
593 1814 797 1875 ¹¹invenissc¹¹²
821 1834 939 1876 omnem
955 1817 1031 1876 viam
1049 1816 1069 1847 ¹²
1077 1816 1280 1894 ingrediendo.
1316 1816 1477 1878 Christiano

311 1928 408 1979 autem
431 1917 534 1997 paucis
556 1916 592 1976 ad
616 1915 768 1976 scientiam
790 1917 880 1977 huius
902 1917 945 1977 rel
969 1936 1043 1995 opus
1059 1925 1116 1978 est.
1151 1916 1224 1977 Nam
1248 1925 1275 1977 et
1299 1926 1381 1978 certa
1405 1934 1479 1978 sem-

310 2034 365 2097 por
386 2018 416 2077 in
439 2017 557 2096 paucis,
580 2026 610 2077 et
631 2015 756 2095 amplius
778 2015 820 2076 illi
843 2035 985 2095 quaerere
1001 2018 1144 2078 nonlicet
1159 2036 1246 2095 quam
1262 2018 1343 2096 quod
1359 2016 1480 2078 inveniri

177 2117 394 2191 rrrm.r,r.licet;
431 2118 559 2178 intinitas
589 2117 666 2178 enim
695 2117 886 2194 quaestiones
915 2117 1070 2197 apostolus
1098 2118 1247 2195 prohibet.
1297 2119 1395 2179 Porro
1427 2135 1481 2178 non

311 2219 436 2298 amplius
458 2217 584 2279 inveniri
605 2218 674 2278 licet
695 2236 781 2295 quam
804 2218 884 2295 quod
906 2236 922 2278 a
944 2219 1001 2278 deo
1024 2217 1164 2292 discitur;
1187 2219 1266 2298 quod
1282 2228 1383 2279 autem
1399 2237 1414 2278 a
1430 2217 1483 2277 deo

312 2318 452 2392 discitur,
475 2328 570 2380 totum
595 2326 651 2379 est.

193 2432 299 2488 captu.
396 2421 490 2497 lltque
510 2418 623 2478 utinam
646 2417 740 2479 nuHas
762 2418 903 2479 haereses
933 2419 1117 2498 oportuisset
1145 2418 1289 2489 existere,
1318 2425 1352 2478 ut
1374 2418 1484 2497 proha·

157 2491 301 2545 ¹⁶⁰''¹¹'¹⁹'
313 2518 386 2580 biles
409 2519 517 2598 quique
540 2519 710 2580 emicarent.
742 2517 821 2578 ttihil
844 2519 967 2588 omnino
990 2537 1056 2580 cum
1078 2518 1267 2597 philosophis
1283 2533 1376 2595 super
1390 2519 1484 2578 anima

312 2636 432 2697 quoque
461 2618 678 2696 experiremur,
712 2617 905 2694 patriarchis,
937 2627 970 2678 ut
997 2619 1036 2677 ita
1064 2618 1205 2688 dixerim,
1238 2617 1484 2679 haereticorum.

196 2733 302 2782 catus.
314 2715 465 2797 Siquidem
489 2724 519 2776 et
540 2715 576 2778 ah
598 2716 734 2795 apostolo
765 2716 824 2777 iam
852 2725 923 2777 tunc
949 2716 1137 2796 philosophia
1166 2717 1324 2778 concussio
1353 2719 1485 2779 veritatis

310 2816 536 2898 providebatur3
550 2818 674 2878 Athenis
690 2816 767 2877 enim
783 2824 924 2897 expertus
938 2815 1098 2896 linguatam
1114 2817 1281 2877 civitateml·
1297 2837 1364 2879 cum
1380 2836 1484 2880 omnes

311 2918 371 2980 illic
393 2918 555 2998 sapientiae
577 2926 665 2996 atque
687 2918 840 2978 lacundiae
862 2936 1012 2996 caupones
1034 2918 1236 2996 degustasset,
1258 2920 1328 2980 inde
1350 2920 1486 2999 concepit

313 3018 593 3098 ¹praemonitorium
616 3018 687 3079 illud
710 3018 848 3078 edictum.
893 3018 1023 3079 Proinde
1046 3018 1124 3079 enim
1147 3029 1174 3080 et
1197 3019 1311 3081 animae
1332 3020 1411 3080 ratio
1433 3038 1486 3099 per

198 3119 538 3199 10·.r,aa.philosophatas
561 3117 710 3179 doctrinas
732 3118 886 3179 hominurn
914 3120 1073 3181 miscentes
1099 3139 1190 3198 aquas
1220 3121 1300 3180 rino.
1343 3120 1402 3181 alti
1428 3122 1485 3182 im-

310 3220 466 3280 mortalem
487 3226 597 3297 negant
618 3217 758 3290 animam,
782 3217 831 3279 alii
853 3219 1009 3298 plusquam
1033 3220 1227 3281 immortalem
1243 3221 1416 3294 adlirmant,
1439 3221 1485 3282 alii

312 3318 349 3380 de
381 3318 562 3392 substantia,
608 3317 656 3378 alii
690 3318 726 3377 do
763 3319 877 3391 torma,
926 3319 973 3380 alii
1007 3319 1044 3380 de
1078 3339 1253 3401 unaquaque
1284 3321 1485 3401 dispositione

311 3417 494 3497 disceptant,
516 3418 547 3478 hi
571 3427 679 3479 statum
702 3418 766 3479 eius
781 3417 916 3479 'aliunde
931 3420 1055 3492 ducunt,
1078 3421 1109 3480 hi
1132 3422 1241 3482 exitum
1264 3420 1409 3483 aliorsum
1431 3423 1484 3484 ab·

310 3517 436 3592 dumut,
459 3528 550 3599 prout
571 3527 621 3579 aut
641 3518 774 3579 Platonis
795 3519 911 3578 honore
933 3528 991 3580 aut>
1004 3520 1132 3581 Zenonis
1156 3520 1276 3600 ³vigor¹¹
1298 3530 1349 3583 aut
1364 3523 1482 3584 Aristo-

313 3701 352 3750 l0.
371 3702 477 3765 quidem,
496 3701 525 3751 ad
544 3704 569 3752 B.
623 3702 663 3750 ll.
683 3703 805 3752 inveniens
824 3702 848 3752 B.
906 3701 947 3752 12.
966 3705 1103 3765 ingrediens
1122 3704 1147 3752 ll.

378 3771 436 3830 Cap.
456 3768 496 3817 lll.
534 3768 556 3817 l.
575 3771 780 3832 praemonitoruro
800 3770 826 3818 B.
879 3768 902 3818 2.
923 3771 996 3820 alium
1015 3771 1137 3820 deducunt
1155 3771 1178 3821 B.
1223 3770 1247 3821 3.
1266 3773 1333 3833 rigor
1349 3774 1485 3826 Faltonius.

311 3890 465 3965 ἀχρήστους
481 3893 669 3968 παραφυάδας
681 3899 737 3948 τῶν
753 3894 871 3967 ζητημᾶ·
923 3903 1017 3953 Hannd.
1035 3905 1064 3953 ad
1083 3904 1157 3955 Stolo.
1167 3904 1307 3968 Philosoph.
1325 3906 1376 3964 ts.
1395 3925 1419 3972 p.
1428 3908 1485 3959 62¹1.

310 3971 401 4012 torf*
958 3971 981 4019 h.
1006 3971 1135 4032 linguatam
1162 3969 1291 4034 civitatem}
1318 3969 1483 4035 rtuaootsq.

346 4033 362 4081 l.
386 4046 506 4092 sororem,
536 4041 561 4082 ut
584 4035 659 4094 aiunt,
687 4034 871 4099 philosophiae]
923 4036 1319 4101 Proutusurpaturl’salm.139.
1347 4042 1485 4093 Sieaotenr

311 4099 396 4147 lsidor.
417 4099 497 4160 Origg.
518 4100 553 4158 lll,
568 4101 599 4150 ts
618 4101 750 4160 „Hedieinx
764 4105 870 4152 secunda
923 4104 994 4153 habet
1012 4112 1078 4154 retus
1095 4107 1214 4168 interpres
1237 4106 1335 4158 dnobus
1360 4109 1424 4160 loeis
1440 4111 1485 4159 Ec·

310 4166 464 4228 philosophis
482 4167 576 4216 dicitur.
605 4169 708 4232 Utraque
720 4169 783 4219 anim
797 4170 871 4220 disci·
923 4171 1028 4222 clesiast.
1047 4171 1101 4231 ut
1119 4171 1423 4233 et25,2l.tFr.lnnius.l
1448 4178 1486 4226 Ct.

311 4232 375 4294 plina
395 4235 783 4285 totomsihihominemrindicat.
809 4236 870 4286 Nam
922 4239 1005 4287 Senec.
1032 4240 1106 4303 Epist.
1125 4239 1167 4289 ot.
1202 4241 1285 4289 Sidon.
1312 4242 1389 4305 Epist.
1407 4244 1485 4303 Vl,8.

310 4299 372 4348 sicot
389 4313 433 4362 per
451 4300 517 4349 illam
536 4302 624 4362 anima,
643 4304 673 4352 ita
686 4318 731 4367 per
743 4304 870 4353 truccor-
921 4306 1017 4354 Preion.
1036 4308 1065 4355 sd
1084 4307 1212 4370 Symproa.
1232 4307 1307 4370 Epist.
1323 4308 1359 4358 tt:
1379 4310 1485 4370 „Hesio-

309 4380 356 4428 pus
375 4368 497 4417 curator.“
920 4372 966 4421 dos
985 4373 1047 4422 istud
1067 4374 1089 4422 in
1110 4374 1224 4423 Helicone
1243 4376 1358 4425 mentitos
1378 4385 1424 4436 est,
1442 4380 1485 4428 sed

344 4447 375 4481 m.
394 4437 511 4483 terminos
538 4436 631 4485 animae
656 4451 807 4500 nequaquam
831 4437 869 4486 in·
919 4439 1100 4489 Atheniensium
1119 4442 1208 4500 studio,
1227 4442 1324 4505 quihus,
1343 4451 1486 4508 utaposto-

309 4497 414 4561 venissel
444 4502 548 4550 Servavit
571 4503 618 4553 hoc
642 4504 754 4553 Heracliti
778 4503 868 4554 dictum
920 4506 958 4555 lus
977 4508 1018 4565 ait,
1037 4507 1094 4556 nihil
1113 4509 1211 4556 vacabat
1228 4509 1274 4557 nisi
1294 4509 1390 4573 loqui.“

309 4568 381 4614 etiam
400 4567 467 4628 lliog.
479 4568 557 4617 laert
576 4570 613 4630 lll,
621 4568 643 4619 6.
663 4571 758 4632 tomll,
777 4570 868 4635 pato.
955 4590 975 4623 c.
995 4574 1102 4623 Platonis
1120 4573 1209 4638 honor]
1227 4576 1253 4624 ld
1272 4577 1390 4627 sstl’lato
1404 4580 1487 4644 philo·

309 4633 347 4682 ed.
366 4633 432 4695 lips.
920 4641 1053 4703 sophorum
1074 4642 1285 4692 honoratissimus.

343 4701 400 4762 Cap.
421 4700 460 4748 lll.
496 4716 517 4748 ι.
537 4703 687 4763 patriarchis,
710 4712 734 4752 ot
753 4704 783 4753 ita
803 4705 868 4752 dixs—
954 4707 977 4756 d.
996 4708 1100 4756 Zenonis
1125 4706 1202 4774 rigor]
1228 4710 1265 4758 Fr.
1277 4711 1360 4760 lunius
1385 4715 1487 4776 corrigit

309 4768 363 4823 rim,
383 4764 579 4831 haereticorum}
598 4769 630 4818 lta
650 4771 778 4833 appellarit
796 4771 867 4820 etium
918 4776 990 4836 rigor,
1018 4768 1173 4841 σκληρότης.
1211 4776 1486 4843 lindicntscripturam

306 4835 362 4882 hilo.
382 4834 494 4897 Hermog.
513 4835 635 4899 oap.8.-
656 4837 692 4886 cl.
712 4839 783 4887 ctiam
802 4838 866 4902 lips.
919 4842 1021 4891 Salmas.
1041 4844 1070 4893 ad
1089 4844 1122 4893 ue
1141 4844 1217 4893 l’allio
1234 4843 1327 4909 pust.
1345 4846 1384 4896 ed.
1403 4846 1452 4899 tls.
