3242 5775
309 579 370 646 146
560 592 662 645 numer
684 589 817 636 suerrum
838 588 1004 635 rnonnnrts
1027 587 1225 636 stercutum

305 745 416 827 inquit,
449 742 548 806 omnis
570 741 620 821 qui
646 739 824 822 pependerit
852 738 884 801 in
912 738 1002 819 ligno.
1058 737 1119 801 Sed
1145 738 1234 802 huius
1261 739 1403 804 maledict

306 864 429 909 sensum
458 843 580 915 diliero,
614 841 719 922 dignae
748 840 812 903 sola
840 840 1060 920 praedicatione
1086 840 1200 914 crucis,
1233 841 1271 914 de
1299 861 1357 922 qus
1388 843 1398 876 ¹

305 948 431 1010 maxime
453 943 621 1024 quaeritur,
644 942 712 1021 quia
735 950 766 1003 et
786 942 858 1003 alias
880 940 1027 1002 antecedit
1048 959 1148 1002 rerum
1170 941 1309 1022 probatio
1324 943 1401 1006 ratio

304 1049 347 1111 be
368 1046 470 1126 liguris
492 1044 575 1125 prius
599 1042 741 1105 edocebo.
775 1043 812 1104 lit
834 1042 936 1121 utique
958 1041 1003 1101 vel
1025 1041 1151 1103 maxime
1167 1053 1403 1106 sacramentum.

305 1147 424 1228 figurari
446 1147 477 1208 in
498 1143 716 1226 praedicatione
737 1143 910 1223 oportebat,
932 1152 1043 1222 quanto
1064 1142 1253 1217 incredibile,
1281 1153 1365 1207 tanto
1387 1163 1403 1208 n

306 1247 444 1311 scandalo
473 1247 620 1318 loturum,
654 1245 681 1306 si
707 1244 787 1306 nude
813 1243 1047 1324 praedicaretur,
1081 1252 1251 1323 quantoque
1280 1245 1401 1324 magnid

304 1357 387 1410 tanto
420 1347 513 1427 magis
544 1343 802 1418 obumbrandum,
836 1353 869 1405 ut
895 1343 1051 1405 difficultas
1083 1343 1250 1405 intellectus
1281 1346 1402 1423 gratiam

304 1457 471 1529 quaereret.
514 1447 615 1526 ltaque
636 1446 773 1525 inprimis
795 1446 896 1518 isaac,
925 1463 991 1506 cum
1014 1463 1029 1505 a
1052 1453 1136 1526 patre
1157 1445 1187 1505 in
1210 1445 1339 1507 hostiam
1362 1447 1402 1509 de

304 1548 417 1627 lignum
438 1547 497 1609 sibi
517 1546 602 1626 'ipse
622 1553 772 1629 portaret,
801 1545 910 1607 Christi
934 1547 1044 1608 exitum
1071 1545 1130 1607 iem
1152 1554 1223 1606 tunc
1244 1545 1402 1610 denotabat

303 1648 452 1710 victimam
474 1648 610 1710 concessi
633 1666 649 1708 a
672 1655 755 1727 patre
778 1654 808 1707 et
829 1646 940 1725 lignum
962 1646 1113 1727 passionis
1136 1665 1207 1707 suae
1230 1646 1398 1711 baiulantis.

306 1749 382 1829 seph
404 1757 434 1811 et
456 1748 521 1829 ipse
543 1748 711 1810 'Christum
733 1747 906 1827 liguratusl’,
929 1765 985 1809 nec
1006 1747 1063 1809 bne
1081 1747 1164 1821 solo,
1182 1766 1225 1809 nc
1247 1748 1387 1810 demorer

306 1868 390 1923 sum,
424 1849 504 1929 quod
533 1850 772 1928 persecutionem
794 1866 811 1910 a
833 1846 975 1910 iratribus
996 1866 1105 1927 passus
1127 1849 1192 1910 ⁴est
1214 1848 1252 1910 nb
1275 1848 1322 1909 dei
1344 1856 1402 1928 grat

305 1950 383 2013 sicut
404 1959 435 2012 et
455 1949 593 2012 Christus
617 1969 631 2010 a
654 1949 787 2022 ludaeis,
815 1948 972 2010 carnaliter
998 1948 1169 2022 ‘iratribus,
1189 1968 1267 2034 'curn
1295 1948 1401 2012 benedi

165 2035 339 2138 nssffifffla
360 2059 462 2131 patre,
483 2051 571 2112 etiam
593 2051 624 2112 in
646 2051 720 2112 haec
740 2048 847 2123 verba,
869 2048 959 2110 Tauri
981 2048 1072 2110 decor
1091 2050 1171 2123 eius,
1193 2069 1304 2112 cornua
1327 2050 1402 2114 unic

305 2170 416 2232 cornua
445 2141 529 2225 eius,
560 2151 591 2212 iu
614 2151 658 2213 eis
687 2149 823 2212 nationes
844 2149 996 2211 ventilabit
1022 2150 1133 2229 pariter
1154 2149 1190 2211 ad
1212 2161 1402 2214 summumh

305 2261 412 2315 terrae.
449 2252 516 2314 Non
538 2252 641 2332 utique
662 2250 837 2312 rhinoceros
859 2250 1059 2312 destinabatur
1080 2251 1233 2313 unicornis
1255 2271 1311 2313 nec
1327 2254 1402 2316 mint

305 2373 358 2417 rus
379 2353 528 2426 bicornis,
552 2354 606 2414 sed
628 2352 765 2415 Christus
787 2351 818 2413 in
840 2351 890 2413 illo
913 2351 1152 2430 significabatur,
1176 2360 1279 2414 taurus
1302 2353 1341 2414 ch
1364 2362 1402 2416 utr

305 2471 363 2534 que
385 2453 630 2534 dispositionem,
652 2454 718 2516 aliis
740 2454 823 2514 letus
846 2461 879 2513 ut
898 2452 1002 2526 iudex,
1024 2452 1089 2513 aliis
1105 2461 1277 2515 mansuetus
1293 2462 1326 2514 ut
1341 2454 1401 2517 salt

304 2554 389 2615 catius
412 2571 524 2614 cornua
546 2563 648 2614 essent
676 2553 773 2615 crucis
801 2553 936 2626 'extima
990 2553 1064 2614 Nam
1092 2560 1121 2615 et
1148 2552 1179 2613 in
1207 2553 1371 2629 'antenna,

305 2652 402 2715 cuns
436 2670 505 2731 pars
539 2660 601 2724 est,
641 2653 842 2715 extremitates
870 2671 979 2715 cornua
1006 2660 1163 2728 vocantur,
1199 2654 1355 2717 unicornis
1381 2673 1401 2719 st

304 2752 439 2815 'medius
466 2750 576 2831 stipitis
604 2752 717 2831 palus·.
766 2754 830 2816 ldae
855 2754 983 2832 denique
1011 2753 1118 2815 virtute
1146 2755 1296 2817 cruciset
1317 2757 1401 2820 hoct

304 2861 447 2916 cornutus
470 2852 624 2914 universas
646 2860 748 2932 gentes
771 2861 802 2914 et
822 2870 902 2915 nunc
928 2854 1049 2916 ventilat
1076 2873 1130 2934 per
1158 2855 1263 2929 lidem,
1296 2860 1401 2923 auleret

305 2962 383 3015 terra
405 2953 435 3013 in
457 2952 586 3026 caelum,
610 2960 640 3014 et
661 2962 731 3015 tunc
751 2971 806 3032 per
829 2953 969 3015 iudicium
991 2955 1158 3029 neutilahit,
1181 2957 1312 3021 deiciens
1336 2960 1375 3021 de
1398 2990 1401 3014 ι

304 3054 336 3114 in
351 3061 470 3115 terram.
504 3052 585 3113 ldem
606 3055 664 3115 erit
686 3063 715 3115 et
736 3053 804 3115 alibi
828 3061 930 3116 taurus
952 3056 1029 3134 apud
1052 3057 1175 3118 eandem
1194 3059 1392 3138 scripturam,

243 3146 245 3154 '
303 3152 391 3215 iacob
413 3151 444 3214 in
468 3152 639 3215 Simeonem
661 3155 719 3215 ¹⁰et
739 3153 828 3228 Levi,
857 3153 888 3215 id
915 3164 962 3216 est
985 3157 1018 3219 in
1047 3157 1159 3220 scribas
1182 3166 1212 3219 et
1233 3159 1401 3239 pharisaeos

303 3252 361 3314 illis
384 3253 464 3314 enim
486 3253 641 3315 deducitur
662 3256 791 3316 census*
812 3255 953 3332 istorum)
975 3257 1147 3337 spiritaliter
1169 3259 1391 3339 interpretatur.

303 3370 394 3416 meon
415 3353 537 3416 etheri
559 3355 746 3434 perfecerunt
768 3354 952 3435 iniquitatem
984 3377 1020 3419 ex
1042 3378 1096 3420 sua
1119 3360 1253 3433 haeresi,
1282 3380 1339 3440 qua
1369 3380 1400 3425 sc

264 3454 454 3546 gChristum
484 3462 558 3516 sunt
581 3456 742 3534 persecuti.
796 3457 830 3518 ln
859 3457 1015 3519 concilium
1043 3478 1146 3520 eorum
1174 3479 1212 3522 ne
1239 3463 1400 3525 renerits

256 3515 282 3559 η
304 3572 386 3627 mea,
415 3564 446 3615 et
474 3555 504 3614 in
526 3555 686 3616 santionem
714 3573 817 3618 eorum
846 3575 884 3618 ne
911 3558 1100 3620 incubuerint
1121 3561 1220 3622 iecora
1241 3580 1325 3635 mea,
1358 3580 1400 3643 qu

303 3652 506 3730 indignatione
526 3673 580 3715 sua
602 3655 813 3717 interfecerunt
827 3655 979 3729 homines,
1002 3658 1031 3719 id
1048 3668 1095 3721 est
1108 3661 1288 3740 prophetas,
1311 3664 1389 3726 etin

303 3751 485 3832 cupiscentia
507 3771 562 3813 sua
583 3754 754 3817 ceciderunt
774 3774 883 3819 nervos
907 3765 1009 3832 tauro,
1031 3760 1060 3822 id
1083 3770 1130 3822 est
1144 3762 1282 3836 Christo,
1304 3780 1395 3843 quem

302 3868 407 3913 necem
427 3850 641 3931 prophetarum
664 3854 858 3936 “suffigendo
882 3856 1017 3920 ¹²nervos
1047 3858 1176 3942 ¹'utique
1205 3863 1271 3925 eius
1299 3865 1392 3927 claris

370 3999 429 4063 Cep.
447 4000 527 4050 xvttt.
580 4003 602 4052 l.
627 4019 680 4057 eutn
705 4006 806 4056 maxims
830 4008 945 4060 bullarios.
1002 4009 1026 4060 2.
1045 4018 1162 4074 portaret,
1186 4014 1239 4077 ipse
1257 4015 1348 4066 Christi
1371 4016 1400 4069 dt

301 4065 326 4116 3.
345 4065 369 4116 in
387 4066 509 4116 Christum
528 4071 560 4130 d,
580 4086 630 4120 cun
643 4074 723 4123 Fulvio
738 4075 830 4125 llrss'no.
873 4076 896 4126 t.
915 4084 952 4126 est
969 4084 994 4126 et
1010 4079 1168 4128 senrrrndstus
1187 4081 1210 4130 in
1229 4080 1400 4145 Aegyptum

302 4135 1397 4209 mmdstnmfflmwmmmsbwmflmesM

301 4201 411 4250 traditur.
435 4202 494 4251 liam
513 4212 537 4252 et
553 4219 607 4253 cum
627 4207 776 4257 benedicitur
793 4211 840 4271 ed,
860 4227 890 4260 es
906 4227 957 4275 esp.
971 4213 1009 4261 10.
1028 4215 1068 4262 lib.
1081 4214 1165 4264 Contra
1176 4216 1281 4266 ludaeos.
1323 4216 1349 4268 6.
1367 4232 1382 4267 s

301 4268 373 4316 etism
392 4270 484 4319 ont.cd.
527 4270 551 4320 l.
569 4273 654 4321 entim·
673 4277 710 4324 sd.
728 4277 844 4336 busseul,
863 4280 1096 4330 etalterl'ctiecnus.
1131 4291 1237 4331 estretns
1254 4285 1349 4348 reliqui.
1389 4284 1400 4337 l

300 4340 372 4384 tenum
391 4335 457 4384 nuris
475 4351 536 4400 quse
553 4341 591 4389 ed.
638 4340 664 4389 9.
682 4343 776 4392 medies
794 4344 979 4396 Fulullrsisus.
1015 4350 1093 4397 medic
1112 4350 1250 4399 &Assius
1286 4351 1399 4403 nentes

302 4399 341 4448 10.
360 4401 446 4451 etheri
465 4406 621 4467 exporrigens
639 4409 830 4460 benedictionem
842 4412 865 4461 id
877 4421 914 4462 est
932 4414 969 4463 ed.
1011 4414 1051 4466 ll.
1069 4418 1276 4468 interieceruutet
1287 4420 1399 4483 summu

302 4466 342 4516 12
360 4467 384 4516 in
403 4482 488 4519 nervos
506 4472 539 4521 lo.
552 4489 568 4522 o
580 4473 688 4523 Wcuser.
741 4475 779 4525 1³.
801 4481 997 4542 aliquemne.

334 4564 358 4613 h.
375 4565 497 4620 Christum
517 4569 646 4638 usurum]
669 4573 695 4623 ld
719 4584 757 4626 est
780 4579 858 4630 laetus
909 4576 969 4645 lun]
988 4581 1028 4630 Sie
1045 4583 1399 4645 emendsvtrtnts.ttntnm,s

299 4632 376 4694 ligore
402 4634 499 4687 Christi.
541 4638 712 4692 hellenismus.
746 4644 798 4704 (Fr.
816 4646 857 4697 lu·
910 4647 990 4696 heudo
1007 4650 1105 4709 medius,
1126 4666 1171 4714 pro
1189 4653 1281 4712 rnlpsts
1299 4657 1389 4707 eredis.

300 4700 374 4766 nius.)
944 4714 967 4763 d.
986 4716 1087 4778 sensns]
1108 4719 1131 4766 ld
1152 4727 1189 4768 est
1206 4721 1284 4780 oripo,
1302 4735 1331 4771 ex
1351 4737 1398 4774 ose

334 4782 354 4816 s.
373 4768 496 4820 unicornis
514 4778 594 4822 sutem
603 4775 697 4827 medius
710 4778 800 4844 stipitis
812 4795 857 4845 ps·
909 4780 1035 4832 tullrsneo.
1059 4782 1084 4832 i.
1102 4785 1158 4835 adu.
1178 4787 1208 4837 nd
1219 4787 1361 4841 beenrous
1373 4804 1399 4843 st
