3242 5775
326 619 389 689 d88
574 635 676 689 uumrr
696 633 827 680 ssrmn
848 609 1013 680 norman
1036 633 1230 678 rsnrummru

325 796 410 871 pater
430 794 527 848 autem
548 803 670 849 manens
691 784 722 846 in
743 803 791 847 me
812 784 880 848 lacit
901 801 1001 864 opera.
1050 783 1106 845 Per
1133 802 1222 864 opera
1250 800 1323 863 ergo
1348 785 1486 847 virtutum

327 895 358 952 et
377 887 467 950 rerba
488 886 639 950 doctrinae
659 905 780 949 manens
802 887 833 948 in
860 885 920 948 lilio
948 893 1032 966 pater
1056 903 1112 965 per
1140 904 1173 946 ea
1199 885 1316 947 ridetur
1338 905 1396 965 per
1416 906 1486 967 qnae

326 997 442 1061 manet,
463 996 493 1050 et
512 1007 567 1069 per
588 1005 654 1051 eum
676 988 707 1049 in
728 1006 787 1068 quo
807 995 923 1060 manet,
945 1006 981 1050 es
1001 987 1059 1048 hoc
1080 987 1146 1067 ipso
1169 994 1331 1067 apparente
1349 989 1487 1069 proprie·

188 1098 386 1160 ternantate
407 1089 560 1170 utriusque
580 1106 744 1170 personae,
766 1089 836 1151 dum
858 1088 944 1162 dicit,
966 1088 1028 1167 Ego
1051 1107 1117 1150 sum
1134 1089 1162 1149 in
1178 1095 1279 1168 patre,
1301 1097 1332 1149 et
1354 1090 1487 1168 paterio
1528 1090 1529 1115 ⁴

190 1208 310 1253 nuru.
327 1210 386 1255 me.
418 1194 512 1272 Atque
527 1190 617 1264 adeo,
639 1190 772 1265 Credite,
794 1188 843 1251 ait
877 1187 977 1263 Quid?
1009 1190 1055 1251 lle
1076 1198 1187 1269 patrem
1209 1186 1302 1251 esse?
1336 1189 1405 1252 Non
1420 1198 1488 1269 puto

251 1309 307 1354 nra.
329 1293 470 1374 scriptum
492 1310 577 1365 esse,
606 1291 676 1366 sed,
704 1290 780 1364 Quia
801 1309 857 1370 ego
879 1291 909 1352 in
931 1299 1030 1370 patre,
1048 1301 1092 1352 ¹et
1112 1298 1196 1372 pater
1216 1291 1247 1352 in
1275 1308 1341 1364 me,
1377 1291 1403 1352 si
1432 1311 1487 1371 quo

327 1395 443 1469 minus,
464 1394 510 1455 rel
530 1400 653 1473 propter
673 1410 763 1472 opera
785 1392 914 1466 credite,
943 1410 977 1453 ea
998 1391 1099 1471 utique
1121 1410 1210 1471 opera
1232 1410 1286 1471 per
1308 1410 1386 1471 quae
1407 1402 1488 1472 pater

219 1522 226 1535 ·
326 1496 358 1558 in
379 1494 456 1569 tilio,
477 1512 539 1557 non
559 1491 641 1567 risu,
664 1494 716 1556 sed
739 1511 831 1555 sensu
852 1492 1014 1554 ridebatur.

195 1618 318 1677 mgna,
410 1596 485 1657 Post
502 1593 669 1675 Philippum
691 1603 722 1656 et
741 1603 831 1656 totam
854 1594 1047 1657 substantiam
1077 1593 1260 1673 quaestionis
1292 1592 1384 1655 istius
1418 1613 1487 1675 quae

327 1697 359 1762 in
380 1698 469 1760 finem
491 1695 649 1777 evangelii,
678 1695 899 1777 'perseverant'
928 1696 958 1757 in
981 1696 1084 1758 eodem
1107 1714 1214 1774 genere
1237 1695 1405 1769 sermonis,
1434 1714 1487 1777 quo

190 1815 316 1868 ronias
329 1808 414 1882 pater
435 1807 464 1861 et
483 1797 561 1860 lilius
583 1797 613 1860 in
628 1816 680 1859 sua
695 1796 873 1876 proprietate
887 1796 1136 1876 'distinguuntur
1169 1796 1353 1858 Paracletum
1374 1815 1488 1877 quoque

328 1921 344 1964 s
365 1909 448 1982 patre
469 1917 503 1960 se
524 1897 758 1979 postulatarum,
779 1915 846 1960 cum
868 1899 1051 1961 ascendisset
1071 1898 1106 1959 ad
1127 1907 1255 1978 patrem,
1279 1906 1308 1958 et
1328 1899 1488 1961 missurum

213 1981 217 1990 ¹
328 1999 514 2083 repromittit,
536 1999 695 2079 etquidem
716 1998 813 2062 alium.
842 2000 900 2061 Sed
914 1999 971 2062 iam
986 1999 1193 2079 praemisimus
1208 1999 1360 2078 quomodo
1371 2000 1489 2062 aliuml’.

217 2085 482 2208 ¹ffiqlffvlleternm,
515 2100 557 2162 lle
578 2117 645 2161 meo
668 2107 781 2172 sumet,
811 2099 920 2179 inquit,
948 2102 1024 2163 sicut
1051 2101 1116 2179 ipse
1145 2101 1181 2161 de
1201 2100 1305 2179 patris.
1350 2101 1393 2162 lta
1417 2120 1489 2163 con·

328 2221 422 2267 nexus
449 2202 542 2283 patris
570 2201 600 2263 in
627 2201 688 2264 lilio
716 2209 746 2263 et
773 2200 825 2262 lilii
852 2202 883 2264 in
910 2202 1057 2281 paracleto
1087 2211 1148 2263 tres
1171 2202 1259 2262 efficit
1281 2203 1487 2272 cohaerentes,

328 2305 452 2369 alterum
480 2321 515 2366 ex
543 2303 646 2365 altero.
701 2302 759 2376 Qui
790 2310 852 2364 tres
880 2321 971 2365 unum
1001 2311 1086 2376 sunt,
1123 2321 1183 2363 non
1211 2321 1304 2377 unus,
1339 2304 1488 2383 quomodo

216 2407 439 2477 n.x,st.dictum
467 2413 529 2479 est,
559 2404 623 2483 Ego
650 2411 680 2466 et
700 2411 784 2484 pater
809 2422 901 2466 unum
921 2423 1040 2478 sumus,
1069 2404 1105 2465 ad
1135 2404 1317 2466 substantiae
1338 2406 1490 2482 unitatem,

328 2524 388 2570 non
411 2506 446 2568 ad
468 2504 583 2568 numeri
605 2505 846 2585 singularitatem.
889 2506 1033 2568 Percurre
1055 2505 1163 2579 adhuc,
1193 2518 1222 2567 et
1249 2505 1385 2567 invenies
1408 2525 1489 2586 quem

212 2616 443 2690 ro.sr,1.patrem
456 2606 561 2668 credis
593 2606 668 2680 (rice
694 2607 786 2687 patris
815 2607 923 2669 dictum
952 2617 982 2669 et
1008 2617 1121 2686 patrem
1142 2606 1299 2686 agricolam
1320 2606 1441 2689 'utique
1462 2608 1490 2669 in

330 2717 407 2771 tarra
428 2716 460 2770 tu
481 2715 566 2786 putas
589 2706 711 2783 tuisse),
733 2707 811 2770 hunc
831 2713 956 2771 rursus‘
976 2708 1006 2768 in
1029 2707 1116 2794 caelis
1139 2727 1155 2769 a
1178 2709 1236 2769 idio
1259 2708 1397 2788 agnosci,
1425 2726 1488 2770 curn

180 2808 398 2880 ra.xrn,1r.illuc
418 2808 579 2889 respiciens
602 2807 763 2888 discipulos
786 2827 858 2870 suos
879 2810 954 2890 patri
975 2809 1120 2870 ‘tradidit
1175 2809 1233 2898 Sed
1262 2816 1292 2869 et
1319 2808 1346 2870 si
1375 2810 1406 2870 in
1434 2810 1489 2870 isto

231 2913 305 2959 asos.
330 2911 480 2990 evangelio
502 2928 563 2972 non
583 2910 648 2972 ‘est
667 2910 841 2984 revelatum,
864 2910 943 2979 Deus
958 2930 1059 2983 meus,
1082 2911 1118 2972 ad
1140 2910 1209 2990 quid
1223 2930 1271 2972 me
1285 2909 1491 2992 dereliquisti?

205 2964 321 3019 rxrn,rc

207 3016 309 3119 ¹¹¹2pr
330 3020 377 3086 et,
404 3012 506 3083 Pater,
535 3010 565 3071 in
592 3010 651 3072 tuis
679 3010 815 3072 manibus
843 3011 960 3091 depono
988 3012 1122 3093 spiritum
1151 3030 1265 3084 meum,
1296 3022 1395 3075 tamen
1422 3020 1490 3093 post

330 3112 577 3175 resurrectionem
600 3119 628 3173 et
641 3111 796 3174 ·⁶derictae
818 3112 939 3191 gloriam
967 3113 1088 3187 mortis,
1122 3114 1253 3193 exposita
1274 3112 1489 3176 'necessitate‘

216 3208 218 3214 ’
330 3214 428 3276 omnis
451 3212 636 3287 humilitatis,
669 3231 735 3275 cum
757 3213 815 3275 iam
837 3222 950 3294 patrem
973 3233 1005 3275 se
1027 3224 1130 3294 posset
1153 3215 1310 3276 ostendere
1333 3224 1391 3277 tam
1413 3215 1489 3276 fideli

329 3315 470 3390 feminae,
493 3334 529 3378 es
550 3314 721 3388 dilectione,
743 3332 802 3376 non
825 3333 861 3376 ex
883 3315 1053 3377 curiositate
1069 3334 1124 3377 nec
1138 3335 1171 3376 ex
1189 3316 1390 3378 incredulitate
1406 3317 1489 3377 Tho·

197 3435 410 3493 ramamae,
433 3425 553 3496 tangere
574 3432 641 3478 eum
663 3416 837 3496 adgressae,
868 3417 927 3490 Ne,
949 3417 1058 3496 inquit,
1089 3417 1245 3496 contigeris
1268 3437 1331 3490 me,
1356 3417 1490 3478 nondum

329 3518 450 3581 ascendi
471 3518 506 3580 ad
520 3524 640 3598 'patrem
664 3535 776 3590 meum,
798 3517 871 3579 rade
894 3525 988 3579 autem
1011 3519 1046 3579 ad
1069 3519 1175 3580 iratres
1198 3537 1281 3580 meos
1296 3518 1401 3598 (⁸quin
1416 3520 1489 3581 etin

330 3621 388 3682 hoc
408 3620 498 3683 filium
520 3618 676 3691 ostendit⁰,
699 3618 776 3679 tilios
799 3618 878 3679 enim
900 3619 1079 3698 appellasset
1099 3620 1181 3693 illos,
1212 3620 1237 3681 si
1259 3628 1342 3698 pater
1364 3622 1489 3697 luisset),

330 3728 361 3782 et
381 3721 461 3782 dices
483 3720 542 3793 eis,
571 3719 707 3782 Ascendo
729 3720 764 3781 ad
786 3728 901 3799 patrem
922 3737 1020 3780 meum
1043 3728 1072 3781 et
1092 3729 1206 3801 patrem
1228 3730 1374 3795 restrum,
1404 3723 1489 3783 deum

329 3838 427 3882 meum
449 3828 480 3881 et
499 3819 587 3881 deum
609 3828 749 3881 restrum.
791 3821 877 3883 Pater
898 3820 934 3882 ad
955 3830 1085 3900 patrem,
1108 3830 1138 3883 et·
1158 3823 1231 3883 deus
1253 3823 1290 3883 ad
1311 3822 1426 3886 deuml
1453 3843 1489 3885 an

399 3973 456 4035 Cap.
474 3971 538 4020 XXV.
583 3972 604 4020 l.
623 3981 759 4036 perseverat
776 3974 888 4043 Latinius.
950 3972 973 4023 2.
997 3974 1158 4038 distinguntur
1181 3977 1212 4036 d,
1232 3992 1281 4026 cam
1300 3977 1381 4026 Patrio
1401 3978 1490 4027 tirsiso.

331 4039 482 4100 distinguitur
498 4038 584 4090 idolo.
602 4040 665 4090 leid.
725 4039 749 4091 3.
768 4043 800 4091 nti
820 4055 889 4105 quem
908 4043 962 4091 edit.
981 4043 1098 4107 leopoldi«
1139 4053 1162 4091 et
1186 4058 1255 4108 quern
1279 4045 1317 4093 Fr.
1333 4046 1423 4094 loaisa.
1467 4046 1489 4093 l.

331 4107 402 4157 tradit
420 4113 451 4168 d.,
470 4107 608 4159 rumFalrr'o
619 4109 710 4160 llrsr'so.
749 4109 772 4157 ὁ.
792 4117 858 4159 esset
875 4111 907 4171 d.,
926 4124 975 4159 cusi
988 4111 1068 4161 Foloio
1080 4111 1169 4160 Ursino.
1210 4111 1234 4161 u.
1252 4111 1358 4161 devictae
1375 4114 1452 4174 gloria
1466 4113 1489 4161 P.

331 4174 419 4224 devicta
438 4174 512 4237 gloria
530 4175 555 4225 Α.
573 4177 637 4226 leid.
689 4176 712 4225 7.
731 4178 898 4226 necessitatem
918 4177 941 4226 B.
987 4177 1010 4228 8.
1029 4182 1085 4241 quin
1105 4187 1127 4228 et
1145 4181 1167 4228 in
1186 4179 1232 4228 hoc
1249 4194 1275 4228 se
1294 4179 1370 4228 tilium
1389 4183 1422 4240 d.,
1442 4197 1490 4231 coos

331 4242 410 4293 Fslrio
428 4244 517 4293 Ursino.
554 4246 608 4309 qnia
626 4251 649 4293 et
666 4246 700 4304 (et
717 4245 802 4304 ornat.)
821 4246 844 4294 in
862 4245 909 4295 hoc
925 4245 999 4296 illium
1017 4247 1103 4297 suase.
1122 4248 1184 4296 leid.

365 4379 422 4442 Cap.
440 4378 504 4429 XXV.
544 4395 564 4428 s.
583 4375 747 4444 perseverant]
771 4379 802 4428 Ea
822 4394 882 4443 quse
966 4382 989 4432 d.
1008 4383 1114 4445 exposita
1141 4377 1294 4447 netessitate]
1319 4383 1440 4446 Exposita,
1467 4382 1488 4429 id

330 4444 385 4494 inde
398 4454 538 4509 sequnntur,
556 4446 663 4511 usquein
676 4447 745 4495 lluem
760 4447 883 4509 evangelii,
933 4458 969 4499 est
992 4450 1107 4512 deposita.
1154 4450 1189 4499 Cl.
1214 4451 1266 4498 dds.
1287 4451 1376 4500 Valent.
1401 4466 1453 4514 esp.
1465 4450 1487 4500 9.

330 4522 483 4576 perseverant
506 4515 529 4563 in
548 4515 632 4565 eodem
650 4529 737 4576 genere
755 4517 881 4565 sermonis.
933 4517 966 4567 lle
985 4518 1082 4566 ltesurr.
1101 4518 1184 4567 Carnis
1203 4533 1254 4580 cap.
1266 4518 1307 4567 45.
1327 4527 1350 4567 et
1369 4519 1473 4581 capili.

364 4580 386 4629 b.
413 4581 460 4630 Sed
487 4583 532 4631 ism
565 4583 732 4646 praemisimus
761 4584 882 4646 quomodo
966 4600 988 4634 e.
1007 4587 1094 4635 in-hoc
1112 4587 1185 4634 illrum
1210 4583 1326 4647 ostendit]
1352 4586 1430 4634 llcleri
1449 4603 1488 4633 ro·

332 4647 423 4711 elium}
443 4649 478 4698 Cl.
498 4664 570 4713 supra
589 4649 688 4712 cupid.
932 4652 1009 4702 culam
1028 4669 1060 4714 rr,
1089 4654 1236 4717 Septimiano
1255 4654 1350 4717 quidem
1369 4654 1426 4702 stilo
1445 4656 1487 4702 rni-

364 4734 384 4765 c.
404 4719 466 4766 hone
484 4713 577 4781 rursus]
595 4717 690 4778 Vulgata
709 4718 828 4767 distinctio
847 4725 884 4767 est
932 4722 995 4769 ninia
1020 4728 1187 4770 necessariam.
1237 4724 1273 4770 Ci.
1296 4738 1357 4785 qnae
1381 4721 1488 4770 adnotari

331 4794 439 4847 „patrem
458 4785 545 4844 credis,
563 4788 611 4833 rica
630 4786 704 4848 patris
721 4787 818 4835 dietum.
855 4784 888 4834 Et'
933 4788 962 4838 sd
987 4788 1019 4838 [le
1045 4786 1105 4850 llirg.
1130 4789 1226 4839 l'elsnd.
1253 4804 1305 4854 cap.
1320 4790 1357 4839 15.
1384 4798 1407 4838 et
1433 4790 1486 4838 adr.

328 4861 422 4915 patrem
440 4876 513 4889 --
531 4852 614 4902 lause.
637 4853 816 4919 llnnerorsus“
827 4844 881 4904 cell
933 4856 1003 4908 llsrc.
1014 4856 1061 4919 ll,
1071 4856 1133 4921 26„
1451 4846 1461 4865 '
