3242 5775
284 683 289 694 ι
313 648 377 714 286
567 660 669 712 ournrr
692 660 824 703 suerum
846 659 1013 703 rcomnrrs
1035 657 1234 703 rsuruccnnr
1258 615 1262 628 ¹

199 812 437 878 enuntiando
459 809 722 891 perdilectionem
744 810 863 890 perfici,
886 807 931 871 sio
952 827 1068 889 quoqne
1082 807 1228 869 creatoris
1242 805 1386 868 ostendit.

171 928 301 979 noetus.
315 914 393 975 enim
417 912 604 974 dilectionem
627 912 698 974 dicit
719 930 794 991 quae
817 911 847 971 in
870 911 975 983 deum,
997 917 1028 971 et
1048 910 1106 970 hoo
1124 907 1270 970 creatoris
1290 914 1355 979 est,
1376 906 1404 968 1]

314 1014 401 1077 deum
424 1032 460 1074 ex
481 1021 545 1074 toto
568 1012 658 1075 corde
680 1021 748 1084 tuo,
771 1020 801 1073 et
823 1030 858 1072 er
880 1020 942 1072 tota
964 1010 1147 1080 animatus,
1169 1017 1258 1070 etex
1278 1008 1352 1069 totis
1375 1007 1404 1071 ri

164 1116 391 1188 canrrxnstuis,
414 1115 477 1175 sire
499 1133 574 1193 quae
596 1114 627 1175 iu
642 1114 823 1193 proximum,
847 1112 885 1172 Et
897 1110 1066 1191 proximum
1081 1118 1164 1172 tuum
1180 1119 1319 1188 tanquam
1335 1118 1380 1183 te,
1402 1143 1404 1160 ι

189 1230 305 1281 saturo.
315 1216 389 1278 toris
412 1224 468 1276 cst
506 1214 563 1287 Qui
586 1223 683 1276 autem
706 1213 805 1274 turbat
825 1231 897 1285 vos,
919 1211 1060 1273 iudicium
1081 1212 1167 1272 seret.
1198 1212 1303 1290 hquo
1326 1207 1404 1272 deoi

314 1314 452 1396 optimo?
490 1314 549 1376 Sed
571 1313 620 1375 iile
641 1332 701 1374 non
724 1314 843 1375 iudicat.
886 1312 910 1374 A
938 1311 1095 1374 creatore?
1132 1311 1193 1373 Sed
1214 1330 1271 1373 nec
1292 1312 1343 1372 ilie
1363 1311 1404 1376 dat

314 1409 357 1477 bit
385 1422 565 1477 assertorem
593 1413 839 1476 circumcisionis.
890 1413 1004 1487 Quodsi
1039 1432 1100 1474 non
1128 1413 1186 1474 erit
1215 1413 1291 1474 alius
1325 1409 1404 1498 quii

202 1593 207 1602 .
317 1525 364 1578 cet
391 1515 449 1577 nisi
478 1524 610 1588 mentor,
642 1515 700 1576 iarn
729 1534 799 1594 orgo
830 1534 891 1577 non
918 1514 1097 1576 ”damnabit
1122 1514 1199 1594 legis
1227 1513 1395 1576 defensores

316 1617 365 1697 qui
387 1617 452 1696 ipse
474 1634 537 1677 eam
560 1634 678 1677 cessare
699 1616 864 1677 constituit.
909 1616 987 1689 Quid
1009 1633 1103 1687 nunc,
1132 1615 1158 1676 si
1181 1624 1210 1677 et
1231 1615 1404 1676 confirmati

184 1734 301 1786 suun.
316 1737 351 1779 ex
372 1726 456 1797 purte
477 1715 562 1796 ¹'qus
585 1716 696 1779 dehet?
740 1718 816 1778 Tota
838 1717 931 1790 enim,
964 1716 1076 1796 inquit,
1102 1715 1149 1777 lex
1172 1716 1204 1777 in
1224 1715 1311 1777 vohis
1332 1716 1404 1778 adim

317 1829 377 1880 est:
400 1818 510 1897 Diliges
532 1818 698 1897 proximum
721 1828 802 1881 tuum
825 1826 963 1897 tanquam
986 1825 1024 1879 te.
1070 1817 1128 1878 hut
1148 1817 1176 1878 si
1197 1817 1244 1878 sic
1264 1817 1327 1877 vuit
1348 1818 1404 1880 ints

315 1919 478 1999 hriimpieta
506 1929 566 1993 est,
599 1920 683 1997 quasi
706 1919 763 1981 iam
786 1938 846 1980 non
869 1918 1070 1997 adimplenda,
1105 1935 1176 1997 ergo
1198 1935 1260 1979 non
1282 1917 1345 1979 vult
1365 1925 1397 1980 ut

317 2039 383 2100 gam
405 2020 574 2100 proximum
597 2028 734 2100 tunquam
757 2040 821 2094 me,
853 2028 886 2082 ut
914 2028 944 2081 et
964 2020 1023 2081 hoc
1044 2038 1110 2083 cum
1131 2019 1196 2098 lege
1217 2019 1386 2081 cessaverit.

317 2121 566 2200 perseverandum
589 2121 646 2198 erit
667 2137 786 2201 semper
807 2123 838 2182 in
860 2121 919 2182 isto
941 2129 1110 2200 praecepto.
1161 2119 1241 2199 Ergo
1270 2119 1318 2180 lex
1345 2137 1404 2182 cres

282 2213 284 2217 ’
318 2222 406 2283 etiam
428 2220 465 2282 ah
487 2222 656 2283 adversario
677 2222 801 2303 proheta
824 2230 885 2295 est,
908 2241 965 2284 nec
986 2221 1189 2302 dispendium,
1211 2220 1267 2283 sed
1282 2239 1404 2302 compen

247 2320 250 2325 ’
318 2322 355 2384 ah
377 2341 412 2384 eo
435 2332 594 2384 consecuta
616 2332 678 2395 est,
701 2324 818 2384 redacta
840 2341 954 2384 summa
976 2323 1112 2385 inunum
1129 2323 1402 2402 iampraeceptum.

318 2442 374 2485 nec
395 2425 453 2484 hoc
474 2424 523 2484 alii
546 2424 639 2503 magis
661 2424 804 2505 competit
824 2442 912 2503 quam
934 2424 1059 2485 auctori.
1108 2422 1203 2502 Atque
1223 2423 1298 2485 adeo
1321 2442 1387 2486 oum

191 2539 306 2592 suun.
320 2518 418 2610 Onera
440 2533 537 2585 vestra
559 2524 683 2586 invicem
706 2525 868 2597 sustinete,
902 2534 932 2586 et
959 2524 1004 2585 sic
1033 2523 1230 2603 adimplebitis
1252 2524 1347 2603 legem
1370 2523 1404 2586 ct

321 2624 347 2685 si
369 2625 426 2685 hoc
448 2642 508 2685 non
530 2634 631 2704 potest
657 2626 722 2686 fieri
749 2625 809 2686 nisi
838 2627 905 2704 quis
934 2625 1034 2703 diligat
1055 2625 1223 2704 proximum
1245 2623 1332 2686 ”sibi
1354 2633 1404 2686 tan

321 2743 371 2797 se,
393 2732 531 2805 apparet,
555 2726 663 2806 Diliges
685 2726 854 2815 proximum
874 2725 955 2786 ”tihi
978 2734 1116 2805 tanquam
1133 2735 1177 2798 te,
1199 2743 1256 2806 per
1271 2725 1349 2805 quod
1364 2743 1404 2786 on

320 2826 448 2888 invicem
471 2844 561 2888 onera
584 2835 681 2889 vestra
704 2835 835 2907 portato,
859 2827 967 2889 Christi
989 2846 1058 2889 esse
1079 2826 1190 2907 legem,
1213 2845 1289 2906 quae
1310 2826 1352 2889 sit
1372 2843 1404 2889 cn

321 2928 380 2999 ris,
409 2935 496 3006 atque
518 2927 557 2988 ita
580 2927 728 2990 Christum
758 2929 901 2991 creatoris
932 2947 1016 3002 esse,
1045 2928 1114 2989 dum
1137 2927 1248 2989 Christi
1270 2937 1319 2990 est
1338 2928 1404 2988 leri

188 3027 407 3095 cuncteris.
450 3027 579 3101 Erratis,
609 3027 683 3089 deus
711 3047 772 3091 non
799 3029 961 3090 deridetur.
1009 3028 1118 3109 Atquin
1146 3028 1276 3091 derideri
1298 3034 1396 3109 potest

196 3141 307 3192 catur.
321 3128 493 3200 Marcionis,
516 3128 565 3207 qni
587 3146 643 3190 nec
664 3130 750 3191 irasci
774 3132 858 3191 novit
878 3129 961 3189 ³¹nec
983 3128 1095 3190 ulcisci.
1141 3129 1229 3202 Quod
1258 3129 1336 3191 enim
1356 3126 1404 3189 ”st

322 3231 428 3302 homo,
451 3230 508 3289 hoc
529 3238 559 3290 ct
581 3237 681 3290 metet.
723 3229 802 3304 Ergo
826 3227 1030 3288 retributionis
1053 3237 1083 3287 et
1110 3229 1210 3289 iudicii
1239 3228 1313 3289 deus
1324 3214 1404 3288 '⁸⁸intt

174 3331 439 3395 cn.v1,o.ro.Bonum
461 3337 557 3389 autem
580 3328 720 3388 iacientes
743 3345 804 3387 non
833 3327 1003 3405 fatigemur,
1040 3335 1070 3388 et
1096 3326 1165 3387 dum
1194 3327 1337 3389 hahemus
1364 3334 1404 3389 tn

322 3449 481 3510 operemur
508 3430 630 3489 honum.
679 3427 760 3506 Nega
788 3437 952 3490 creatorem
975 3428 1085 3489 honum
1106 3429 1204 3489 facere
1225 3427 1404 3508 praecepisse

322 3529 592 3602 diversadoctrina
608 3528 648 3589 sit
663 3528 797 3589 diversae
811 3529 981 3590 divinitatis.
1012 3527 1107 3589 Porro
1123 3527 1149 3589 si
1165 3527 1404 3607 retributionem]

172 3630 417 3702 annuerodicat,
451 3630 487 3690 ab
514 3631 619 3691 eodem
649 3629 706 3689 erit
731 3639 762 3690 et
787 3630 989 3709 corruptionis
1018 3630 1125 3690 messis
1154 3638 1182 3691 et
1211 3629 1298 3691 vitae.
1346 3628 1404 3689 Ten

223 3726 311 3826 ffifffif·
326 3739 423 3790 autem
446 3748 501 3790 suo
524 3741 685 3800 metemus,
708 3729 775 3808 quia
798 3729 1113 3802 etuuoetesiasncus,
1136 3729 1285 3809 Tempus,
1308 3727 1401 3809 inquit

186 3829 406 3907 cn.v1,n.⁰mssi
428 3830 483 3890 rei.
529 3830 588 3891 Sed
611 3830 750 3902 etmihi,
778 3831 888 3892 famulo
917 3830 1079 3905 creatoris,
1113 3829 1240 3891 mundus
1262 3829 1404 3892 crucihxu

326 3946 385 3989 non
408 3936 506 3990 tamen
528 3930 602 3991 deus
624 3929 772 4005 ³⁵mundi,
800 3939 831 3992 et
858 3950 913 4011 ego
942 3930 1071 4004 mundo,
1099 3949 1160 3991 non
1183 3939 1281 3992 tamen
1302 3931 1360 3992 deo
1381 3945 1404 3991 n

324 4029 465 4091 Mundum
488 4030 582 4102 enim,
611 4040 751 4109 quantum
772 4032 809 4093 ed
832 4033 1087 4093 conversationem
1117 4031 1198 4105 eius,
1229 4031 1348 4112 posuit,
1375 4048 1404 4097 ot

325 4129 488 4190 nuntiando
519 4139 622 4191 mutuo
650 4132 852 4211 transfigimur
881 4140 911 4193 et
937 4132 1063 4194 invicem
1086 4133 1240 4194 morimur.
1283 4131 1404 4193 Persem

189 4241 410 4308 fflvgflnocat
437 4230 556 4292 Christi.
611 4231 684 4292 Cum
713 4251 782 4293 vero
810 4233 900 4294 adicit
927 4233 1062 4312 stigmata
1086 4231 1195 4295 Christi
1227 4230 1258 4293 in
1287 4246 1404 4312 corporo

327 4337 443 4408 gestare
465 4349 499 4391 se
522 4331 635 4410 (utique
657 4332 821 4411 corporalia
843 4341 1042 4414 competunt),
1076 4333 1133 4394 inm
1155 4350 1216 4394 non
1238 4332 1399 4431 putat'ssntn

327 4448 425 4491 veram
448 4441 478 4492 et
499 4431 624 4492 solidam
647 4450 765 4494 carnem
787 4434 945 4512 protessus
961 4441 1008 4496 est
1022 4432 1151 4506 Christi,
1175 4431 1261 4496 cuiue
1277 4433 1404 4514 stigmate

327 4530 439 4609 poraiia
462 4531 602 4592 ostendit.

328 4646 368 4696 nt.
387 4649 506 4698 damnavit
523 4649 549 4699 B.
600 4648 642 4699 28.
660 4651 715 4713 qnia
733 4652 775 4701 BC.
829 4651 869 4702 29.
887 4652 933 4701 sihi
953 4652 1022 4715 doh·
1042 4665 1113 4701 sunm
1130 4653 1168 4704 ai.
1189 4652 1399 4704 Vaticanum.

328 4715 373 4764 sihi
393 4716 417 4764 B.
470 4716 511 4765 30.
529 4716 572 4765 tihi
591 4716 663 4765 Bcnh.
699 4726 765 4767 tuom
783 4721 820 4769 cd.
843 4721 963 4769 Vaticanus
980 4735 1049 4770 oens.
1099 4718 1141 4769 31.
1159 4732 1239 4784 neque
1257 4718 1282 4770 Ι.
1335 4718 1404 4770 ³21

327 4783 386 4830 verit
404 4784 439 4832 cd.
476 4783 801 4835 1nB.oocohoinmseverit
823 4787 1215 4838 oetseminnreritontiesunsat.
1266 4784 1310 4837 33.
1329 4786 1404 4837 into!

328 4847 368 4898 ³4
387 4848 547 4900 Ecclesiastes
564 4852 601 4901 cd.
654 4849 694 4901 ³5.
713 4853 809 4902 mundo·
820 4853 863 4904 BC.
