3242 5775
546 654 694 700 aomnsus
716 657 889 702 usncronmr
911 659 968 704 ere.
984 660 1023 704 rr.
1314 653 1376 716 201

242 803 369 868 &clears
390 805 446 878 sit,
479 824 534 867 cur
560 814 643 868 tanto
666 824 739 868 aevo
761 807 933 870 misericors
962 810 1034 871 mihi
1064 829 1124 873 non
1153 811 1234 876 luit?
1277 814 1486 888 Nolite-nnn.

236 903 345 975 ilicrre.
376 925 413 969 ne
442 907 624 969 indicemini.
679 908 776 969 Nolite
804 910 1018 979 condemnare.
1056 931 1095 974 ne
1123 914 1373 980 condemnemini.
1400 887 1473 933 ΙΙἸΙ·

201 1077 203 1082 ,
226 1002 354 1080 ¹ffir'ttite,
377 1017 406 1069 et
428 1007 628 1070 dimittemini.
672 1008 761 1082 Date,
791 1018 822 1071 et
843 1009 961 1072 dabitur
982 1011 1084 1086 robis,
1119 1032 1291 1077 mensuram
1312 1016 1372 1078 bo-

226 1123 286 1180 u,
304 1126 439 1188 pressam
461 1129 497 1173 ac
517 1111 658 1172 liuentem
681 1110 793 1172 dabunt
815 1110 844 1171 in
867 1111 964 1173 sinum
989 1122 1129 1174 vestrum.
1161 1114 1290 1190 Eadem,
1314 1137 1373 1197 qua

220 1210 290 1272 ui
311 1210 392 1271 eritis
414 1229 572 1283 mensura,
594 1211 768 1272 remetietur
790 1211 887 1273 robis.
930 1213 968 1274 Ut
988 1214 1114 1294 opinor,
1143 1214 1217 1277 haec
1238 1218 1370 1280 retribu-

217 1307 303 1372 tionem
326 1311 409 1391 ¹'pro
433 1311 547 1375 meritis
569 1322 760 1392 provocatam
783 1311 929 1374 ”somna
960 1315 1058 1393 hquo
1073 1315 1174 1393 ”ergo
1189 1316 1370 1382 retributio?

211 1409 475 1474 unicornibus
498 1421 626 1484 notum,
649 1431 720 1491 ergo
743 1413 901 1474 humanam
924 1414 1011 1476 docet
1026 1414 1212 1495 disciplinam
1235 1428 1264 1477 et
1286 1437 1367 1480 mer-

209 1511 309 1584 talem,
330 1523 360 1574 et
381 1512 413 1574 in
430 1519 525 1576 totum
540 1513 711 1576 hominibus
728 1513 920 1575 obediemus:
944 1514 971 1576 si
986 1535 1002 1576 a
1018 1524 1168 1588 creatore,
1192 1524 1224 1577 ut
1239 1535 1255 1578 a
1271 1517 1368 1581 indice

208 1613 441 1693 etdispnnetore
469 1614 661 1687 meritorum,
695 1633 766 1693 ergo
793 1614 834 1675 illi
863 1624 1000 1677 nostrum
1028 1616 1152 1694 impellit
1179 1616 1366 1697 obsequium,

205 1713 269 1794 qud
289 1733 377 1800 quem
399 1715 554 1778 coustituit
575 1714 801 1777 retributionem
824 1715 996 1795 captandam
1018 1716 1063 1777 vel
1079 1716 1254 1791 uniendam,
1276 1730 1368 1799 prout
1417 1713 1421 1720 ’

205 1814 313 1894 μ’ᾳυο
333 1816 508 1878 indicaverit
528 1826 579 1877 aut
599 1803 838 1878 condemnaverit
860 1825 910 1878 aut
931 1817 1078 1878 dimiserit
1094 1825 1146 1879 aut
1160 1836 1282 1880 mensus
1298 1820 1365 1881 lue·

206 1914 250 1978 rit:
270 1916 295 1978 si
316 1917 352 1977 ab
375 1917 459 1996 ipso,
483 1936 554 1994 ergo
576 1925 607 1978 et
628 1917 677 1978 ille
698 1918 756 1978 iarn
779 1917 904 1991 iudicat,
927 1917 1007 1997 quod
1023 1918 1154 1979 Marcion
1175 1927 1272 1996 negat.
1301 1918 1366 1980 Eli-

207 2025 262 2094 pt
285 2017 384 2096 itaque
411 2018 602 2079 Marcionitae
627 2036 665 2078 ne
693 2018 766 2080 tanti
796 2019 836 2080 sit
863 2019 899 2079 de
927 2018 1062 2096 magistri
1095 2017 1196 2096 regula
1230 2019 1377 2081 excidere-

208 2113 319 2197 ¹'qunti
331 2118 483 2180 Christum
505 2128 556 2180 aut
577 2118 747 2189 bominibus
770 2129 822 2181 aut
843 2109 967 2180 creatori
984 2119 1141 2180 docentem
1155 2119 1275 2181 habere.
1305 2120 1365 2183 Sed

211 2233 296 2280 noma
317 2237 435 2280 caecum
458 2218 539 2281 ducit
560 2219 591 2281 in
612 2218 751 2282 toream‘.
806 2220 938 2282 Credunt
959 2220 1049 2299 aliqui
1070 2220 1251 2283 ”Marcioni
1282 2231 1285 2236 “
1304 2220 1364 2282 Sed

213 2333 260 2382 u
283 2332 327 2381 est
353 2320 516 2400 discipulus
545 2340 638 2400 snper
664 2321 848 2400 magistrum.
900 2321 993 2382 ¹‘’llue
1020 2321 1193 2382 meminisse
1221 2321 1506 2393 debucinemus.

216 2415 322 2498 Ues,
342 2421 502 2483 blaroionis
525 2422 562 2483 de
583 2422 728 2502 discipulo
751 2423 934 2484 emendator.
970 2422 1085 2484 Eximat
1107 2422 1188 2484 etde
1204 2423 1291 2484 oculo
1307 2438 1515 2493 cucusenam.

218 2519 305 2582 bun
324 2522 506 2596 haereticus,
531 2531 600 2585 tunc
620 2524 651 2584 in
674 2524 763 2585 oculo¹
780 2523 939 2585 Christiani
962 2524 988 2585 si
1011 2542 1097 2603 quam
1119 2532 1204 2604 putat
1225 2523 1362 2605 stipulam

221 2620 329 2684 mr.
360 2623 491 2685 Proinde
512 2632 542 2684 et
564 2624 653 2686 arbor
673 2626 750 2686 bona
773 2644 834 2686 non
857 2627 989 2705 proterat
1003 2624 1111 2687 malum
1126 2625 1271 2698 linctum,
1294 2625 1363 2705 qnia

224 2735 263 2784 η
276 2724 372 2786 ueritas
393 2725 558 2797 haeresim,
583 2744 638 2787 nec
651 2726 726 2787 mala
747 2726 875 2797 bonnm,
898 2726 967 2805 quia
981 2744 1036 2787 nee
1050 2726 1185 2787 haeresis
1200 2726 1363 2787 veritatem.

228 2819 263 2884 in
276 2841 322 2887 nec
340 2826 467 2889 biarcioo
489 2826 599 2906 aliquid
622 2826 692 2888 boni
721 2826 757 2888 de
788 2827 927 2890 thesauro
951 2827 1094 2889 Cerdonis
1121 2827 1198 2889 malo
1227 2827 1361 2908 protulit,
1376 2811 1472 2907 HR}

229 2937 269 2986 η
282 2926 382 3005 lpelles
403 2927 440 2989 de
462 2928 632 2990 Marcionis.
680 2928 770 2990 blnlto
794 2928 873 2989 enirn
894 2929 968 2990 haec
989 2930 1202 3008 congruentius
1224 2928 1255 2989 in
1278 2930 1363 3009 ipsos

231 3020 449 3105 'ue-premimur
463 3048 538 3108 qnae
554 3030 689 3092 Christus
712 3030 741 3090 in
765 3030 900 3091 homiues
923 3030 1134 3108 allegorisavit,
1158 3049 1218 3091 non
1236 3030 1266 3091 in
1284 3031 1360 3092 dnos

236 3120 298 3185 hta*
315 3130 466 3191 secundum
489 3130 657 3191 scandalum
673 3130 841 3191 Marcionis.
877 3130 953 3191 Puto
979 3150 1027 3192 me
1043 3150 1104 3192 non
1124 3130 1265 3192 ”temere
1287 3131 1362 3192 hric-

232 3238 301 3303 ηε
316 3230 399 3293 adhuc
419 3232 515 3292 lineae
537 3231 715 3304 insisterel,
750 3250 807 3310 qna
829 3231 936 3292 deliuio
960 3250 1106 3312 nusquam
1129 3233 1250 3292 omnino
1274 3232 1362 3294 aliurn

241 3318 299 3389 h
318 3348 332 3390 a
354 3331 467 3394 Christo
497 3331 667 3394 revelatum.
718 3332 751 3393 tn
786 3332 843 3393 hoc
878 3333 943 3393 solo
972 3332 1174 3394 ²⁸adulterium
1205 3332 1362 3393 htarcionis

197 3466 201 3490 .
244 3432 483 3512 trastupnissei
506 3433 608 3494 miror.
644 3432 708 3494 Nisi
730 3433 810 3511 quod
833 3433 920 3494 etiam
943 3432 1075 3493 latrones
1098 3431 1212 3491 timent,
1246 3431 1363 3492 Nullum

197 3554 203 3594 ι
244 3524 368 3595 Qum
387 3536 451 3596 sine
474 3533 631 3595 tormidine
653 3543 715 3606 est,
738 3534 806 3612 quia
828 3552 884 3594 nec
906 3533 971 3594 sine
993 3530 1175 3594 conscientia
1199 3530 1256 3593 sni.
1290 3532 1363 3594 Tam

197 3668 205 3683 ·
249 3618 343 3708 flego
362 3645 388 3696 et
407 3637 506 3699 ludaei
529 3654 591 3697 non
611 3635 699 3696 alium
721 3635 809 3697 deum
832 3643 940 3696 noraut
961 3652 1048 3713 quarn
1063 3641 1182 3712 praeter
1197 3652 1283 3712 quem
1306 3651 1362 3693 ne·

197 3768 207 3783 ·
252 3722 321 3791 'u
336 3735 418 3799 adbuc
450 3745 559 3798 norant
585 3756 641 3797 nec
661 3736 749 3797 alium
772 3736 861 3797 deum
882 3735 1068 3815 appellabant
1088 3752 1176 3813 quam
1198 3753 1285 3813 quem
1309 3753 1362 3793 so·

197 3854 207 3895 r
252 3816 390 3898 hronut.
430 3838 461 3898 Si
485 3839 525 3899 ita
548 3846 609 3909 est,
631 3838 697 3916 quis
720 3835 865 3897 ridebitur
888 3836 1015 3908 dixisse,
1045 3836 1123 3908 Quid
1144 3834 1280 3907 ²luceas,
1303 3834 1501 3902 do·nue.n,te

197 4002 207 4023 ‚
255 3922 313 4003 ἦ,
336 3935 463 4001 domine?
513 3939 656 4000 Utrumne
684 3938 733 4016 qui
761 3955 911 4015 nunquam
940 3938 998 3997 hoc
1030 3937 1127 3997 luerat
1157 3944 1297 4005 vocatus,
1332 3942 1364 3995 ut

199 4064 210 4101 ·,
257 4036 350 4108 ψη
365 4040 453 4102 adhoc
474 4040 588 4111 editus,
616 4058 654 4100 an
677 4038 724 4100 ille
746 4038 796 4118 qni
820 4056 939 4117 semper
961 4037 1100 4099 dominus
1122 4036 1302 4110 habebatur,
1331 4043 1365 4096 nt

198 4122 211 4235 ξ
259 4128 394 4203 'rhomo
414 4142 565 4220 cognitus,
588 4139 662 4201 deus
684 4139 796 4201 scilicet
809 4137 1011 4200 ludaeorum?
1042 4137 1117 4210 Quis
1133 4137 1203 4199 item
1219 4135 1365 4199 adiecisse

197 4270 210 4303 Ι
263 4268 442 4342 ¹²lltfltritisel.
502 4293 542 4342 ts.
561 4299 631 4341 sonet
649 4292 693 4341 BC.
751 4291 793 4340 20.
812 4305 870 4353 ergo
889 4291 968 4341 omli.
1031 4288 1073 4339 21.
1097 4290 1177 4354 qnnnti
1197 4291 1230 4349 d,
1250 4290 1364 4339 luticios.

263 4350 374 4407 hilde
410 4360 613 4411 22.ttertionem
632 4362 658 4410 B.
705 4358 746 4409 23.
766 4360 816 4409 ttoo
834 4368 858 4407 et
877 4359 1016 4407 meminisse
1034 4360 1070 4407 cd.
1115 4357 1156 4406 24.
1175 4357 1364 4407 temereltebcd.

263 4404 348 4469 ‘We
373 4428 449 4477 timere
468 4429 492 4480 G.
545 4428 586 4478 25.
605 4428 722 4478 adulterio
741 4428 878 4478 fulcoius.
909 4425 972 4477 ·2u.
992 4425 1081 4475 uocatis
1098 4427 1134 4475 ed.

282 4508 514 4581 [illumitramur
527 4529 592 4579 ducit
603 4530 626 4580 in
637 4525 750 4595 tuream]
837 4528 860 4576 h.
879 4528 957 4577 adhuc
975 4527 1054 4576 lineae
1072 4521 1197 4591 insistere]
1219 4526 1256 4575 Gt.
1274 4524 1365 4573 adnott.

264 4568 322 4631 αἱ
334 4588 364 4649 ΙΙΙ,
377 4610 423 4658 up.
433 4596 456 4647 l.
803 4595 832 4645 ad
852 4596 975 4659 Scorpius.
995 4609 1047 4659 cap.
1062 4593 1087 4644 d.

197 4678 208 4711 r
281 4658 373 4708 lh'n
392 4663 448 4714 dnos
471 4662 543 4728 deos]
566 4664 601 4715 De
625 4665 670 4714 hoc
688 4680 754 4729 qno·
837 4661 854 4711 i.
873 4663 1017 4713 adulterium
1043 4662 1171 4711 Marcionis
1196 4672 1282 4709 manue
1312 4665 1366 4704 stu·

197 4744 208 4781 t
287 4712 751 4784 h‘turborebonoetmsladuosdeos
803 4725 898 4795 puisse]
917 4728 1367 4781 Adulteriumdiritadulterationemet

197 4814 208 4849 a
287 4790 751 4865 *tutissimarumclamasunt,
804 4800 983 4862 corruptionem
1000 4798 1183 4861 scripturorum.
1220 4794 1257 4841 ct.
1275 4791 1366 4868 edqott.

287 4848 416 4925 stimi.)
802 4865 835 4915 ad
853 4862 1203 4927 annuntiassetque.
1235 4860 1365 4921 Stultum,
