3242 5775
320 597 383 662 664
527 610 673 662 ¹omnm
695 610 829 655 seusun
849 609 1015 654 saonensis
1038 609 1236 655 asarumrms
1316 645 1328 662 .

318 764 387 828 lion
408 759 544 824 babendo
565 768 665 824 autem
686 759 796 835 lilium,
830 759 902 822 dum
927 759 995 840 ipso
1016 776 1085 821 sum
1105 759 1202 834 lilius,
1235 760 1390 841 quomodo
1410 770 1480 844 palu

320 864 398 929 erui
440 841 557 925 lla'bere
578 862 658 924 euim
679 860 772 924 lilium
799 859 911 935 debeo,
943 868 978 923 ul
1003 869 1089 941 pater
1115 859 1184 923 sim.
1233 861 1302 924 Nou
1332 881 1399 926 sum
1425 882 1481 943 erpo

210 1001 213 1009 ,
319 966 417 1038 lilius,
440 964 509 1043 quia
528 971 643 1044 patrem
665 979 726 1024 nou
747 962 861 1037 babeo,
884 961 1134 1042 quilacillilium.
1170 962 1274 1044 deque
1295 963 1324 1025 si
1346 963 1411 1044 ipse
1430 983 1482 1028 siu

179 1049 182 1100 2
318 1077 420 1148 pater,
449 1063 668 1145 quietibus,
697 1064 756 1124 iam
782 1081 844 1125 non
866 1063 963 1125 babeo
984 1072 1116 1142 patrem,
1144 1063 1199 1126 sod
1224 1065 1293 1145 ipse
1314 1083 1384 1127 sum
1404 1074 1482 1146 paler.

318 1169 386 1231 Non
408 1167 545 1230 babendo
568 1172 820 1246 solempnem,
842 1165 914 1226 dum
935 1163 1000 1244 ipse
1022 1183 1090 1226 sum
1112 1174 1212 1245 paler,
1244 1165 1397 1245 quomodo
1418 1166 1481 1230 lilim

319 1268 398 1333 ero?
433 1267 550 1331 Habere
571 1268 650 1330 onim
671 1275 786 1348 patrem
814 1265 927 1341 debeo,
959 1274 993 1328 ut
1019 1266 1099 1327 lilius
1127 1266 1195 1330 sim.
1245 1265 1314 1330 Non
1342 1285 1415 1348 ergo
1441 1285 1481 1331 ero

319 1380 422 1452 pater,
455 1369 524 1449 quia
551 1367 644 1430 lilium
671 1385 733 1429 uon
755 1366 868 1440 babeo,
901 1351 952 1448 oui
974 1368 1044 1430 lacit
1063 1375 1191 1448 patrem.
1235 1366 1301 1430 llos
1323 1368 1382 1431 erit
1401 1377 1480 1432 tolno

318 1470 472 1551 ingenium
494 1468 619 1545 diaboli,
653 1468 777 1549 alterum
806 1487 843 1530 ex
865 1468 959 1529 altero
989 1468 1162 1544 excludere,
1193 1469 1481 1550 dumnirumqueis

229 1614 239 1624 „
319 1587 412 1634 unum
434 1564 491 1633 sub
513 1570 702 1632 monarchiae
723 1570 825 1631 levore
847 1568 1027 1632 concludens
1054 1578 1194 1632 neutrum
1221 1569 1328 1633 baberi
1350 1570 1433 1646 iacit,
1459 1578 1481 1633 ul

321 1680 352 1735 et
372 1679 456 1753 pater
476 1688 537 1733 uon
561 1671 615 1745 sil,
648 1671 698 1750 qui
727 1669 841 1732 sedicet
867 1670 959 1732 lilium
987 1669 1176 1746 nonhabet.
1211 1678 1242 1732 el
1262 1669 1343 1734 lilius
1364 1689 1425 1734 non
1444 1671 1481 1741 sil

318 1773 370 1853 qni
391 1790 484 1852 aeque
504 1782 617 1851 patrem
640 1789 702 1832 non
724 1770 829 1844 babet;
852 1770 923 1832 dum
945 1770 1024 1832 enim
1045 1778 1130 1851 pater
1152 1780 1215 1847 est,
1242 1770 1323 1833 lilius
1345 1790 1408 1836 uon
1427 1772 1482 1835 erio

297 1874 369 1937 'Sis
388 1872 591 1936 monarchiam
613 1880 722 1934 tenent·
736 1871 787 1951 qui
809 1889 866 1933 nee
886 1882 1001 1950 patrem
1030 1888 1087 1933 nee
1113 1870 1206 1933 lilium
1227 1871 1395 1935 confinem.
1436 1868 1483 1934 Sel

210 1957 304 2062 iffi,
317 1974 392 2038 nus
412 1972 469 2035 aee
492 1972 620 2035 ornere.
658 1972 734 2046 ouis
755 1972 817 2035 loe
836 1969 973 2034 nessaeo
1008 1971 1047 2032 n
1067 1971 1266 2052 impossibilis
1286 1973 1368 2053 apua
1389 1992 1483 2037 uss·

163 2075 304 2129 ¹⁰⁰¹·¹¹·²⁷·
321 2075 384 2138 lum
411 2073 566 2154 possibilia
594 2074 672 2154 apud
699 2073 788 2135 deum
816 2073 884 2153 quis
910 2070 1055 2152 ignoret?
1097 2071 1135 2133 Et
1161 2071 1252 2136 stulta
1277 2073 1383 2137 mundi
1411 2073 1485 2154 elegi

315 2174 410 2249 deus,
432 2184 467 2238 ut
488 2174 649 2237 eonlbndat
669 2173 845 2252 ‘snpientia
893 2171 1034 2253 Legimus
1055 2173 1184 2235 ‘omnia
1227 2173 1326 2254 Ergo,
1347 2176 1484 2257 inqrriunl

314 2273 436 2338 difficile
457 2292 520 2338 uon
541 2276 597 2337 luit
617 2276 673 2337 deo
696 2275 796 2354 ipsum
819 2292 853 2336 se
875 2283 905 2336 el
925 2281 1040 2353 patrem
1067 2273 1210 2336 etlilium
1231 2275 1330 2339 faeere
1351 2276 1485 2340 adsersus

162 2401 178 2440 .·.
299 2376 454 2440 ‚badium
482 2378 608 2439 formam
636 2376 726 2439 rebus
753 2375 902 2440 humanis.
951 2374 1025 2437 llam
1053 2384 1084 2437 et
1109 2374 1241 2438 sterilem
1262 2393 1372 2456 parere
1392 2385 1486 2456 eontra

315 2487 453 2540 naturam
475 2477 593 2539 difficile
616 2477 673 2539 deo
695 2478 849 2551 nonfuit,
874 2476 951 2539 siout
971 2493 1026 2539 nec
1040 2476 1196 2555 virginem.
1227 2475 1320 2540 Plane
1341 2477 1418 2542 nihil
1435 2473 1486 2544 ‘uso

314 2576 461 2640 ’diffidis
495 2576 553 2639 Sed
575 2578 603 2640 si
615 2586 684 2640 -tam
706 2578 831 2658 abrupte
846 2578 878 2639 in
891 2576 1185 2658 praesumpionibus
1207 2578 1322 2642 nostris
1344 2579 1403 2644 bae
1421 2598 1486 2643 sen·

190 2757 192 2761 v
315 2678 410 2740 mnba
430 2685 565 2751 utamur,
587 2678 704 2757 quidvis
726 2678 843 2740 dedeo
865 2678 1034 2758 confingere
1054 2678 1241 2759 poterimus,
1268 2680 1358 2760 quasi
1378 2680 1488 2755 leserit,

314 2777 385 2860 quia
404 2779 503 2841 faeere
523 2779 662 2859 potuerit.
705 2779 773 2842 Nou
794 2787 910 2855 aulem,
932 2780 1002 2860 quia
1022 2779 1122 2841 omnia
1143 2780 1381 2861 poterimusne,
1408 2781 1488 2845 'ideo

276 2908 278 2914 .
314 2897 434 2961 quoque
455 2877 635 2944 eredendum
657 2879 807 2944 ossillum
829 2880 938 2944 iecisse
956 2870 1058 2944 'eliam
1086 2881 1167 2961 quod
1188 2899 1250 2944 non
1270 2882 1388 2973 iuueni.
1415 2883 1488 2949 su

313 2996 353 3043 an
374 2981 479 3044 lecerit
498 2981 720 3062 requirendum.
763 2982 880 3057 Potuit,
907 2981 953 3045 'si
973 2983 1132 3058 voluisset,
1165 2982 1239 3046 dous
1261 2984 1371 3064 pennis
1392 2984 1488 3049 boni·

313 3096 384 3144 uem
405 3080 443 3145 ad
464 3082 623 3145 volandum
644 3082 840 3159 instruxisse,
863 3084 944 3163 qnod
960 3092 990 3145 et
1003 3083 1101 3145 milvis
1116 3077 1281 3164 praeslilit3
1303 3102 1367 3148 uon
1383 3095 1491 3157 umen.

313 3182 382 3263 quia
404 3183 518 3262 potuit,
548 3183 650 3245 statim
671 3192 702 3245 et
723 3183 803 3245 lecit
846 3183 949 3246 Potuit
975 3193 1006 3246 et
1027 3183 1177 3247 'Praxean
1199 3193 1231 3248 et
1251 3202 1360 3249 omues
1379 3187 1491 3267 pariter

313 3283 480 3346 beer-eliens
515 3283 614 3346 statim
647 3282 827 3360 extinxisse3
863 3302 926 3346 non
957 3293 1073 3360 temen,
1110 3286 1178 3366 quia
1208 3286 1324 3366 potuit,
1353 3288 1488 3351 eximiii.

313 3383 480 3464 Oportebat
500 3384 579 3447 enim
603 3397 632 3447 el
653 3384 760 3447 milvos
783 3402 852 3448 esse
874 3393 905 3447 et
924 3386 1109 3462 haereticos,
1144 3388 1302 3467 oportebat
1323 3394 1353 3451 si
1370 3395 1487 3469 patrem

311 3485 452 3566 muciligi
486 3481 549 3549 liae
569 3486 685 3549 ratione
707 3486 765 3549 erit
785 3485 897 3566 aliquid
918 3493 949 3548 et
969 3486 1087 3549 difficile
1108 3486 1181 3563 deo,
1203 3487 1234 3550 id
1256 3488 1372 3553 scilieet
1390 3489 1487 3571 quod-

310 3600 428 3667 eunque
449 3602 512 3648 non
533 3587 653 3661 feeerit,
673 3604 735 3649 non
758 3586 827 3667 qnia
848 3603 911 3648 nou
932 3588 1078 3667 potuerit,
1101 3589 1157 3651 sed
1177 3590 1248 3669 qnia
1261 3589 1406 3655 uoluerit.
1436 3591 1488 3654 Ilei

310 3685 390 3749 euim
411 3705 505 3768 posse
526 3688 600 3750 velle
622 3697 683 3761 est,
713 3696 744 3750 et
764 3705 826 3750 nou
847 3705 940 3768 posse
961 3687 1058 3763 nolle,
1091 3690 1172 3770 quod
1194 3699 1292 3752 autem
1320 3691 1432 3766 voluit.
1459 3702 1488 3757 el

308 3788 407 3866 poluit
429 3797 459 3851 et
487 3788 628 3849 ostendit
676 3788 756 3868 Ergo
785 3789 870 3869 quia,
904 3788 932 3850 si
960 3789 1053 3853 voluit
1080 3790 1277 3872 semetipsum
1305 3790 1365 3854 sibi
1394 3792 1486 3857 lilium

309 3870 422 3963 liuere,
450 3887 565 3968 potuit,
593 3895 624 3949 ot
644 3888 729 3968 quia,
763 3890 791 3950 si
812 3889 925 3970 potnit,
953 3892 1039 3966 seul,
1068 3899 1139 3955 bine
1161 3891 1330 3972 ¹⁰probabis
1351 3892 1439 3957 illum
1457 3903 1487 3957 el

308 3986 447 4064 poluisse
469 3994 499 4048 el
519 3985 668 4063 soluisse,
690 3989 718 4052 si
739 3989 915 4070 probaveris
936 3991 1020 4055 illum
1041 3993 1160 4056 lesisse.

188 4082 290 4141 c¹1³·st
391 4084 525 4149 Probare
545 4096 644 4151 autom
665 4097 725 4152 tam
746 4099 850 4172 aperte
877 4090 1001 4156 debebis
1029 4113 1065 4156 ex
1093 4094 1267 4176 seripturis,
1300 4093 1409 4176 'mam
1431 4115 1487 4160 nos

304 4184 468 4266 probamus
490 4187 572 4251 illum
595 4188 654 4252 sibi
675 4191 768 4254 lilium
789 4193 898 4256 serisso
911 4212 1083 4257 sermonem
1098 4214 1199 4259 suum.
1235 4196 1267 4259 Si
1290 4196 1371 4259 enim
1392 4198 1487 4261 filiuni

305 4286 455 4362 nominat,
488 4290 567 4354 lilius
595 4300 694 4355 autem
724 4311 786 4356 non
812 4293 889 4358 alius
917 4296 974 4358 erit
1000 4295 1107 4377 ¹quam
1135 4297 1185 4378 qni
1213 4316 1250 4361 ex
1269 4298 1340 4379 ipso
1361 4299 1487 4379 prodiit,

303 4468 329 4522 4.
347 4470 492 4536 sapientiam
510 4477 547 4526 ed.
605 4477 630 4529 b.
655 4479 794 4531 omnimoda
818 4481 844 4531 Δ.
863 4481 928 4533 leid.
987 4481 1011 4536 6.
1029 4483 1137 4535 difficile.
1169 4483 1218 4535 Sed
1236 4485 1257 4536 si
1275 4485 1342 4537 obed
1385 4486 1487 4539 difficile

303 4546 349 4589 est.
373 4541 417 4590 sed
435 4542 455 4591 si
473 4543 540 4593 lus.
555 4559 601 4595 see.
636 4546 736 4598 dilllcile
753 4546 820 4597 sensi
834 4548 878 4599 AB.
897 4550 962 4600 leid.
1010 4551 1035 4601 7.
1052 4552 1107 4602 ideo
1126 4566 1223 4617 quoquo
1241 4568 1291 4617 epo.
1326 4553 1383 4604 ldeo
1402 4556 1487 4621 ulique

302 4606 336 4668 d,
356 4608 498 4677 waifario
509 4611 601 4662 llrsiso.
635 4613 738 4680 ideoque
754 4615 860 4666 Allobed.
876 4617 943 4668 leid.
986 4617 1010 4669 8.
1029 4620 1049 4669 si
1068 4619 1185 4670 voluisset
1201 4620 1227 4670 Δ.
1246 4621 1321 4683 leid„
1340 4628 1363 4672 el
1371 4622 1487 4688 ussup.

301 4677 583 4729 sememonten.
618 4680 650 4731 its
668 4682 748 4734 salsus
765 4683 813 4732 sim
829 4681 904 4736 sess.
938 4685 1096 4748 sireluissel,
1115 4686 1300 4740 imsulsussim
1319 4705 1349 4753 c„
1368 4691 1487 4742 eulalius

299 4743 351 4794 usis
372 4742 549 4806 vallandam.
601 4747 626 4798 9.
644 4748 759 4800 Prusam
777 4751 802 4800 d.
857 4750 1182 4818 laudabilitatem.

369 4809 428 4877 Cup.
446 4811 486 4864 xl.
523 4813 547 4863 1.
564 4814 678 4879 quonian
695 4819 722 4868 l.
740 4819 805 4869 leid.
857 4818 882 4870 2.
901 4834 973 4886 quem
991 4835 1019 4872 es
1036 4824 1064 4874 Δ.
1098 4823 1212 4886 quonium
1231 4835 1259 4875 er
1277 4823 1343 4875 usu.
