3242 5775
207 634 270 700 tto
328 619 342 632 ’
633 649 636 664 ·
686 651 805 697 ruemrr
827 653 973 698 aucroms

164 801 340 867 illinemus,
357 808 438 853 tameo
456 802 553 865 inlicita,
571 802 670 868 pollute,
688 803 798 866 nelauds,
846 805 979 856 clausisset
995 805 1091 871 penitus
1110 804 1192 854 carnis
1221 801 1342 865 genitalia
1358 795 1488 863 membra&

206 886 818 953 Commendatasirnul,siemiscuitomniaserpens,
845 890 915 942 Nulla
927 873 1046 941 ¹voluntas
1070 895 1154 940 nostro
1173 888 1269 953 animo,
1298 901 1384 952 neque
1400 883 1462 950 posse

198 973 339 1036 ,Cseemnm
351 972 403 1021 sine
416 972 470 1022 luce
484 972 551 1036 riam,
569 973 705 1023 contamine
716 986 818 1036 roeem;
1153 973 1269 1023 facultas.

206 1059 245 1120 llt,
262 1056 321 1108 dum
331 1055 447 1107 [actorem
463 1056 545 1107 mundi
559 1058 726 1107 contendimus
739 1058 818 1121 ipsum
846 1060 902 1111 Post
919 1060 978 1111 baec
996 1065 1078 1125 posset
1097 1064 1121 1109 et
1137 1058 1245 1109 interior
1263 1058 1343 1107 bomo
1359 1057 1464 1119 snguine

206 1141 818 1207 Essedeumsolum,vatumquoquerocelocutum,
1153 1142 1247 1193 iuuetis

165 1224 364 1292 iblqnotnmque
381 1226 454 1277 elium
471 1241 616 1292 quemquam
630 1242 677 1277 non
690 1241 745 1278 esse
761 1241 818 1292 pro·
845 1230 950 1280 Haerere
968 1229 1061 1280 inlusus
1079 1228 1154 1291 carni,
1172 1241 1330 1292 semperque
1348 1227 1443 1291 perire.

270 1311 273 1330 ’
494 1299 605 1376 bamus,
845 1315 946 1379 Semper
963 1315 1012 1365 oris
1030 1314 1098 1379 perit,
1117 1327 1173 1376 ergo
1191 1326 1242 1362 uec
1256 1319 1296 1362 est
1315 1325 1414 1361 serrare
1429 1324 1464 1374 po

206 1397 248 1448 lix
260 1395 372 1448 mundam
382 1395 486 1460 linguam
495 1398 615 1447 sermonis
625 1396 694 1462 culpa
703 1405 816 1448 sesemet.
1150 1397 1249 1447 testas?
1302 1461 1306 1472 ἱ

207 1481 338 1547 Complexo
353 1482 418 1534 sario
435 1489 519 1531 notum
537 1482 593 1532 dum
607 1481 679 1533 laude
687 1489 818 1547 sequentes
846 1484 906 1535 Cum
928 1498 1024 1549 semper
1048 1488 1161 1534 nascatur
1184 1481 1271 1545 bomo,
1297 1482 1349 1532 sub
1375 1478 1493 1531 cannes

207 1566 386 1632 Culpamusque
403 1565 461 1617 alias
479 1567 554 1630 ignoti
571 1574 678 1631 tempora
696 1581 766 1631 sera;
1152 1566 1240 1617 mortis

207 1651 257 1702 Sed
273 1658 363 1715 coeunt
378 1665 424 1702 nos
440 1650 515 1715 multa
533 1651 581 1701 doli
599 1651 676 1702 celata
692 1665 790 1714 senene,
846 1653 917 1713 Quod
934 1655 1037 1719 pastoris
1050 1667 1119 1717 opus,
1137 1652 1158 1701 si
1171 1652 1207 1700 sic
1219 1652 1323 1701 iuventa
1338 1650 1468 1701 docentur?

164 1735 310 1802 duduciplti
332 1750 477 1802 quamquam
503 1750 558 1787 cum
581 1736 689 1799 crimine,
711 1735 818 1800 paudere
845 1739 983 1803 luquaesita
1001 1752 1065 1801 ergo,
1083 1736 1127 1786 sed
1145 1750 1192 1785 non
1214 1744 1303 1799 erepta
1324 1737 1449 1800 probator.

511 1822 589 1873 rerba.
845 1824 914 1874 lluuc
931 1838 985 1874 sero
1004 1822 1111 1874 delectus
1130 1821 1199 1870 adest
1218 1821 1353 1871 connubia
1371 1821 1445 1881 adire,

241 1906 357 1966 Quinem
375 1920 431 1970 erga
450 1906 528 1957 deuel
551 1920 623 1970 quem
640 1920 722 1956 rerum
740 1897 818 1956 dicitis
846 1909 876 1960 tlt
893 1923 989 1972 semper
1006 1908 1057 1969 luit,
1075 1921 1147 1971 quem
1165 1905 1244 1955 iuosit
1266 1911 1342 1955 certa
1360 1918 1467 1970 propago,

513 2005 567 2041 esse
846 1992 982 2042 Nascuntur
998 1999 1080 2055 gentes
1099 1999 1123 2041 et
1139 1990 1175 2040 sir
1193 1990 1356 2040 numerabile
1374 1990 1460 2052 vulgus,
1475 1988 1497 2036 il

206 2078 316 2140 lqnotnm
332 2076 437 2141 populis,
455 2076 559 2125 alienum
577 2075 681 2140 denique
700 2074 808 2124 mundo?
846 2077 975 2142 Accipiunt
989 2078 1080 2126 animas
1099 2082 1240 2126 nascentem
1262 2090 1377 2139 corpora
1394 2076 1452 2134 rim

208 2158 820 2227 liuneqnernnemopriusuomthicreuitabaltoi
846 2162 894 2213 Nec
912 2162 1010 2212 Paulum
1029 2162 1116 2224 decuit,
1143 2160 1253 2224 quamvis
1278 2174 1330 2223 pro
1357 2168 1467 2223 tempore,

208 2247 234 2297 Si
246 2260 299 2311 ena,
306 2260 350 2297 cur
361 2253 409 2296 tam
424 2260 477 2295 sera
489 2246 567 2309 petiti
584 2246 605 2295 si
617 2259 666 2295 nun
679 2259 731 2306 sua,
745 2258 819 2309 quare
1151 2243 1273 2308 quasdam

165 2330 199 2381 35
209 2330 410 2396 lltprnedorapit,
420 2337 443 2379 et
452 2332 566 2396 pupulum
574 2331 677 2407 sublege
686 2336 818 2379 morantem
847 2331 949 2393 Hortari,
966 2329 1029 2381 reiut
1046 2331 1098 2394 ipse
1116 2329 1168 2391 luit,
1186 2330 1240 2393 peri
1259 2336 1333 2379 sorte
1349 2343 1454 2388 maome,

209 2415 297 2479 ignotis
315 2416 403 2467 totiens
421 2430 465 2479 per
482 2416 558 2479 legem
576 2415 674 2464 vocibus
692 2413 792 2478 oppleti
845 2414 969 2480 Temporis
988 2417 1081 2478 angusti
1100 2428 1201 2464 cernens
1220 2415 1346 2464 instantia
1364 2414 1452 2475 multa,

208 2502 234 2552 Si
246 2501 355 2553 misereri
367 2502 438 2551 etiarn
451 2501 513 2549 venit
529 2506 553 2548 et
565 2513 706 2549 succurrere
717 2498 819 2561 cunctis,
847 2502 906 2552 Nam
923 2506 1019 2550 teneras
1037 2500 1094 2549 alins
1112 2506 1203 2549 aetates
1222 2498 1324 2548 nubere
1344 2499 1424 2561 iussit,
1474 2497 1496 2545 il

208 2585 238 2637 m
254 2586 358 2638 reluere
375 2586 437 2648 gravi
455 2584 560 2634 devictos
577 2583 661 2633 lunere
679 2583 771 2645 mortis,
847 2586 896 2635 Nee
914 2599 941 2635 se
958 2584 1070 2647 lraudari,
1088 2584 1132 2633 sed
1149 2584 1232 2633 debita
1249 2583 1363 2634 reddere
1377 2591 1454 2649 pacto.

209 2671 293 2722 Carnis
311 2677 336 2721 et
352 2670 458 2720 obsceno
476 2670 596 2732 spiramen
615 2668 707 2717 solvere
718 2666 802 2728 vinclo,
848 2672 893 2721 vos
906 2678 987 2721 autem
999 2675 1077 2719 astuta
1089 2670 1143 2731 quis
1159 2669 1236 2718 suasit
1254 2667 1348 2719 fraude
1368 2682 1466 2726 manae

164 2755 199 2805 to
209 2755 255 2816 qm
265 2754 392 2806 cohibetur
407 2754 479 2802 bomo
488 2751 595 2814 interior,
606 2753 719 2802 concisus
729 2752 820 2816 inique,
848 2755 926 2805 liiriso
944 2753 1018 2818 prolis
1037 2737 1136 2803 securos
1156 2753 1244 2815 degere
1265 2767 1367 2818 amore,

209 2842 258 2893 Cur
274 2848 323 2893 um
340 2853 395 2890 sero
412 2838 467 2904 pius
484 2835 590 2901 rigilaus,
617 2851 760 2903 semperque
778 2837 820 2887 be·
848 2840 943 2890 Crimen
957 2838 1067 2889 adulterii
1083 2839 1242 2901 committere,
1261 2837 1375 2903 perdere
1385 2836 1466 2890 sitin?

461 2949 467 2964 ·
514 2922 618 2982 nignusl
847 2925 1026 2989 thuamquam
1034 2924 1136 2989 perit,id
1144 2923 1232 2974 falsare
1243 2926 1381 2986 agnomine
1390 2923 1492 2974 resiliit

161 2992 165 3001 ¹
210 3011 256 3071 Qut
273 3023 404 3073 numquam
413 3007 480 3072 prius
493 3008 591 3055 omnino
603 3021 629 3055 se
640 3005 750 3070 praebuit
761 3005 821 3056 ultis
849 3011 1000 3075 Quapropter
1012 3011 1076 3058 vocis
1086 3017 1133 3058 tam
1146 3009 1225 3058 dulcia
1238 3017 1335 3060 cuncta
1349 3007 1463 3074 prolandit

207 3094 364 3146 minimis
381 3106 481 3142 numero
500 3091 591 3140 elieu'os
609 3105 652 3140 ore
669 3089 803 3153 requirens,
847 3094 959 3159 impavidi
977 3093 1093 3158 quidquid
1110 3093 1196 3156 placet,
1214 3100 1243 3141 ut
1255 3093 1360 3145 lecistis
1370 3101 1461 3159 oportet

208 3181 343 3244 Numquam
361 3184 507 3242 expectatus,
525 3189 573 3225 non
591 3183 671 3239 notus,
689 3175 778 3225 missus
796 3176 820 3224 in
848 3181 874 3229 lu
892 3179 978 3230 laciem
996 3180 1062 3241 costi,
1081 3177 1193 3227 maculati
1212 3179 1320 3229 crimine
1341 3179 1428 3241 lurtim,

515 3260 606 3311 orbem.
848 3266 897 3315 llas
915 3278 987 3314 causa
1003 3278 1045 3312 ros
1062 3263 1182 3312 connubio
1201 3264 1302 3326 privarit
1322 3265 1432 3314 honesta.

163 3350 198 3400 45
240 3351 325 3402 Pastor
341 3362 407 3400 orem
417 3360 544 3411 quaerens,
563 3360 634 3409 quarn
647 3359 695 3395 uon
707 3346 822 3396 amiserat
847 3349 896 3400 Sed
913 3349 971 3414 quid
989 3348 1076 3412 plural
1093 3348 1154 3396 bene
1167 3354 1205 3395 est
1219 3346 1364 3400 disiunctos
1378 3344 1485 3400 scutati

315 3412 319 3426 ι
511 3438 575 3494 ante,
1153 3446 1216 3493 esse,

207 3520 295 3571 Debuit
310 3527 396 3570 unlus
414 3532 519 3581 caruem,
537 3516 606 3581 quasi
623 3516 698 3566 rictor
716 3522 740 3565 et
758 3517 809 3580 ipse
847 3518 947 3583 Expedit
965 3524 989 3568 et
1006 3518 1104 3580 mundo,
1128 3530 1158 3565 ne
1174 3516 1247 3565 vestri
1266 3519 1388 3580 germinis
1404 3518 1457 3568 ullus

207 3602 319 3670 Spiritus,
337 3610 364 3654 ut
381 3603 459 3653 lucrat
476 3617 579 3666 semper,
598 3601 706 3665 talesque
718 3599 819 3663 solebat,
846 3604 978 3666 Nascatur3
998 3603 1093 3653 taudem
1112 3601 1243 3650 cessabunt
1261 3616 1357 3664 organa
1374 3603 1457 3653 monis

208 3690 299 3740 (lmoes
317 3687 427 3752 expulsas
445 3689 537 3737 animas
552 3687 605 3735 sine
615 3700 717 3749 corpore
728 3686 818 3749 passim
880 3689 973 3749 Partem
991 3688 1103 3750 hominis,
1122 3686 1177 3735 dum
1190 3687 1294 3749 speratis
1309 3689 1417 3738 retinere
1426 3701 1456 3736 ss·

206 3774 314 3839 Eripere,
327 3780 351 3822 et
360 3786 457 3822 cernam
467 3770 592 3835 spoliatam
603 3770 713 3835 linquere
724 3778 817 3831 terrae;
1150 3771 1233 3832 lutem,

166 3856 198 3906 50
208 3860 260 3909 llna
277 3857 417 3922 dispariter
429 3855 549 3919 complere
563 3855 677 3904 cadavere
695 3855 818 3916 muudum,
845 3857 919 3906 Totus
936 3858 1008 3907 bomo
1025 3864 1103 3906 vester
1119 3856 1230 3919 deperdit
1255 3865 1340 3908 mente
1359 3858 1456 3924 protam

207 3942 326 3992 Evacuare
335 3939 604 4002 orbem,atqueauimss
616 3937 730 3988 adtollere
743 3940 818 3988 caelo.
845 3940 947 3992 interior
956 3941 1025 3991 simul
1034 3948 1164 3990 etveterem
1173 3955 1246 4004 quem
1260 3941 1344 3993 dicitis
1354 3937 1484 3995 hortensii

207 4026 336 4088 Progenies
356 4024 479 4074 homiuum
497 4024 564 4072 nasci
573 4021 694 4072 cessasset
702 4025 726 4073 in
737 4039 818 4088 unum,
846 4026 894 4076 Sed
912 4040 957 4076 nec
975 4026 1047 4075 homo
1062 4025 1139 4074 solum
1154 4026 1276 4088 spiramen
1289 4026 1385 4079 diuitum
1394 4043 1454 4079 esse:

207 4109 237 4159 Et
253 4108 318 4159 nulla
336 4109 435 4172 posthac
453 4107 548 4170 generis
566 4108 677 4171 prosapia
693 4109 764 4158 vestri
845 4109 1284 4172 Necretusestlromodictacaro,uec
1296 4122 1358 4162 sunt
1369 4114 1456 4164 inimita

207 4192 818 4257 Nataioret,postemquenotamludissetinorbem.
846 4194 949 4259 Spiritus
963 4201 987 4243 et
999 4209 1062 4257 caro,
1080 4209 1148 4244 verus
1164 4195 1235 4243 bomo
1249 4200 1361 4248 sociatus
1371 4199 1395 4248 in
1407 4211 1455 4253 um,

165 4278 249 4330 titel
267 4278 324 4342 quia
338 4283 395 4327 tunc
409 4276 467 4326 nibil
480 4291 508 4327 ex
522 4278 559 4326 liis
577 4276 665 4327 lactum
684 4279 819 4328 ostenditur
845 4279 895 4328 Nec
913 4279 957 4328 sibi
976 4280 1079 4343 privatos
1097 4294 1183 4329 seusus
1203 4289 1339 4332 cernuntur
1357 4284 1447 4333 babere.

517 4377 579 4424 esse,
846 4365 911 4413 llaec
933 4364 1030 4427 regitur,
1053 4364 1113 4427 regit
1136 4363 1184 4425 ille,
1209 4367 1290 4429 gemit,
1318 4362 1484 4432 gaudetque-i

206 4448 327 4498 Debuerat
343 4446 414 4495 tinem
432 4447 513 4507 generi
531 4447 644 4496 statuisse
661 4447 749 4509 iuturo,
1150 4449 1281 4514 doletque;

208 4532 326 4582 Conuubii
343 4531 421 4580 solido
440 4531 578 4594 complexus
597 4532 669 4581 eorde
692 4532 817 4596 replesset,
844 4533 932 4596 Diligit,
950 4534 1002 4598 ipse
1021 4549 1078 4584 suae
1098 4535 1163 4583 carui
1182 4536 1326 4588 carissimus
1345 4540 1415 4599 idem,

205 4617 313 4666 Fecisset
330 4624 426 4680 torpere
443 4616 514 4678 siros,
532 4617 584 4664 sine
601 4616 816 4680 germinelructus,
843 4620 888 4668 Per
905 4633 978 4683 quam
995 4627 1063 4683 paret
1080 4619 1160 4683 homo,
1179 4635 1233 4670 cum
1252 4638 1301 4685 qua
1320 4624 1454 4674 commistus

206 4701 312 4752 Feminei
329 4716 401 4751 sexus
420 4701 515 4750 cubitus
534 4699 629 4749 taedere
648 4701 762 4767 dedisset,
1149 4706 1266 4770 habetur3

220 4805 347 4923 magi.
372 4805 467 4869 quossis
483 4821 526 4869 pra
545 4802 662 4867 quosdam
680 4808 714 4855 ed.
733 4806 846 4857 Pometiae
864 4814 885 4858 et
903 4809 1022 4871 Rieoltius.
1081 4825 1101 4857 v.
1115 4807 1155 4858 91.
1181 4807 1230 4857 Sed
1249 4816 1274 4858 et
1293 4813 1329 4861 ed.
1348 4811 1451 4862 Pometiae

206 4887 219 4920 e
265 4889 302 4936 run
323 4890 368 4923 rus.
