3242 5775
642 629 789 686 corruens
810 640 952 686 enaxsen.
1309 625 1371 693 687

212 790 360 853 Christum
383 808 448 850 cunr
471 789 514 851 eis
536 798 738 854 conversatum
760 797 873 869 patrem
894 790 1048 869 aliquando
1070 809 1130 853 non
1146 791 1213 854 dieo
1233 791 1371 873 intellegi,

210 910 312 953 vernvn
334 889 380 952 vel
401 890 548 952 aestimari
570 892 715 970 potuisse.
758 890 851 954 Nobis
873 909 977 953 ornnes
998 891 1177 971 scripturae,
1204 900 1234 954 et
1254 902 1369 958 veteres

211 992 363 1054 Christum
386 991 449 1064 dei,
472 1002 501 1052 et
522 1009 615 1052 novae
636 991 804 1064 filiumdei,
825 992 1012 1071 praefiniunt
1044 993 1109 1055 lioc
1129 1001 1160 1055 et
1179 1002 1260 1056 retro
1280 1013 1370 1075 prae·

211 1091 379 1165 dicabatur,
402 1078 510 1154 nocet
531 1092 566 1153 ab
588 1092 654 1172 ipso
667 1092 789 1154 'Christo
810 1092 1071 1171 pronuntiabatur,
1092 1093 1183 1156 inrrno
1204 1094 1261 1158 iam
1283 1107 1313 1158 et
1333 1096 1370 1159 ab
1428 1172 1429 1176 Ἰ

211 1196 278 1273 ipso
300 1202 383 1273 patre
405 1212 504 1254 coram
526 1193 562 1254 de
584 1193 671 1255 caelis
699 1193 789 1255 lilium
817 1194 975 1275 profitente
1002 1194 1148 1257 etlilium
1175 1196 1370 1274 glorificante:
1490 1240 1493 1246 -

211 1297 266 1357 Hic
288 1305 335 1356 est
355 1294 431 1354 lilius
454 1312 554 1368 meus;
575 1302 620 1367 et,
643 1294 826 1367 Glorilieavi,
848 1305 878 1357 et
891 1296 1071 1374 glorificabo.
1106 1296 1172 1358 Hoc
1185 1298 1232 1359 ‘et
1246 1317 1262 1360 a
1277 1298 1368 1362 disci·
1383 1296 1469 1392 x'lii‘l·

211 1396 290 1478 pulis
312 1396 498 1469 credebatur,
526 1396 583 1458 hoc
604 1404 633 1457 et
654 1415 670 1458 a
691 1395 806 1458 ludaeis
826 1414 886 1458 non
915 1397 1104 1472 credebatnr;
1136 1398 1194 1459 hoc
1214 1417 1247 1462 se
1267 1399 1369 1464 volens
1382 1398 1413 1442 ¹⁰·
1421 1379 1503 1451 ¹³¹³&

211 1498 292 1560 credi
314 1496 349 1560 ab
373 1498 429 1557 illis
452 1497 530 1557 omni
553 1497 626 1558 bora
647 1508 759 1578 patrem
781 1496 966 1571 nominabat,
995 1508 1025 1560 et
1045 1510 1156 1579 patrem
1179 1500 1371 1579 praelerebat,
1421 1494 1425 1505 '
1473 1548 1477 1555 .

211 1609 243 1662 et
264 1608 374 1679 patrem
397 1597 570 1659 honorabat
614 1599 646 1659 Si
670 1600 708 1660 ita
731 1607 789 1672 est,
819 1617 890 1677 ergo
918 1618 978 1660 non
1000 1608 1113 1679 patrem
1135 1610 1215 1662 tanto
1239 1610 1371 1682 tempore

211 1719 313 1761 secunx
335 1709 539 1762 conversatum
562 1700 782 1779 ignoraverant,
814 1700 867 1762 sed
889 1700 998 1774 lilium,
1020 1710 1049 1762 et
1069 1701 1226 1776 dominus,
1248 1721 1315 1766 eum
1337 1722 1370 1767 se

210 1802 340 1880 ignorari
363 1802 543 1880 exprobrans
566 1820 652 1880 quern
674 1801 894 1880 ignoraverant,
916 1821 984 1864 eum
1005 1803 1104 1881 utique
1124 1803 1242 1881 agnosci
1257 1803 1371 1868 volebat

210 1923 299 1983 quem
324 1912 406 1964 tanto
426 1903 502 1963 ⁸non
525 1902 645 1980 agnosci
669 1912 802 1983 tempore
824 1903 1063 1983 exprobraverat,
1085 1904 1115 1965 id
1136 1913 1184 1965 est
1203 1904 1305 1967 filium.
1334 1904 1371 1968 lit

209 2024 354 2085 apparere
374 2005 431 2064 iarn
453 2012 631 2084 potestque
654 2002 743 2065 modo
766 2003 952 2064 dictumsit:
976 2003 1032 2076 Qui
1054 2023 1102 2067 vno
1123 2005 1215 2081 ndet,
1241 2005 1320 2068 vider
1340 2015 1494 2076 attextus.

209 2118 339 2187 lintrem,
362 2106 472 2168 seilicet
494 2124 551 2183 quo
575 2114 604 2165 et
624 2123 728 2184 supra:
751 2104 813 2183 Ego
836 2114 865 2166 et
886 2114 969 2183 pater
991 2124 1080 2168 unum
1096 2125 1208 2169 sumus.
1246 2107 1368 2182 Quaret
1381 2122 1484 2226 ¹⁰·¹p{⁰·

210 2208 294 2287 quia,
317 2207 378 2286 Ego
401 2226 436 2268 ex
457 2207 512 2267 deo
536 2207 609 2267 exivi
631 2215 660 2268 et
681 2207 762 2279 veni3
784 2214 829 2280 et,
851 2206 913 2285 Ego
934 2226 999 2268 suun
1015 2207 1075 2281 ria3
1096 2207 1188 2269 Neruo
1203 2206 1239 2269 ad
1254 2219 1366 2288 patrem
1381 2174 1455 2269 hivi.

209 2309 290 2371 venit
312 2308 367 2369 nisi
388 2325 441 2387 per
461 2328 525 2380 me,
547 2317 591 2378 et,
614 2306 706 2367 Nemo
729 2307 764 2368 ad
786 2326 834 2368 me
856 2308 932 2368 venit
947 2308 1004 2369 nisi
1019 2317 1102 2387 pater
1117 2327 1183 2370 eum
1199 2309 1367 2387 adduxerit;
1382 2275 1447 2370 'bn
1463 2278 1493 2329 '⁶'

210 2422 256 2485 et,
280 2409 384 2472 Omnia
406 2410 478 2470 mihi
498 2417 582 2488 pater
604 2407 736 2481 tradidit;
759 2417 804 2482 et,
828 2408 909 2470 Sicut
923 2417 1007 2488 pater
1020 2410 1153 2482 viviticat,
1175 2410 1215 2471 ita
1230 2376 1519 2487 elfiltus3iitiitx⁴ie

210 2522 257 2583 et,
281 2512 313 2572 Si
335 2531 382 2572 nie
404 2510 600 2588 cognovistis,
623 2518 652 2570 et
672 2518 784 2587 patrem
800 2509 991 2588 cognovistis.
1023 2510 1190 2573 Secundum
1205 2512 1278 2574 haee
1291 2511 1369 2575 enirn
1382 2477 1508 2583 illinit:

208 2615 349 2674 vicariurn
373 2633 405 2673 se
427 2611 519 2694 patris
542 2611 720 2682 ostenderat,
742 2629 796 2690 per
810 2629 896 2690 quem
912 2620 995 2689 pater
1010 2621 1039 2673 et
1052 2612 1200 2674 videretur
1213 2612 1244 2675 in
1258 2612 1369 2688 'lactis

211 2724 243 2775 et
264 2714 413 2774 audiretur
440 2714 469 2773 in
497 2712 610 2784 verbis,
643 2721 673 2773 et
699 2720 929 2790 cognosceretur
954 2713 985 2774 in
1012 2712 1088 2787 lilio,
1124 2715 1198 2775 lacta
1225 2723 1255 2776 et
1281 2715 1369 2779 verba

210 2817 303 2897 patris
325 2816 563 2886 administrante3
585 2813 652 2893 quia
674 2812 826 2875 invisibilis
847 2822 945 2894 pater,
968 2814 1046 2894 quod
1069 2822 1098 2875 et
1118 2815 1271 2897 Philippus
1292 2817 1368 2879 didi-

209 2928 293 2980 cerat
313 2919 343 2978 in
365 2919 438 2996 lege,
461 2917 507 2977 ⁸et
528 2916 699 2977 meminisse
714 2916 868 2977 debuerat:
890 2916 982 2978 ileum
997 2935 1084 2988 nemo
1100 2916 1217 2992 videbit,
1239 2928 1269 2981 et
1282 2919 1366 2982 vivet.
1382 2917 1510 3022 xffidm

209 3021 247 3080 Et
271 3020 336 3079 ideo
363 3018 534 3096 suggillatur
554 3028 667 3095 patrem
689 3017 788 3078 videre
815 3016 1001 3092 desiderans,
1035 3017 1119 3096 quasi
1147 3019 1308 3094 visibilem,
1339 3029 1368 3083 et

209 3121 365 3182 instruitur
387 3120 530 3180 visibilem
552 3139 617 3179 curn
640 3120 669 3179 in
692 3120 751 3179 lilio
774 3120 839 3180 lieri
861 3138 895 3180 ex
911 3119 1075 3192 virtutibus,
1098 3138 1158 3180 non
1174 3139 1208 3181 ex
1223 3140 1369 3200 personae

209 3222 491 3302 repraesentatione.
539 3220 669 3299 Denique
693 3220 718 3279 si
739 3229 852 3298 patrem
873 3220 998 3281 cundem
1020 3221 1111 3280 siliunt
1133 3220 1220 3281 vellet
1241 3221 1368 3302 intellegi

208 3324 351 3396 dicendo,
375 3323 431 3394 Qui
455 3342 501 3382 rne
522 3322 616 3394 videt,
638 3330 753 3398 patreng
772 3321 866 3392 videt,
888 3321 1036 3400 quomodo
1052 3319 1173 3390 subicit,
1196 3321 1262 3381 Non
1282 3321 1365 3384 ⁹vere·
1380 3335 1504 3388 lemn.

209 3427 257 3486 dis
280 3425 346 3504 quia
369 3443 423 3502 ego
446 3424 475 3483 in
497 3434 593 3502 patre,
623 3433 652 3482 et
673 3430 755 3499 pater
784 3421 840 3480 ¹⁰in
862 3419 933 3482 inei
976 3421 1122 3481 llebuerat
1143 3424 1220 3482 enirn
1243 3421 1366 3483 subiun-

211 3528 309 3595 xisse,
331 3504 395 3586 lion
420 3524 542 3585 ¹¹credis
566 3523 632 3602 quia
655 3541 709 3600 ego
732 3540 796 3582 sum
819 3519 924 3599 pater?
966 3522 1024 3582 dut
1044 3540 1102 3600 qno
1125 3521 1319 3598 exaggeravit,
1342 3522 1368 3583 si
1461 3566 1463 3571 -

210 3648 272 3688 non
305 3627 374 3688 illud
409 3627 602 3686 manifestavit
635 3624 713 3703 quod
741 3622 873 3683 voluerat
903 3621 1047 3700 intellegi,
1079 3640 1112 3682 se
1140 3621 1250 3682 seilicet
1277 3623 1368 3684 tilium

210 3728 302 3791 esse?
335 3729 427 3788 Porro
451 3728 590 3798 dicendo,
614 3726 678 3785 Non
702 3723 822 3785 ¹²credis
846 3724 913 3803 quia
936 3742 989 3801 ego
1013 3722 1042 3784 in
1064 3732 1162 3802 patre,
1186 3731 1215 3782 et
1235 3731 1318 3801 pater
1339 3725 1369 3786 in

209 3852 275 3902 me,
298 3839 453 3909 propterea
477 3829 575 3908 potins
599 3826 795 3905 exaggeravit,
817 3843 869 3897 ne,
891 3826 959 3904 quia
981 3825 1109 3898 dixerat,
1142 3824 1198 3896 Qui
1220 3844 1268 3886 me
1289 3826 1368 3899 vidit,

210 3943 238 3994 et
262 3943 374 4011 patrem
397 3931 482 4002 vidit,
505 3940 588 4008 pater
603 3928 836 3999 existimaretur,
859 3926 937 4005 quod
954 3945 1101 4006 nunquam
1125 3925 1311 3988 ¹³existimari
1336 3946 1369 3989 se

209 4035 318 4104 voluit,
342 4031 391 4110 qui
414 4051 530 4110 semper
553 4050 585 4090 se
608 4030 697 4089 filiurn
721 4038 750 4088 et
770 4047 785 4088 a
808 4036 890 4106 patre
912 4028 1030 4089 venisse
1044 4027 1245 4106 profitebatur.
1277 4027 1369 4108 Igitur
1410 4062 1417 4077 ·

212 4145 241 4194 et
263 4134 444 4194 manifestam
470 4134 536 4193 ierit
563 4133 684 4191 durarunt
714 4148 907 4208 personarum
936 4127 1188 4198 coniunctionem,
1220 4148 1258 4191 ne
1286 4140 1369 4210 pater

212 4255 348 4297 seorsum
371 4235 454 4313 quasi
483 4233 606 4294 visibilis
636 4233 664 4293 in
694 4242 854 4310 conspectu
883 4231 1114 4303 desideraretur,
1147 4238 1176 4289 et
1204 4229 1263 4292 ¹⁴ut
1289 4231 1367 4294 lilius

211 4346 448 4415 repraesentator
470 4335 559 4413 patris
582 4333 747 4394 haberetur.
792 4333 830 4392 Et
850 4331 1039 4392 nihilominus
1061 4331 1117 4392 boe
1138 4348 1254 4410 qnoque
1276 4332 1368 4394 inter·

211 4448 344 4519 prelatus
367 4446 422 4509 est,
445 4436 593 4514 quomodo
615 4445 698 4514 paler
720 4443 800 4496 esset
821 4433 851 4495 in
867 4433 936 4505 lilio,
960 4440 988 4493 et
1002 4431 1079 4492 filius
1094 4430 1124 4491 in
1139 4439 1231 4511 patre.
1263 4431 1367 4507 Verba,
1378 4443 1502 4496 texture.

211 4540 321 4618 inquit,
346 4557 419 4618 qnae
442 4557 495 4616 ogo
519 4538 623 4615 loquor
644 4537 744 4609 vobis,
768 4554 829 4596 non
851 4543 921 4596 sunt
934 4551 1014 4607 mea,
1036 4532 1137 4611 ntique
1152 4531 1244 4612 ¹‘qnia
1258 4534 1368 4614 patris3

213 4662 235 4709 5.
257 4670 278 4708 et
298 4660 423 4722 discipulis
441 4660 465 4707 t.
486 4659 546 4706 laid.
605 4657 626 4704 6.
647 4665 755 4718 tempore
774 4670 822 4704 non
840 4654 936 4715 agnosci
955 4652 1117 4716 exprobaverit
1133 4653 1158 4704 Α.
1218 4652 1241 4701 l.
1261 4653 1329 4702 lactis
1347 4659 1370 4700 et

212 4730 335 4776 audiretur
355 4730 377 4774 ixx
404 4743 447 4775 om.
470 4729 519 4774 edd,
540 4726 634 4773 Semleri
652 4733 672 4774 el
691 4725 807 4788 leopoldi,
827 4725 916 4772 vitiose.
968 4719 990 4770 8.
1010 4721 1133 4771 elom-A.
1151 4721 1214 4772 leid.
1272 4720 1296 4770 9.
1315 4733 1368 4767 crc-

211 4798 266 4844 ditis
285 4799 321 4845 ed.
377 4795 414 4843 10.
434 4796 456 4840 ixx
476 4809 514 4841 vne
531 4803 568 4840 est
586 4794 620 4841 cd.
675 4792 712 4841 ll.
731 4792 827 4841 creditis
845 4792 880 4839 ed.
934 4787 972 4838 12.
991 4787 1139 4840 creditiecd.
1188 4787 1269 4839 13.se
1288 4786 1368 4837 existi-

212 4854 271 4913 niari
290 4866 315 4913 Α.
336 4864 398 4911 leid.
454 4859 491 4910 lt.
510 4870 534 4910 nt
553 4861 631 4910 ornei.
649 4860 713 4910 leid.
766 4859 803 4907 15.
823 4861 883 4921 dnae
901 4872 914 4906 a
931 4865 1000 4922 patre
1016 4861 1043 4909 Α.
1059 4857 1121 4915 Laid.
