3242 5775
286 607 351 674 440
541 622 643 675 omnm
664 621 795 667 aaran
811 622 980 668 noaurts
1002 623 1197 667 maroneum

285 775 389 839 Atlbne
405 781 510 856 -pstest
529 772 588 835 ”et
607 781 720 855 patrem
735 772 835 853 :mapsa
849 771 967 835 titubare
979 789 1069 854 quam
1079 781 1221 848 manent,
1245 782 1276 836 ot
1290 762 1456 838 aaunoulos

286 877 380 958 magis
395 893 482 957 qnam
496 877 614 937 tratres
646 874 728 936 letlso
750 890 811 938 non
831 874 974 956 competit
986 875 1147 955 temptatio
1169 875 1345 950 neumatis,
1367 895 1457 956 quam

285 977 392 1042 litabat
411 986 442 1041 et
463 977 528 1040 tine
549 976 652 1039 matris
669 984 706 1037 et
721 975 792 1038 sino
806 977 938 1038 -lrttrum
959 977 1161 1039 nominatione
1183 986 1331 1040 constare.
1367 977 1457 1041 Fari-

285 1080 343 1145 lius
365 1080 452 1162 pluam
474 1086 521 1142 est
542 1086 575 1140 ut
594 1077 695 1140 ”oerti
717 1077 797 1140 illum
820 1086 851 1139 et
872 1087 997 1140 matrem
1020 1087 1058 1141 at
1084 1080 1191 1141 nattes
1213 1079 1322 1141 hahere
1344 1078 1455 1143 divini-

286 1189 376 1254 tatem
397 1179 497 1261 potius
519 1178 727 1260 temptaverint
748 1179 813 1241 eius
841 1197 928 1260 quaan
952 1179 1152 1254 nativitatem,
1185 1199 1223 1242 an
1249 1182 1330 1246 intus
1361 1199 1456 1261 opens

285 1284 375 1347 stitet
395 1282 465 1363 quid
486 1282 560 1346 loris
583 1290 680 1356 esset,
703 1281 856 1344 mmdaoio
877 1281 1016 1362 ”petitus
1037 1281 1252 1362 “praesertim
1265 1282 1457 1345 annuntiatae

247 1433 250 1440 a
285 1401 403 1458 eorum,
431 1384 482 1464 qui
503 1383 534 1445 in
555 1383 751 1463 ”praesaaiin
772 1401 834 1445 non
849 1391 950 1446 ¹artant
990 1384 1058 1445 ¹Nisi
1081 1384 1161 1463 quod
1182 1384 1256 1447 ³⁶sio
1274 1384 1456 1447 ”vomisset

286 1484 695 1566 temptationis·⁸ingenium.
728 1485 849 1547 Poterat
863 1485 942 1547 anim
958 1486 1093 1558 evenire,
1117 1495 1149 1548 ut
1162 1503 1246 1566 ·quos
1269 1485 1310 1547 illi
1332 1487 1454 1548 nuntia-

285 1585 449 1651 stottona
470 1586 614 1661 ⁸¹¹'sttre,
642 1586 691 1648 ille
707 1606 766 1649 eos
787 1586 880 1649 eoiret
898 1586 1038 1649 absentes
1066 1606 1152 1661 esse,
1181 1588 1228 1649 vel
1248 1587 1454 1650 ³'valetudinis

284 1689 332 1752 vet
352 1688 463 1769 negotii
482 1687 529 1750 vel
550 1688 797 1768 peregrinationis
817 1688 935 1750 ⁴⁰notae
956 1687 1015 1750 iarn
1036 1689 1221 1751 necessitate.
1255 1688 1352 1750 'Nemo
1374 1697 1454 1751 tent-

283 1798 347 1873 ptat
367 1807 403 1852 eo
425 1790 515 1852 motio
537 1808 595 1870 quo
617 1790 720 1852 “seint
746 1807 837 1869 posse
863 1807 899 1852 se
926 1789 1065 1852 ruborem
1098 1790 1301 1871 temptationis
1329 1791 1453 1854 reterre.

284 1889 369 1955 littlla
390 1891 480 1973 igitur
500 1891 622 1953 materia
642 1889 847 1970 temptationis
867 1898 1061 1970 nompetente
1081 1891 1250 1953 “liberatur
1277 1887 1452 1972 simplioitts

284 1991 537 2067 ⁴³ttuntitttionisl,
560 1992 640 2073 quoti
662 2011 732 2054 vere
746 2000 840 2054 mater
855 2003 886 2053 et
899 1995 1004 2055 lrstres
1018 1993 1084 2055 eius
1099 2012 1191 2074 super
1207 1993 1370 2056 venissent.
1393 1993 1453 2056 Setl

282 2113 360 2176 quae
381 2096 456 2158 ratio
477 2095 616 2176 responsi
638 2103 761 2156 matrem
782 2102 814 2155 et
834 2094 939 2156 iratres
960 2095 1006 2155 ad
1027 2113 1178 2174 praesens
1200 2094 1336 2174 negantis
1358 2095 1455 2159 disent
1488 2155 1491 2160 ,

163 2215 271 2271 teme
285 2196 372 2260 mam
394 2196 550 2278 “Apelles
584 2196 705 2258 Fratres
719 2195 834 2257 domini
855 2213 916 2256 non
938 2193 1153 2257 “crediderant
1173 2197 1204 2257 in
1226 2196 1324 2271 illum,
1348 2196 1455 2262 ⁴‘siout

282 2299 434 2380 evangelio
456 2307 525 2361 ante
546 2297 827 2360 llaroiotrem·edito
850 2296 1026 2359 eontinetnr.
1070 2298 1164 2359 linter
1191 2317 1283 2378 aeque
1310 2316 1375 2361 non
1396 2298 1452 2362 tle·

104 2476 108 2482 .
282 2409 466 2464 monstratur
484 2398 686 2462 “adhaesisse
707 2400 777 2474 illi·‚
799 2417 866 2462 nrm
879 2398 1036 2461 ⁴’lilarthae
1053 2408 1083 2460 et
1096 2398 1203 2461 lleriae
1218 2399 1291 2461 aliae
1313 2399 1344 2462 in
1367 2419 1452 2464 mata-

196 2501 198 2507 ’
282 2502 394 2564 meroio
416 2501 481 2564 oitts
508 2503 742 2581 frequentantur.
792 2501 857 2563 lloo
878 2499 1006 2580 donique
1019 2500 1057 2562 in
1079 2501 1145 2562 loeo
1167 2510 1290 2580 apparet
1310 2500 1452 2566 ittoretln·

200 2681 203 2689 .
256 2603 350 2682 ¹litas
371 2601 520 2664 ⁸oorum:
553 2620 620 2664 oum
641 2602 753 2663 ”lesus
780 2601 902 2663 doceret
927 2601 1004 2661 riam
1032 2602 1124 2675 vitae,
1157 2621 1224 2664 eunt
1251 2601 1301 2663 dei
1327 2621 1452 2682 regnum

281 2702 480 2792 praedicaret,
502 2721 570 2766 oum
590 2702 782 2782 languoribus
804 2710 835 2763 et
849 2699 928 2764 vitiis
942 2702 1124 2764 ⁸¹metlendis
1140 2710 1329 2783 operaretur,
1350 2713 1452 2767 extra·

282 2803 349 2868 nois
370 2804 475 2867 deliris
497 2806 528 2866 in
550 2805 632 2866 illum
654 2804 741 2866 ”mm
762 2803 890 2883 proximi
911 2803 1042 2865 aberant
1086 2804 1218 2883 lienique
1238 2804 1454 2886 superveniunt

283 2918 313 2971 et
334 2907 407 2970 loris
429 2906 611 2978 subsistunt,
643 2924 700 2968 nee
725 2905 893 2978 introeunt,
925 2924 984 2966 non
1014 2914 1219 2985 computantes
1246 2906 1356 2969 stilicet
1375 2906 1451 2986 quid

282 3010 364 3072 innas
386 3017 535 3087 ageretur,
558 3024 613 3069 neo
633 3006 810 3070 ”sustinent
830 3005 980 3077 “saltem
1002 3007 1087 3087 quasi
1110 3005 1317 3070 necessat-ina‘
1337 3005 1451 3087 aliquid

281 3112 424 3173 alienent
445 3129 481 3171 eo
503 3109 582 3190 quod
603 3108 652 3171 ille
673 3108 769 3170 “oum
789 3107 917 3169 maxime
938 3108 1056 3187 agebat,
1089 3110 1143 3171 sed
1168 3108 1292 3190 amplius
1321 3108 1449 3173 “inter-

280 3212 391 3294 pellant
411 3220 441 3273 et
462 3230 479 3273 a
500 3220 583 3273 tento
606 3229 696 3290 opere
718 3210 914 3272 ''retomtum
936 3210 1048 3272 volunt.
1087 3211 1147 3272 Oro
1170 3220 1215 3286 te,
1237 3211 1382 3293 “Apellam
1397 3212 1452 3277 -nel

279 3333 323 3385 31.
334 3340 365 3383 et
376 3334 460 3383 ml.
509 3330 550 3381 ³2.
569 3339 633 3380 eerte
652 3329 719 3380 iilam
734 3344 786 3380 aton
805 3338 829 3381 et
847 3339 947 3380 matrem
972 3338 996 3379 et
1013 3332 1100 3381 iratres
1117 3332 1215 3391 habere,
1239 3332 1284 3381 aatl
1301 3332 1451 3384 ditiaituaat

276 3417 340 3466 αις.
391 3399 433 3451 33.
451 3400 540 3464 petitaa
558 3400 679 3462 templati.
714 3399 795 3462 potina
812 3400 905 3464 relipai
963 3398 1007 3450 te
1025 3401 1174 3464 praesentiae
1192 3400 1347 3451 annuntiatae
1364 3416 1450 3455 eornm

281 3472 339 3523 tae.
373 3470 524 3533 praesentiae
542 3481 625 3517 eornm
638 3468 730 3532 reliqui
771 3465 812 3517 35.
831 3467 1020 3533 praesentiali.
1055 3469 1176 3531 praesenti
1186 3469 1279 3532 reliqui.
1314 3466 1357 3519 36.
1375 3468 1451 3520 sio'A.

282 3540 303 3588 si
319 3538 344 3587 3.
379 3537 422 3586 etsi
448 3537 541 3600 relipai.
599 3533 639 3584 tt.
664 3534 913 3585 recesset-Alliensi.
938 3535 1039 3585 nicensi
1057 3538 1205 3600 exemplario,
1232 3544 1252 3585 et
1270 3544 1317 3587 tres
1340 3536 1450 3588 Vatioaai.

281 3606 396 3657 valuisset
413 3607 487 3668 mol.
521 3603 634 3653 ausisset
653 3602 676 3652 0.
711 3603 999 3668 ηωιίιιιι.ὒ.ιίιιιιιιιρ.
1046 3602 1110 3655 tat.
1129 3606 1258 3666 ingenium.
1277 3605 1376 3657 Poterat
1386 3607 1451 3657 enh

281 3674 376 3725 etenire
392 3675 417 3724 t.
459 3673 588 3734 ingenium,
613 3679 707 3734 poterat
725 3670 821 3720 evenire
836 3673 929 3735 reliqui.
998 3669 1038 3720 38.
1063 3681 1127 3720 stare
1150 3672 1231 3722 orel.
1290 3671 1332 3722 33.
1358 3672 1451 3724 aalma·

278 3742 337 3792 'lina
354 3742 396 3791 lt.
448 3738 489 3789 to.
508 3747 579 3788 notae
595 3739 637 3788 tt.
673 3746 728 3788 nota
744 3740 838 3804 reliqui.
877 3738 919 3786 41.
936 3739 997 3788 seiat
1015 3754 1087 3801 posse
1104 3753 1131 3789 te
1148 3744 1173 3789 t.
1208 3755 1235 3789 se
1252 3740 1314 3791 sciat
1330 3742 1449 3805 posset!-

281 3824 356 3874 poase
373 3823 399 3856 sa
417 3809 476 3856 sciat
493 3808 585 3870 reliqui.
636 3803 1036 3857 42.Ιιὴιιιιιιλ.11ι’1ιὶι3ιιιιι1ιιι.
1077 3806 1117 3856 43.
1137 3808 1292 3858 nuntiationis
1311 3811 1335 3858 tl.
1371 3823 1450 3859 annn-
1483 3822 1486 3827 '

282 3877 388 3926 tiationis
405 3879 429 3924 t.
448 3875 627 3924 liildeiraotisr.
669 3875 813 3923 nuntiatoris
837 3876 929 3938 reliqui.
981 3874 1022 3923 44.
1048 3875 1160 3938 lppelles
1181 3877 1203 3925 G.
1244 3876 1322 3939 pellas
1340 3878 1365 3927 t.
1407 3876 1449 3927 tt.

281 3942 435 3995 crediderant
454 3941 519 3991 Geie.
570 3939 611 3990 46.
630 3941 692 3990 sieut
709 3942 831 4004 evangelio
849 3941 1001 4002 (monopelio
1021 3944 1056 3997 t.)
1074 3945 1116 3993 tl.
1156 3945 1218 3993 siout
1242 3951 1265 3993 ot
1282 3945 1305 3993 in
1323 3945 1449 4009 aranpelia

278 4011 371 4077 reliqui
414 4007 455 4058 tt.
475 4009 597 4058 adaesisae
613 4009 656 4069 Λβ.
707 4008 749 4060 tt.
768 4010 857 4059 llartlta
876 4019 899 4057 et
918 4009 988 4058 llaria
1007 4011 1053 4058 alia
1071 4013 1121 4061 eie.
1168 4011 1210 4061 49.
1229 4011 1327 4061 illorum
1344 4012 1372 4063 3.
1391 4012 1449 4063 nt.

233 4090 241 4103 ·
281 4080 349 4130 letos
366 4079 391 4128 t.
427 4079 446 4127 ia
463 4077 555 4141 reliqui.
608 4077 648 4126 51.
666 4078 767 4126 metiens
785 4078 809 4127 3
863 4076 903 4127 tt.
922 4086 971 4126 tum
991 4079 1125 4128 l'r.luaies.
1173 4078 1214 4128 53.
1232 4081 1448 4146 ιιιιιιιιιιιιοιΔφ.

280 4148 429 4197 sustineatur
445 4147 487 4206 Δβ.
522 4146 668 4194 sustinentes
685 4146 865 4195 lliitieireadtta.
911 4145 1138 4210 anennoeto.
1173 4148 1252 4196 saltim
1270 4147 1297 4198 B.
1331 4148 1375 4198 nli.
1393 4162 1449 4199 etr·

281 4216 382 4264 mtaitne
403 4213 424 4263 G.
460 4227 508 4277 qno
527 4215 627 4262 mttime
646 4218 670 4262 t.
706 4222 755 4262 torn
774 4214 984 4278 matimsrelipai.
1024 4213 1066 4263 lali.
1084 4215 1237 4278 interpellent
1248 4218 1273 4265 t.
1315 4215 1448 4268 biensa·

278 4292 331 4333 tnm
348 4284 374 4333 l.
392 4282 570 4331 lliltletrettlna.
623 4279 664 4330 38.
682 4281 765 4345 Apelle
782 4282 808 4331 t.
843 4281 940 4346 Apelles
957 4284 1049 4346 reliqui.

313 4384 338 4433 b.
362 4382 479 4433 liberatur
502 4382 643 4447 simplieitaa
667 4378 834 4443 nuntiationis]
881 4382 941 4432 tta.
956 4382 1027 4433 liare.
1046 4383 1231 4447 oap.19,‚nam
1251 4384 1353 4435 neehie
1371 4392 1450 4435 mater

280 4452 411 4512 Adseritur,
430 4459 455 4500 ut
472 4450 704 4514 explicatliigaltius.
729 4451 836 4500 liberare
886 4451 1016 4500 adsistebat
1040 4451 1100 4500 ἰΙΙι.“
1145 4451 1266 4515 chrysost.
1286 4452 1315 4501 etl
1335 4452 1447 4518 sap.l2.

281 4520 339 4571 dixit
362 4534 388 4568 er
415 4533 458 4569 usu
483 4520 583 4568 lorensi.
623 4518 646 4568 ll.
667 4519 765 4567 llirltson
785 4518 834 4566 lle·
886 4533 968 4580 evang.
978 4518 1087 4568 iiatthaei
1101 4518 1214 4569 romili.
1233 4519 1364 4572 videantur
1374 4522 1448 4573 etiam

281 4587 353 4639 nnale
376 4602 433 4641 s..t.
459 4586 549 4650 otae.
590 4586 712 4648 Signilleat
735 4586 835 4650 proprie
887 4587 990 4636 Catenae
1014 4587 1162 4637 aCorderio
1187 4596 1211 4637 et
1234 4588 1336 4639 Possino
1360 4589 1449 4643 etiosa.

280 4656 412 4714 absolvere¹
429 4653 548 4704 dimittere
557 4654 699 4715 debitorem,
717 4654 835 4704 redimere
884 4653 994 4715 (Rigalt.)

281 4738 332 4774 rem
351 4723 487 4784 obligatam.
920 4721 943 4769 d.
970 4716 1133 4787 necessarius]
1167 4722 1216 4773 llia
1245 4723 1316 4774 hoiua
1345 4738 1448 4790 eompa-
1484 4722 1491 4739 ⁸

315 4808 336 4842 c.
354 4791 492 4841 adhaesisse
511 4783 558 4854 illi]
584 4789 647 4838 lnlra
671 4789 734 4838 dieet
751 4789 835 4848 „absi-
886 4789 951 4839 ratiti
979 4791 1087 4854 exempla
1119 4790 1193 4840 ltabes
1220 4791 1250 4841 ad
1282 4791 1317 4842 lle
1345 4792 1447 4844 Patient.
1488 4830 1491 4835 -

281 4859 354 4922 stet‚“
372 4867 396 4910 et
413 4867 531 4921 „matrem
541 4857 703 4918 abiunctato‚“
723 4865 745 4906 et
758 4854 835 4908 troil
887 4856 988 4922 eapll.
