3242 5775
266 589 307 652 54
521 604 624 656 nolunt
646 604 778 648 ssnrttttt
800 604 966 648 rtoannrts
990 605 1186 650 nstitutum

266 752 487 816 diversissimos
514 771 599 827 esse,
633 753 687 815 sod
713 754 781 834 quia
803 753 894 815 'deus
923 773 984 817 non
1007 756 1064 817 erit
1084 755 1260 830 ‘dicendum
1294 757 1364 836 qma
1387 776 1445 820 nec

266 855 432 917 medendus
454 854 513 915 nisi
533 873 681 917 summum
703 874 853 934 magnum.
902 856 993 918 'Cum
1027 874 1097 936 ergo
1125 875 1273 920 summum
1303 877 1447 938 magnum

266 963 388 1035 cogatur
409 973 572 1035 agnoscere
593 975 681 1036 wem
703 957 791 1019 deum
813 975 875 1019 non
896 969 999 1037 negat,
1033 977 1094 1020 non
1121 967 1222 1039 potest
1249 959 1380 1033 admitti,
1410 968 1445 1022 ut

267 1075 384 1119 summo
405 1074 513 1136 magno
534 1057 661 1137 aliquam
682 1059 831 1120 adscribat
851 1059 1103 1133 deminutionem,
1129 1079 1187 1140 qua
1207 1060 1373 1123 subiciatur
1394 1061 1444 1123 alii

266 1176 384 1221 summo
406 1176 523 1238 magno.
566 1158 681 1222 Desinit
703 1161 797 1233 enim,
831 1159 856 1221 si
879 1160 1049 1222 subiciatur.
1097 1160 1165 1221 Non
1193 1171 1239 1223 est
1266 1171 1366 1224 autem
1394 1161 1446 1225 dei

265 1258 404 1321 desinere
418 1259 463 1320 'de
484 1267 563 1321 statu
585 1280 657 1334 suo,
689 1261 721 1323 id
743 1270 791 1322 est
811 1261 849 1322 de
870 1280 987 1323 summo
1011 1280 1127 1341 magno.
1171 1262 1246 1324 Nam
1267 1270 1296 1325 et
1317 1262 1350 1324 in
1372 1262 1446 1325 'illo

265 1359 323 1421 deo
343 1358 462 1440 potiore
482 1361 641 1441 periclitari
660 1361 771 1441 poterit
786 1380 936 1424 summum
951 1381 1107 1441 magnum,
1131 1363 1158 1423 si
1173 1363 1332 1443 depretiari
1346 1364 1448 1445 capit·

264 1462 296 1523 in
324 1470 467 1544 uectore.
521 1461 564 1523 lta
592 1480 659 1524 cum
687 1462 746 1523 duo
774 1463 815 1524 dii
842 1464 1071 1543 pronuntiantur
1097 1449 1156 1527 duo
1184 1483 1299 1527 summa
1321 1483 1443 1545 magna,

265 1580 390 1625 neccsse
422 1570 469 1623 est
495 1571 634 1625 neutrum
664 1563 757 1626 altero
780 1573 830 1625 aut
851 1566 946 1626 maius
979 1566 1018 1627 sit
1048 1574 1099 1627 aut
1130 1565 1247 1640 minus,
1279 1565 1442 1629 ⁹nentrum

264 1663 357 1725 altero
381 1663 459 1724 ¹⁰aut
480 1662 637 1725 sublimius
659 1674 709 1726 aut
731 1666 883 1728 deiectius.
932 1666 1012 1750 liega
1034 1666 1122 1728 deum
1144 1685 1231 1746 wem
1254 1667 1328 1729 diois
1351 1668 1441 1730 dete-

262 1764 390 1838 riorem3
411 1781 486 1844 nega
508 1783 655 1827 summum
678 1785 816 1847 magnum
837 1785 926 1847 quem
948 1767 1046 1829 credis
1062 1768 1218 1829 minorem.
1249 1768 1343 1830 Deum
1365 1787 1440 1831 vero

263 1866 420 1926 consessus
452 1875 611 1945 utrumque
647 1867 707 1928 duo
742 1886 858 1929 summa
897 1887 1001 1948 magna
1035 1870 1190 1931 coufessus
1224 1869 1242 1901 ¹¹
1253 1887 1297 1931 es.
1359 1870 1442 1931 Nihil

263 1965 346 2027 alteri
374 1965 485 2027 adimes
513 1976 563 2027 aut
590 1967 674 2029 alteri
701 1968 862 2031 adscribes.
912 1971 1085 2049 Agnoscens
1114 1970 1295 2032 divinitatem
1322 1971 1442 2051 negasti

264 2066 473 2129 diversitatem.

140 2187 194 2242 cap.
204 2185 249 2230 vn.
352 2168 522 2247 Temptabis
537 2170 574 2231 ad
588 2170 662 2232 haee
673 2170 710 2232 de
724 2170 844 2232 nomine
860 2170 907 2233 dei
923 2172 1096 2233 ²concutere
1110 2179 1299 2234 retractatum
1314 2179 1348 2232 ut
1363 2190 1440 2251 pas-

110 2279 253 2373 ⁹⁸·L1¹}¹¹¹·
262 2269 345 2331 siro·
365 2269 414 2332 'et
434 2272 463 2330 in
487 2271 561 2332 alios
583 2290 702 2351 quoque
723 2272 888 2351 permisso,
911 2271 979 2352 quia
1001 2273 1144 2352 seriptum
1166 2273 1222 2345 sit,
1255 2272 1336 2334 Deus
1360 2272 1441 2334 deo-

175 2360 210 2373 ''
261 2389 328 2433 rum
358 2371 439 2432 stetit
466 2373 494 2432 in
524 2372 647 2435 ecelesia
674 2374 814 2446 deorum,
847 2374 877 2435 in
900 2373 998 2434 medio
1020 2382 1118 2435 autem
1140 2374 1214 2435 deos
1234 2372 1443 2447 'diiudicabit

263 2480 308 2546 et,
329 2471 392 2551 Ego
415 2473 493 2547 dixi,
514 2492 568 2534 ros
591 2474 631 2536 dii
654 2474 737 2536 estis.
786 2473 849 2535 Nee
870 2483 968 2535 tamen
990 2474 1099 2536 idcireo
1123 2475 1167 2536 eis
1190 2483 1339 2552 competat
1360 2492 1441 2553 pos·

262 2571 359 2634 sessio
391 2574 500 2635 summi
533 2576 632 2653 magni
664 2576 733 2655 quia
763 2575 810 2637 dei
844 2575 1107 2654 cognominentur,
1142 2575 1185 2636 ita
1213 2593 1268 2636 nee
1296 2578 1439 2638 creatori.

261 2671 460 2752 Respondebo
483 2682 513 2735 et
535 2674 643 2748 stulto,
666 2676 715 2755 qui
737 2694 794 2736 uec
812 2676 870 2737 hoc
884 2676 1105 2757 recogitaverit,
1128 2676 1186 2736 neb
1208 2676 1383 2738 tantundem
1407 2687 1440 2739 et

261 2774 293 2836 in
307 2775 395 2836 deum
409 2774 566 2837 Marcionis
587 2776 684 2855 possit
705 2777 889 2855 retorqueri,
912 2786 946 2839 ut
967 2785 996 2839 et
1017 2777 1099 2839 illum
1121 2778 1208 2839 deum
1230 2777 1355 2850 dietum,
1380 2796 1441 2840 nec

260 2876 328 2940 ideo
350 2886 448 2939 tamen
471 2896 619 2940 summurn
640 2897 779 2959 magnum
805 2877 979 2958 probatum,
1011 2877 1088 2941 sicut
1108 2897 1164 2940 nec
1185 2877 1281 2958 angeli
1303 2886 1354 2941 ant
1376 2879 1439 2940 bo·
1464 2868 1469 2876 ’

258 2979 356 3041 mines
371 2979 523 3041 creatoris.
557 2980 609 3041 ‘Si
630 2981 800 3042 communio
822 2981 975 3043 nominum
997 2978 1220 3041 condicionibus
1242 2979 1440 3058 praeiudicat,

258 3079 379 3159 quanti·
398 3098 525 3160 nequam
543 3081 626 3143 'servi
648 3100 750 3160 regum
772 3080 943 3143 nominibus
958 3079 1115 3153 insultant,
1136 3079 1293 3142 Alexandri
1309 3089 1338 3143 et
1352 3081 1438 3143 Darii

158 3247 160 3252 ,
258 3189 289 3242 et
310 3181 502 3244 ⁵Ololernisi
551 3183 612 3245 Nec
639 3190 737 3244 umen
764 3182 833 3244 ideo
861 3183 981 3261 regibus
1003 3182 1033 3243 id
1055 3181 1135 3260 quod
1157 3189 1228 3242 suut
1249 3181 1437 3244 detrahetur.

257 3281 331 3343 Nam
353 3291 383 3344 et
405 3283 469 3363 ipsa
490 3283 567 3344 idola
588 3283 719 3364 gentium
741 3283 788 3344 dei
812 3284 915 3362 vulgo,
950 3283 1004 3344 sed
1031 3282 1105 3344 deus
1132 3282 1237 3343 ‘nemo
1260 3301 1294 3343 ea
1315 3301 1350 3344 rc
1374 3302 1438 3362 qua

258 3382 332 3445 deus
354 3383 471 3446 dicitm.
504 3385 547 3446 lta
569 3403 624 3464 ego
647 3403 709 3445 oon
730 3384 844 3446 nomini
866 3383 914 3445 dei
935 3401 991 3444 nee
1011 3400 1088 3443 sono
1111 3400 1167 3451 nec
1180 3382 1308 3444 ⁷notae⁴
1330 3385 1435 3446 nomi-

256 3484 305 3546 nis
327 3485 416 3548 bnius
439 3504 586 3548 summum
609 3504 746 3565 magnum
770 3485 799 3546 in
822 3492 955 3546 creatore
977 3481 1120 3554 delendo,
1144 3483 1197 3543 sed
1215 3482 1272 3562 ipsi
1288 3483 1436 3546 substan-

257 3585 315 3647 tiae
338 3587 385 3646 cui
407 3604 515 3648 nomen
538 3588 596 3649 boc
616 3586 772 3666 ‘contigit,
794 3585 872 3645 banc
892 3583 1047 3645 inveniens
1069 3582 1162 3644 solam
1183 3583 1329 3657 innatam,
1351 3585 1435 3647 inle-

257 3694 349 3758 ctam,
372 3686 466 3748 solam
488 3695 636 3748 aeternam
659 3695 689 3748 et
703 3684 903 3749 universitatis
918 3683 1126 3758 conditricem,
1148 3702 1209 3745 non
1224 3683 1353 3759 nomini,
1378 3687 1435 3747 sed

256 3785 361 3861 statui,
389 3805 445 3848 nee
465 3787 668 3867 appellationi,
702 3787 756 3848 sed
783 3785 952 3847 condicioni
980 3785 1044 3846 eius
1067 3804 1214 3847 summum
1237 3803 1378 3863 magnum
1402 3797 1433 3848 et

255 3887 392 3950 adscribo
416 3886 593 3950 et-rindico.
636 3886 674 3949 Et
695 3887 780 3962 ideo,
808 3886 876 3966 quia
898 3886 973 3948 deus
1001 3886 1060 3947 iam
1081 3886 1179 3948 vocari
1203 3885 1332 3948 obtinuit
1353 3886 1432 3949 suh-

255 4042 280 4092 b.
298 4043 330 4093 ita
347 4042 407 4093 dens
425 4043 481 4093 aaa.
502 4043 624 4092 Vaticanus
641 4050 745 4107 aterque·
802 4040 826 4090 6.
846 4038 948 4089 diceudo
966 4039 1009 4089 ts.
1057 4037 1082 4088 ’1.
1100 4038 1149 4088 Car
1166 4055 1187 4088 a.
1235 4037 1259 4087 8.
1278 4037 1321 4087 illo
1340 4052 1432 4100 magno

254 4109 300 4160 dec
318 4112 413 4175 potiore
431 4126 460 4173 a,
480 4110 629 4160 aterum
645 4117 750 4173 utroque.
791 4107 816 4157 9.
836 4115 921 4157 neutro
939 4106 983 4157 ta.
1027 4105 1067 4154 td.
1086 4114 1166 4157 antam
1184 4106 1209 4155 11.
1253 4106 1292 4154 11.
1311 4113 1349 4155 est
1366 4107 1429 4157 ABG.

322 4179 381 4242 Cap.
399 4178 446 4227 vll.
489 4178 511 4226 l.
535 4185 673 4226 convertere
695 4176 754 4227 lde.
775 4176 896 4226 Vonones
913 4182 1017 4237 aterque.
1081 4172 1105 4221 2.
1124 4182 1148 4222 et
1167 4172 1230 4223 malo
1254 4187 1356 4236 qnoque·
1370 4188 1433 4237 pei·-

253 4247 355 4294 missnm
372 4246 416 4296 ta.
468 4243 492 4293 3.
511 4244 650 4294 diiudicabit
675 4245 707 4303 (1.,
728 4244 840 4292 latinius.
882 4241 1017 4290 diiudicarit
1041 4240 1146 4290 ascune.
1198 4240 1221 4289 t.
1241 4240 1281 4289 Sic
1300 4240 1361 4289 1110.
1404 4242 1429 4290 5.

252 4312 393 4362 ilololerois
411 4314 435 4362 d.
470 4312 601 4361 0loleruae
619 4313 692 4361 eadee
711 4311 806 4360 Pilboei.
848 4308 871 4359 6.
892 4324 919 4357 ea
937 4323 964 4357 re
983 4322 1028 4371 qna
1048 4323 1119 4357 nemo
1138 4308 1197 4356 dans
1215 4324 1243 4367 c,
1263 4323 1293 4355 es
1304 4308 1433 4358 Vaticanis.

253 4379 278 4428 ’1.
296 4395 352 4430 roca
369 4382 405 4430 orl
423 4387 493 4429 notra
513 4380 545 4440 0.,
565 4381 590 4427 in
606 4381 716 4441 margine.
769 4376 791 4425 8.
811 4377 927 4440 contingit
948 4376 1058 4426 Vaticani.

287 4494 307 4529 c
327 4477 401 4542 capit]
429 4479 453 4528 V.
471 4481 563 4529 adnott.
588 4479 617 4527 ad
642 4479 676 4527 lie
700 4478 765 4534 Fuga
789 4477 812 4527 io
898 4477 921 4525 b.
941 4477 1114 4538 recogitaverit,
1133 4472 1174 4538 nc}
1193 4474 1325 4524 beborna
1343 4474 1430 4524 obad-

252 4546 374 4596 Perrecut.
394 4562 445 4609 cap.
458 4547 480 4595 1.
499 4555 522 4596 et
539 4546 639 4609 Apolog.
659 4560 711 4607 cap.
725 4545 762 4592 li.
790 4553 815 4593 et
865 4554 924 4594 nott.
942 4545 972 4594 ad
991 4543 1090 4608 apolog.
1110 4541 1197 4606 eap.2.

252 4612 282 4662 da
300 4615 372 4663 verbo
390 4616 519 4678 depretiare
545 4614 636 4662 adnott.
662 4613 692 4661 ad
710 4612 812 4675 Apolog.
897 4662 917 4696 c·
937 4640 1031 4709 qum]
1050 4646 1120 4704 Quot·
1145 4644 1177 4691 ΕΣ
1196 4657 1240 4690 m
1260 4640 1308 4689 ,gp
1328 4641 1432 4691 Tema.

253 4681 592 4813 εψ(1.ιΐῗ“111.1ιῃιειείτο]
618 4745 812 4794 Vox'lerlnllia·
862 4713 943 4762 Μαι
978 4714 1013 4762 Cs‘
1034 4708 1404 4774 adnott,ndlpol0g·c⁸1t·l·,

250 4831 305 4868 nea.
341 4816 378 4867 Cl.
397 4815 487 4866 adnott.
505 4814 536 4865 ad
553 4813 587 4864 lle
606 4814 701 4864 Corona
720 4828 772 4878 cap.
786 4812 811 4863 8.
897 4814 920 4863 d.
939 4810 1021 4876 notae]
1039 4811 1066 4862 ld
1084 4819 1122 4862 est
1138 4811 1279 4874 scripturae.
1370 4823 1374 4827 ·
