3242 5775
567 663 605 705 os
626 662 870 707 nescnnserione
894 629 1006 707 censis.
1314 653 1377 717 tis

207 811 293 874 rn'uts
307 811 374 884 ,tide
395 811 426 872 in
454 810 585 874 medium
614 819 744 873 exnacta
772 820 802 873 et
829 813 900 875 odio
928 813 1046 894 publico
1075 814 1213 893 exposita,
1238 817 1377 893 decertat,

211 928 268 978 unt
291 913 323 974 in
345 911 514 974 carceribus
536 920 702 975 maceratur
723 912 877 977 teterrimo
898 914 974 975 lueis
990 914 1095 989 exilio,
1116 916 1241 995 penuria
1264 918 1378 994 mundi,

215 1013 358 1092 squalore,
390 1012 537 1092 paedore,
569 1013 747 1075 contumelia
780 1013 892 1086 victus,
925 1034 965 1078 ne
994 1034 1103 1080 somno
1128 1015 1248 1095 quinem
1274 1010 1400 1095 libera,¹
1446 1092 1452 1099 ,

216 1114 312 1194 quippe
341 1114 416 1192 ipsis
444 1114 530 1177 etiam
559 1114 705 1176 cubilibus
734 1114 834 1177 vincta
860 1114 993 1195 ipsisque
1023 1116 1195 1183 stramentis
1223 1117 1378 1195 landeata,

218 1229 270 1278 atu
290 1214 349 1278 iam
372 1225 402 1276 et
423 1216 453 1277 io
475 1216 540 1278 luce
562 1215 644 1278 omni
665 1223 881 1279 tormentorum
903 1216 1122 1281 machinatione
1141 1217 1284 1295 laniatur,
1311 1240 1378 1286 oum

215 1311 331 1396 lenique
354 1316 508 1396 suppliciis
532 1315 697 1395 erugatur‘,
720 1316 804 1379 enisa
822 1316 947 1379 reddere
963 1317 1085 1381 Clnisto
1105 1318 1202 1384 ricem
1222 1320 1378 1386 moriende

211 1430 260 1492 pro
273 1417 365 1496 ipso,
394 1417 565 1497 etquidem
585 1437 640 1497 per
662 1418 785 1479 eandem
808 1437 924 1480 erucem
948 1437 1054 1499 saepe,
1086 1420 1197 1485 nedum
1217 1440 1272 1502 per
1292 1432 1376 1488 atro-

209 1515 284 1580 eiora
306 1536 427 1598 quoque
449 1519 566 1597 ingenia
588 1537 762 1599 poenarum.
811 1519 874 1580 Nae
904 1519 953 1580 illa
974 1519 1145 1584 beatissima
1167 1530 1198 1585 et
1218 1522 1377 1601 glodosin-

208 1617 280 1682 dms
301 1637 377 1698 quae
397 1628 499 1700 potest
519 1620 596 1698 apud
618 1620 767 1682 Christum
790 1620 943 1683 dominum
974 1621 1135 1701 ¹⁵parere⁸=
1153 1622 1254 1686 orbim
1282 1631 1377 1701 unm,

205 1729 239 1781 nt
257 1720 315 1782 hoc
336 1720 435 1782 selum
457 1720 564 1782 debeat
585 1722 612 1782 ei
635 1722 714 1801 quod
736 1721 763 1781 ei
785 1720 896 1783 debere
918 1721 1056 1796 desierit,
1085 1721 1144 1784 hoc
1165 1723 1378 1802 magicumne

207 1815 311 1900 ”mod
333 1820 477 1884 absoluta

287 1922 380 2001 lgitur
403 1931 435 1984 ut
455 1934 614 1994 retexam·,
637 1941 724 2001 quam
747 1923 822 1985 deus
845 1924 981 1985 manibus
1005 1924 1070 1985 suis
1089 1923 1126 1987 ad
1148 1923 1308 2003 imaginem
1328 1925 1376 1988 dei
1394 1938 1495 1997 centn

209 2023 326 2097 struxit,
348 2042 435 2102 quam
459 2024 496 2085 de
518 2043 574 2085 sno
598 2024 706 2084 adflatu
729 2024 766 2084 ad
788 2025 1011 2087 similitudinem
1034 2043 1107 2086 suae
1128 2024 1289 2088 vivacitatis
1309 2027 1376 2090 aui·

211 2123 310 2198 mavit,
332 2143 421 2203 quam
443 2124 600 2196 incolatui,
628 2106 749 2197 truciui,
779 2125 960 2187 ¹dominatui
983 2125 1077 2191 totins
1098 2144 1171 2187 suae
1193 2127 1377 2205 operan'onis

212 2225 392 2304 praeposuit,
416 2244 502 2304 quam
524 2226 579 2286 ²de
601 2226 793 2287 sacramentis
817 2226 879 2287 suis
900 2225 1122 2304 disciplinisque
1136 2226 1269 2303 vestivit,
1292 2229 1377 2291 euius

209 2326 364 2399 ‚mundas
391 2336 486 2399 amat,
519 2326 602 2388 cuius
631 2326 842 2404 castigationes
871 2326 992 2404 probat,
1026 2327 1109 2389 cuius
1138 2326 1297 2406 passiones
1319 2328 1378 2390 sibi

218 2424 366 2504 adpretiat,
400 2428 538 2489 haeccine
567 2445 627 2487 non
656 2436 810 2505 resurget,
847 2427 958 2489 totiem
980 2426 1052 2489 dei?
1094 2426 1213 2500 ‘sosia
1246 2428 1324 2491 absit
1345 2437 1379 2491 ut

219 2523 279 2589 dous
299 2546 438 2590 manuum
462 2547 583 2589 suarum
600 2547 736 2607 operam,
759 2528 868 2606 ingenii
886 2528 933 2590 sui
948 2546 1065 2601 curem,
1087 2528 1215 2591 adtlatus
1232 2529 1279 2592 sui
1293 2530 1377 2609 vagi·

219 2640 289 2701 ntn,
310 2628 474 2690 molitionis
496 2647 568 2689 suae
589 2630 751 2706 regirant,
774 2628 958 2692 liberalitatis
973 2648 1045 2691 snae
1059 2629 1231 2702 haeredem,
1254 2629 1376 2711 religio·

221 2726 257 2789 nis
274 2748 344 2792 suae
367 2730 567 2801 sacerdotem,
598 2728 760 2791 testimonii
783 2730 830 2792 sui
853 2729 993 2803 militem,
1026 2730 1136 2792 Christi
1158 2730 1205 2793 sni
1227 2749 1375 2806 sororem,

223 2825 245 2888 iu
265 2840 413 2894 aeteruum
444 2830 584 2892 destituat
612 2830 938 2893 inconsentaneum
967 2830 1056 2895 deum
1084 2830 1238 2896 mainus:
1266 2831 1374 2907 solum,
1389 2818 1498 2919 xfflffi,

223 2932 347 3007 optimum
370 2933 402 2993 ⁴n
419 2933 537 2993 Christo
560 2933 624 2993 eins
647 2932 844 3005 addiscimus3
867 2932 917 3011 qui
939 2932 1129 2996 dilectionem
1147 2933 1291 2995 mandans
1306 2920 1528 3027 postxffllfffl·,q4

222 3045 288 3093 ttam
310 3035 339 3095 in
361 3034 529 3113 proximum
551 3034 654 3093 ⁵laniet
677 3042 706 3093 et
727 3032 893 3112 ipse-quod
916 3035 1075 3113 praecepit
1131 3033 1237 3113 Diliget
1257 3054 1376 3098 carnem

223 3137 256 3191 tot
272 3134 367 3195 modis
391 3133 447 3194 sibi
470 3135 652 3213 proximam,
682 3134 737 3193 etsi
761 3134 924 3206 infirmam,
957 3134 1009 3194 sed
1032 3135 1131 3196 Virtus
1153 3134 1184 3195 in
1206 3135 1529 3205 infirmitatet1ccr.xri.s.=

222 3234 370 3307 perfidem,
393 3235 449 3296 etsi
473 3236 665 3307 imbecillam,
692 3234 744 3295 sed
767 3234 913 3294 hledicum
935 3253 995 3294 non
1019 3226 1190 3296 desiderant
1218 3236 1277 3296 nisi
1300 3236 1375 3297 male
1392 3255 1513 3305 euenor.

222 3328 367 3409 habentes,
390 3337 448 3396 etsi
470 3337 674 3405 inhonestam,
698 3334 749 3395 sed
772 3335 1028 3395 Inhonestioribus
1051 3336 1194 3397 maiorem
1209 3335 1528 3404 circumda-teostitae.

221 3449 273 3496 mus
300 3437 472 3507 honorem,
507 3437 564 3496 etsi
592 3437 754 3515 perditam,
789 3435 843 3495 sed
870 3435 948 3513 Ego,
979 3436 1091 3513 inquit,
1118 3434 1202 3507 ueni,
1236 3442 1269 3494 ut
1296 3434 1528 3512 quodeuennso.

221 3530 308 3612 ‘periit
330 3538 444 3598 salvum
467 3539 585 3610 inciam,
620 3539 674 3598 etsi
704 3535 914 3615 peccatricem,
948 3535 999 3595 sed
1028 3535 1104 3595 Malo
1131 3533 1237 3606 miti,
1270 3533 1528 3613 inquitsexvrnns.

220 3635 328 3699 salutem
350 3639 515 3718 peccatoris
539 3658 624 3718 quam
648 3648 790 3709 mortem,
815 3637 872 3696 etsi
894 3637 1075 3708 damnatam,
1100 3635 1152 3694 sed
1170 3634 1247 3712 ligo,
1272 3634 1375 3713 inquit,
1390 3637 1510 3738 fflffiae·

219 3740 364 3811 percutiam
387 3749 418 3800 et
440 3740 562 3801 sanabo.
613 3739 690 3810 Quid
719 3756 752 3798 ea
782 3737 945 3818 exprobras
973 3737 1053 3797 carni
1076 3753 1151 3814 quae
1173 3736 1261 3796 deum
1284 3753 1376 3814 expe-

220 3887 250 3936 15.
267 3893 360 3954 pariare
386 3893 443 3941 Petr.
458 3892 600 3941 ciacconius.
645 3906 688 3953 par
713 3905 767 3938 esse
792 3890 905 3938 latinius.
964 3889 1004 3938 16.
1030 3905 1077 3953 qno
1103 3904 1175 3951 omps.
1199 3894 1245 3936 tres
1265 3888 1377 3937 Vaticani.

218 3960 330 4090 ''mciip
351 4027 388 4075 tx.
412 4027 449 4074 ·l.
469 4026 600 4074 dominatui
619 4024 717 4074 emilii.
758 4023 781 4071 2.
801 4024 831 4071 de
850 4024 1073 4072 sacramentisdBe.
1091 4022 1258 4072 tresVoticoni.
1294 4036 1377 4071 sacra-

217 4096 293 4142 nentis
310 4097 403 4157 reliqui.
457 4093 480 4142 ³.
500 4094 573 4149 sosii.
593 4095 655 4140 absit
672 4094 725 4141 ned.
745 4099 790 4139 tres
814 4091 923 4140 Vaticani.
967 4090 1033 4137 Absit
1056 4091 1149 4152 reliqui.
1200 4089 1226 4137 d.
1250 4089 1376 4137 aChristo
1447 4131 1449 4135 .

216 4162 433 4224 etusdddrnpobed.
469 4162 596 4210 asshristo
617 4161 639 4209 G.
698 4159 721 4206 5.
741 4155 797 4206 lacit
815 4174 874 4224 unp.
934 4156 957 4205 6.
975 4157 1122 4219 perierntli.
1181 4155 1205 4204 i.
1223 4157 1281 4206 mihi
1300 4158 1378 4206 om.d.

242 4263 257 4310 l.
276 4259 401 4324 erogator]
421 4263 456 4310 Ci.
475 4262 503 4311 de
523 4263 568 4310 hoc
587 4262 658 4309 serbo
678 4260 769 4308 adnott.
821 4260 903 4308 metim
922 4258 1066 4306 contrahens
1085 4271 1111 4304 es
1131 4270 1192 4318 qnae
1210 4257 1289 4304 iudea
1303 4254 1379 4320 caph

214 4329 238 4377 sd
254 4330 339 4393 Scorp.
359 4346 411 4393 cap.
424 4330 448 4378 6.
473 4357 503 4364 —
534 4330 567 4377 De
586 4330 690 4378 carceris
709 4342 769 4390 quas
821 4331 1014 4391 praecesserunt.
1033 4322 1194 4381 (inluniae)

212 4396 335 4461 descripsit
355 4398 428 4445 modo
448 4397 551 4445 miseriis
571 4399 600 4445 cl.
620 4397 653 4444 ld
674 4396 767 4456 hlartyr.
855 4395 878 4442 b.
904 4392 1037 4443 molitionis
1055 4405 1113 4439 snae
1131 4384 1252 4453 reginam]
1275 4389 1380 4438 ldolitio-

212 4465 294 4529 capl.
330 4465 396 4513 Adde
416 4462 688 4525 hel‘atient.cap.13.
821 4475 875 4509 nem
901 4461 959 4509 dicit
983 4459 1137 4508 creationem.
1186 4458 1278 4506 Crearit
1301 4465 1379 4505 antem

239 4549 260 4594 g.
281 4528 380 4597 parere]
407 4532 543 4595 Appellanti
569 4533 682 4579 creditori
701 4536 770 4592 paret
821 4528 1151 4589 deushomiuemtanqosm
1174 4524 1379 4586 repemomnium
1443 4587 1446 4591 y

208 4599 302 4649 debitor
320 4614 374 4648 cnm
393 4600 518 4647 satisfacit.
546 4600 613 4646 lubet
631 4599 670 4661 qni
690 4598 769 4656 erigit,
822 4611 883 4658 quae
902 4597 925 4643 in
944 4603 1016 4652 terra,
1037 4607 1096 4656 qtrae
1115 4594 1138 4641 in
1157 4593 1225 4642 mari.
1245 4590 1351 4651 (Rigalt.)

207 4676 273 4732 paret
293 4669 333 4730 qui
353 4675 460 4731 praestat
485 4667 548 4730 quod
573 4667 692 4728 promisit.
719 4665 770 4723 (lii-
857 4678 876 4711 c.
896 4662 938 4711 sed
963 4658 1168 4710 inhonestioribus
1192 4660 1309 4707 maiorem
1332 4657 1380 4704 cir-

205 4736 270 4797 salt.)
313 4735 350 4784 ct.
377 4735 480 4782 Dirkseu
505 4733 613 4781 Manitale
637 4733 770 4781 Latinitatis
822 4723 1112 4791 cumdamushouorem]
1140 4727 1206 4785 Quae
1229 4722 1381 4774 connomi-
1445 4774 1449 4789 ¹

203 4804 272 4852 Fout
294 4803 340 4850 lor.
359 4802 408 4851 Cis.
420 4803 488 4851 ltom.
507 4801 594 4862 pots.
613 4816 664 4849 ss.
682 4801 771 4848 Parere.
823 4797 874 4846 nari
893 4811 993 4861 necesse
1011 4803 1057 4857 est,
1080 4795 1199 4846 honorem
1216 4790 1321 4858 praeteri
1338 4802 1381 4836 so-

236 4871 297 4934 Cap.
317 4869 354 4919 tx.
392 4884 413 4918 a.
432 4864 549 4933 retexam]
567 4869 684 4917 Nimirum
702 4881 770 4915 sum·
823 4863 909 4914 lemos.
928 4863 1033 4926 (Rigalt.)
