<?xml version="1.0" encoding="UTF-8"?>
<!DOCTYPE html PUBLIC "-//W3C//DTD XHTML 1.0 Transitional//EN"
    "http://www.w3.org/TR/xhtml1/DTD/xhtml1-transitional.dtd">
<html xmlns="http://www.w3.org/1999/xhtml" xml:lang="en" lang="en">
 <head>
  <title>
</title>
<meta http-equiv="Content-Type" content="text/html;charset=utf-8" />
  <meta name='ocr-system' content='tesseract 3.04.00' />
  <meta name='ocr-capabilities' content='ocr_page ocr_carea ocr_par ocr_line ocrx_word'/>
</head>
<body>
  <div class='ocr_page' id='page_1' title='image "./quaesupersuntom00oehlgoog_0512.png"; bbox 0 0 3242 5775; ppageno 0'>
   <div class='ocr_carea' id='block_1_1' title="bbox 555 625 1392 689">
    <p class='ocr_par' dir='ltr' id='par_1_1' title="bbox 555 625 1392 689">
     <span class='ocr_line' id='line_1_1' title="bbox 555 625 1392 689; baseline 0.019 -16"><span class='ocrx_word' id='word_1_1' title='bbox 555 662 557 665; x_wconf 93' lang='lat'>.</span> <span class='ocrx_word' id='word_1_2' title='bbox 582 631 620 674; x_wconf 83' lang='lat' dir='ltr'>nn</span> <span class='ocrx_word' id='word_1_3' title='bbox 642 632 887 678; x_wconf 74' lang='lat' dir='ltr'>resurreccione</span> <span class='ocrx_word' id='word_1_4' title='bbox 910 636 1024 680; x_wconf 79' lang='lat' dir='ltr'>cmnrs.</span> <span class='ocrx_word' id='word_1_5' title='bbox 1329 625 1392 689; x_wconf 77' lang='lat' dir='ltr'>tut</span> 
     </span>
    </p>
   </div>
   <div class='ocr_carea' id='block_1_2' title="bbox 197 777 1529 3076">
    <p class='ocr_par' dir='ltr' id='par_1_2' title="bbox 222 777 1394 869">
     <span class='ocr_line' id='line_1_2' title="bbox 222 777 1394 869; baseline 0.011 -27"><span class='ocrx_word' id='word_1_6' title='bbox 222 779 282 860; x_wconf 87' lang='lat' dir='ltr'>spei</span> <span class='ocrx_word' id='word_1_7' title='bbox 304 780 335 842; x_wconf 94' lang='lat' dir='ltr'>in</span> <span class='ocrx_word' id='word_1_8' title='bbox 356 779 416 843; x_wconf 90' lang='lat' dir='ltr'>hoc</span> <span class='ocrx_word' id='word_1_9' title='bbox 437 782 533 862; x_wconf 87' lang='lat' dir='ltr'>spatio</span> <span class='ocrx_word' id='word_1_10' title='bbox 555 777 610 861; x_wconf 87' lang='lat' dir='ltr'>per</span> <span class='ocrx_word' id='word_1_11' title='bbox 632 782 736 853; x_wconf 85' lang='lat' dir='ltr'>tidem,</span> <span class='ocrx_word' id='word_1_12' title='bbox 759 800 822 845; x_wconf 91' lang='lat' dir='ltr'>non</span> <span class='ocrx_word' id='word_1_13' title='bbox 845 783 1122 866; x_wconf 78' lang='lat' dir='ltr'>“repraesentati0,</span> <span class='ocrx_word' id='word_1_14' title='bbox 1148 806 1204 850; x_wconf 87' lang='lat' dir='ltr'>nec</span> <span class='ocrx_word' id='word_1_15' title='bbox 1224 792 1394 869; x_wconf 84' lang='lat' dir='ltr'>possessio,</span> 
     </span>
    </p>

    <p class='ocr_par' dir='ltr' id='par_1_3' title="bbox 221 881 1393 965">
     <span class='ocr_line' id='line_1_3' title="bbox 221 881 1393 965; baseline 0.012 -23"><span class='ocrx_word' id='word_1_16' title='bbox 221 881 270 942; x_wconf 87' lang='lat' dir='ltr'>sed</span> <span class='ocrx_word' id='word_1_17' title='bbox 298 882 474 962; x_wconf 72' lang='lat' dir='ltr'>expectatio.</span> <span class='ocrx_word' id='word_1_18' title='bbox 527 882 570 944; x_wconf 84' lang='lat' dir='ltr'>lle</span> <span class='ocrx_word' id='word_1_19' title='bbox 598 901 654 963; x_wconf 90' lang='lat' dir='ltr'>qua</span> <span class='ocrx_word' id='word_1_20' title='bbox 684 902 738 962; x_wconf 94' lang='lat' dir='ltr'>spe</span> <span class='ocrx_word' id='word_1_21' title='bbox 767 894 797 945; x_wconf 92' lang='lat' dir='ltr'>et</span> <span class='ocrx_word' id='word_1_22' title='bbox 825 886 1028 965; x_wconf 77' lang='lat' dir='ltr'>expectatione</span> <span class='ocrx_word' id='word_1_23' title='bbox 1055 887 1163 950; x_wconf 90' lang='lat' dir='ltr'>Paulus</span> <span class='ocrx_word' id='word_1_24' title='bbox 1193 890 1230 950; x_wconf 91' lang='lat' dir='ltr'>ad</span> <span class='ocrx_word' id='word_1_25' title='bbox 1261 890 1393 955; x_wconf 86' lang='lat' dir='ltr'>Galatas:</span> 
     </span>
    </p>

    <p class='ocr_par' dir='ltr' id='par_1_4' title="bbox 215 982 1529 1875">
     <span class='ocr_line' id='line_1_4' title="bbox 216 982 1514 1082; baseline 0.009 -39"><span class='ocrx_word' id='word_1_26' title='bbox 216 982 277 1043; x_wconf 89' lang='lat' dir='ltr'>Nos</span> <span class='ocrx_word' id='word_1_27' title='bbox 300 982 380 1043; x_wconf 90' lang='lat' dir='ltr'>euim</span> <span class='ocrx_word' id='word_1_28' title='bbox 403 983 510 1062; x_wconf 90' lang='lat' dir='ltr'>spiritu</span> <span class='ocrx_word' id='word_1_29' title='bbox 533 1002 569 1045; x_wconf 84' lang='lat' dir='ltr'>ex</span> <span class='ocrx_word' id='word_1_30' title='bbox 590 985 648 1046; x_wconf 91' lang='lat' dir='ltr'>lide</span> <span class='ocrx_word' id='word_1_31' title='bbox 671 1003 756 1063; x_wconf 91' lang='lat' dir='ltr'>spem</span> <span class='ocrx_word' id='word_1_32' title='bbox 771 985 901 1048; x_wconf 90' lang='lat' dir='ltr'>iustitiae</span> <span class='ocrx_word' id='word_1_33' title='bbox 916 999 1120 1066; x_wconf 81' lang='lat' dir='ltr'>expectamus3</span> <span class='ocrx_word' id='word_1_34' title='bbox 1142 1007 1204 1050; x_wconf 93' lang='lat' dir='ltr'>non</span> <span class='ocrx_word' id='word_1_35' title='bbox 1226 990 1283 1065; x_wconf 86' lang='lat' dir='ltr'>ait,</span> <span class='ocrx_word' id='word_1_36' title='bbox 1308 1000 1392 1054; x_wconf 87' lang='lat' dir='ltr'>tene-</span> <span class='ocrx_word' id='word_1_37' title='bbox 1407 1025 1514 1082; x_wconf 54' lang='lat' dir='ltr'>qm,</span> 
     </span>
     <span class='ocr_line' id='line_1_5' title="bbox 216 1083 1393 1167; baseline 0.011 -24"><span class='ocrx_word' id='word_1_38' title='bbox 216 1101 292 1145; x_wconf 91' lang='lat' dir='ltr'>mus.</span> <span class='ocrx_word' id='word_1_39' title='bbox 343 1083 476 1146; x_wconf 87' lang='lat' dir='ltr'>iustitiae</span> <span class='ocrx_word' id='word_1_40' title='bbox 510 1094 607 1146; x_wconf 90' lang='lat' dir='ltr'>autem</span> <span class='ocrx_word' id='word_1_41' title='bbox 637 1086 683 1147; x_wconf 91' lang='lat' dir='ltr'>dei</span> <span class='ocrx_word' id='word_1_42' title='bbox 713 1086 784 1147; x_wconf 92' lang='lat' dir='ltr'>dicit</span> <span class='ocrx_word' id='word_1_43' title='bbox 812 1106 846 1148; x_wconf 86' lang='lat' dir='ltr'>ex</span> <span class='ocrx_word' id='word_1_44' title='bbox 877 1088 986 1149; x_wconf 90' lang='lat' dir='ltr'>iudicio</span> <span class='ocrx_word' id='word_1_45' title='bbox 1015 1107 1076 1167; x_wconf 88' lang='lat' dir='ltr'>quo</span> <span class='ocrx_word' id='word_1_46' title='bbox 1105 1089 1329 1154; x_wconf 76' lang='lat' dir='ltr'>¹⁵iudieahtmm</span> <span class='ocrx_word' id='word_1_47' title='bbox 1356 1095 1393 1156; x_wconf 90' lang='lat' dir='ltr'>de</span> 
     </span>
     <span class='ocr_line' id='line_1_6' title="bbox 215 1185 1392 1269; baseline 0.008 -24"><span class='ocrx_word' id='word_1_48' title='bbox 215 1185 362 1246; x_wconf 84' lang='lat' dir='ltr'>mercede.</span> <span class='ocrx_word' id='word_1_49' title='bbox 396 1185 438 1245; x_wconf 80' lang='lat' dir='ltr'>hd</span> <span class='ocrx_word' id='word_1_50' title='bbox 462 1203 549 1264; x_wconf 90' lang='lat' dir='ltr'>quam</span> <span class='ocrx_word' id='word_1_51' title='bbox 571 1186 706 1264; x_wconf 86' lang='lat' dir='ltr'>pendeus</span> <span class='ocrx_word' id='word_1_52' title='bbox 729 1195 759 1248; x_wconf 88' lang='lat' dir='ltr'>et</span> <span class='ocrx_word' id='word_1_53' title='bbox 780 1187 848 1267; x_wconf 91' lang='lat' dir='ltr'>ipse</span> <span class='ocrx_word' id='word_1_54' title='bbox 870 1207 935 1249; x_wconf 91' lang='lat' dir='ltr'>cum</span> <span class='ocrx_word' id='word_1_55' title='bbox 951 1188 1194 1268; x_wconf 85' lang='lat' dir='ltr'>Philippensibus</span> <span class='ocrx_word' id='word_1_56' title='bbox 1217 1192 1337 1269; x_wconf 81' lang='lat' dir='ltr'>scribit,</span> <span class='ocrx_word' id='word_1_57' title='bbox 1360 1194 1392 1255; x_wconf 88' lang='lat' dir='ltr'>Si</span> 
     </span>
     <span class='ocr_line' id='line_1_7' title="bbox 217 1285 1392 1370; baseline 0.01 -25"><span class='ocrx_word' id='word_1_58' title='bbox 217 1285 318 1365; x_wconf 83' lang='lat' dir='ltr'>¹⁸qua,</span> <span class='ocrx_word' id='word_1_59' title='bbox 343 1285 455 1365; x_wconf 91' lang='lat' dir='ltr'>inquit,</span> <span class='ocrx_word' id='word_1_60' title='bbox 485 1305 659 1349; x_wconf 78' lang='lat' dir='ltr'>concurram</span> <span class='ocrx_word' id='word_1_61' title='bbox 681 1287 711 1347; x_wconf 94' lang='lat' dir='ltr'>in</span> <span class='ocrx_word' id='word_1_62' title='bbox 736 1289 1031 1361; x_wconf 79' lang='lat' dir='ltr'>¹⁷resurrecti0nem,</span> <span class='ocrx_word' id='word_1_63' title='bbox 1060 1309 1136 1370; x_wconf 89' lang='lat' dir='ltr'>quae</span> <span class='ocrx_word' id='word_1_64' title='bbox 1165 1291 1239 1354; x_wconf 86' lang='lat' dir='ltr'>¹&#39;est</span> <span class='ocrx_word' id='word_1_65' title='bbox 1266 1312 1282 1356; x_wconf 87' lang='lat' dir='ltr'>a</span> <span class='ocrx_word' id='word_1_66' title='bbox 1307 1313 1392 1358; x_wconf 88' lang='lat' dir='ltr'>mor·</span> 
     </span>
     <span class='ocr_line' id='line_1_8' title="bbox 216 1386 1391 1474; baseline 0.01 -28"><span class='ocrx_word' id='word_1_67' title='bbox 216 1388 290 1455; x_wconf 87' lang='lat' dir='ltr'>tuis,</span> <span class='ocrx_word' id='word_1_68' title='bbox 314 1404 375 1446; x_wconf 92' lang='lat' dir='ltr'>non</span> <span class='ocrx_word' id='word_1_69' title='bbox 399 1386 466 1465; x_wconf 88' lang='lat' dir='ltr'>quia</span> <span class='ocrx_word' id='word_1_70' title='bbox 488 1388 546 1448; x_wconf 91' lang='lat' dir='ltr'>iam</span> <span class='ocrx_word' id='word_1_71' title='bbox 569 1389 667 1467; x_wconf 88' lang='lat' dir='ltr'>accepi</span> <span class='ocrx_word' id='word_1_72' title='bbox 690 1397 739 1449; x_wconf 92' lang='lat' dir='ltr'>aut</span> <span class='ocrx_word' id='word_1_73' title='bbox 764 1390 1015 1452; x_wconf 81' lang='lat' dir='ltr'>¹⁹consurnnatus</span> <span class='ocrx_word' id='word_1_74' title='bbox 1029 1409 1106 1453; x_wconf 92' lang='lat' dir='ltr'>sum.</span> <span class='ocrx_word' id='word_1_75' title='bbox 1139 1392 1178 1453; x_wconf 81' lang='lat' dir='ltr'>lit</span> <span class='ocrx_word' id='word_1_76' title='bbox 1198 1393 1301 1474; x_wconf 88' lang='lat' dir='ltr'>utique</span> <span class='ocrx_word' id='word_1_77' title='bbox 1323 1414 1391 1459; x_wconf 88' lang='lat' dir='ltr'>ore-</span> 
     </span>
     <span class='ocr_line' id='line_1_9' title="bbox 215 1486 1393 1572; baseline 0.01 -25"><span class='ocrx_word' id='word_1_78' title='bbox 215 1486 344 1559; x_wconf 88' lang='lat' dir='ltr'>diderat,</span> <span class='ocrx_word' id='word_1_79' title='bbox 382 1496 412 1548; x_wconf 89' lang='lat' dir='ltr'>et</span> <span class='ocrx_word' id='word_1_80' title='bbox 439 1488 537 1548; x_wconf 90' lang='lat' dir='ltr'>omnia</span> <span class='ocrx_word' id='word_1_81' title='bbox 566 1500 747 1550; x_wconf 88' lang='lat' dir='ltr'>sacramenta</span> <span class='ocrx_word' id='word_1_82' title='bbox 776 1499 971 1568; x_wconf 82' lang='lat' dir='ltr'>cognoverat,</span> <span class='ocrx_word' id='word_1_83' title='bbox 1003 1510 1055 1553; x_wconf 86' lang='lat' dir='ltr'>ras</span> <span class='ocrx_word' id='word_1_84' title='bbox 1082 1492 1253 1572; x_wconf 86' lang='lat' dir='ltr'>electionis,</span> <span class='ocrx_word' id='word_1_85' title='bbox 1287 1495 1393 1560; x_wconf 89' lang='lat' dir='ltr'>doctor</span> 
     </span>
     <span class='ocr_line' id='line_1_10' title="bbox 215 1589 1474 1693; baseline 0.012 -47"><span class='ocrx_word' id='word_1_86' title='bbox 215 1589 385 1661; x_wconf 90' lang='lat' dir='ltr'>nationum,</span> <span class='ocrx_word' id='word_1_87' title='bbox 408 1597 557 1650; x_wconf 88' lang='lat' dir='ltr'>ettamen</span> <span class='ocrx_word' id='word_1_88' title='bbox 580 1589 713 1651; x_wconf 65' lang='lat' dir='ltr'>”adicim</span> <span class='ocrx_word' id='word_1_89' title='bbox 735 1591 907 1669; x_wconf 84' lang='lat' dir='ltr'>Persequor</span> <span class='ocrx_word' id='word_1_90' title='bbox 921 1600 1037 1665; x_wconf 91' lang='lat' dir='ltr'>autem,</span> <span class='ocrx_word' id='word_1_91' title='bbox 1060 1593 1086 1653; x_wconf 92' lang='lat' dir='ltr'>si</span> <span class='ocrx_word' id='word_1_92' title='bbox 1101 1593 1337 1673; x_wconf 83' lang='lat' dir='ltr'>adprehendam,</span> <span class='ocrx_word' id='word_1_93' title='bbox 1360 1597 1391 1660; x_wconf 95' lang='lat' dir='ltr'>in</span> <span class='ocrx_word' id='word_1_94' title='bbox 1404 1598 1474 1693; x_wconf 57' lang='lat' dir='ltr'>,1¹2qu</span> 
     </span>
     <span class='ocr_line' id='line_1_11' title="bbox 217 1662 1529 1771; baseline 0.009 -22"><span class='ocrx_word' id='word_1_95' title='bbox 217 1705 271 1766; x_wconf 90' lang='lat' dir='ltr'>quo</span> <span class='ocrx_word' id='word_1_96' title='bbox 296 1707 365 1750; x_wconf 93' lang='lat' dir='ltr'>sum</span> <span class='ocrx_word' id='word_1_97' title='bbox 387 1687 593 1768; x_wconf 88' lang='lat' dir='ltr'>adprehensus</span> <span class='ocrx_word' id='word_1_98' title='bbox 616 1709 631 1748; x_wconf 92' lang='lat' dir='ltr'>a</span> <span class='ocrx_word' id='word_1_99' title='bbox 655 1690 783 1751; x_wconf 88' lang='lat' dir='ltr'>Christo.</span> <span class='ocrx_word' id='word_1_100' title='bbox 839 1692 883 1752; x_wconf 86' lang='lat' dir='ltr'>Eo</span> <span class='ocrx_word' id='word_1_101' title='bbox 906 1691 1048 1771; x_wconf 92' lang='lat' dir='ltr'>amplius:</span> <span class='ocrx_word' id='word_1_102' title='bbox 1081 1692 1144 1771; x_wconf 78' lang='lat' dir='ltr'>ligo</span> <span class='ocrx_word' id='word_1_103' title='bbox 1175 1712 1240 1769; x_wconf 91' lang='lat' dir='ltr'>me,</span> <span class='ocrx_word' id='word_1_104' title='bbox 1272 1697 1390 1767; x_wconf 85' lang='lat' dir='ltr'>iratres,</span> <span class='ocrx_word' id='word_1_105' title='bbox 1434 1678 1457 1718; x_wconf 57' lang='lat'>’⁸</span> <span class='ocrx_word' id='word_1_106' title='bbox 1479 1662 1529 1707; x_wconf 58' lang='lat' dir='ltr'>&#39;qq&#39;</span> 
     </span>
     <span class='ocr_line' id='line_1_12' title="bbox 217 1788 1391 1875; baseline 0.009 -27"><span class='ocrx_word' id='word_1_107' title='bbox 217 1805 272 1850; x_wconf 91' lang='lat' dir='ltr'>non</span> <span class='ocrx_word' id='word_1_108' title='bbox 296 1797 371 1868; x_wconf 90' lang='lat' dir='ltr'>puto</span> <span class='ocrx_word' id='word_1_109' title='bbox 394 1788 642 1869; x_wconf 85' lang='lat' dir='ltr'>adprehendisse:</span> <span class='ocrx_word' id='word_1_110' title='bbox 665 1809 755 1851; x_wconf 87' lang='lat' dir='ltr'>unum</span> <span class='ocrx_word' id='word_1_111' title='bbox 777 1792 879 1870; x_wconf 90' lang='lat' dir='ltr'>plane,</span> <span class='ocrx_word' id='word_1_112' title='bbox 904 1792 1012 1853; x_wconf 90' lang='lat' dir='ltr'>oblitus</span> <span class='ocrx_word' id='word_1_113' title='bbox 1028 1793 1230 1872; x_wconf 88' lang='lat' dir='ltr'>posteriorum</span> <span class='ocrx_word' id='word_1_114' title='bbox 1244 1794 1275 1856; x_wconf 89' lang='lat' dir='ltr'>in</span> <span class='ocrx_word' id='word_1_115' title='bbox 1290 1797 1391 1875; x_wconf 89' lang='lat' dir='ltr'>priora</span> 
     </span>
    </p>

    <p class='ocr_par' dir='ltr' id='par_1_5' title="bbox 216 1890 1390 2072">
     <span class='ocr_line' id='line_1_13' title="bbox 216 1890 1390 1972; baseline 0.009 -23"><span class='ocrx_word' id='word_1_116' title='bbox 216 1905 258 1950; x_wconf 88' lang='lat' dir='ltr'>tue</span> <span class='ocrx_word' id='word_1_117' title='bbox 281 1890 448 1950; x_wconf 84' lang='lat' dir='ltr'>extendens</span> <span class='ocrx_word' id='word_1_118' title='bbox 471 1892 633 1952; x_wconf 90' lang='lat' dir='ltr'>secundum</span> <span class='ocrx_word' id='word_1_119' title='bbox 657 1910 780 1969; x_wconf 88' lang='lat' dir='ltr'>scopum</span> <span class='ocrx_word' id='word_1_120' title='bbox 814 1910 982 1971; x_wconf 89' lang='lat' dir='ltr'>persequor</span> <span class='ocrx_word' id='word_1_121' title='bbox 1009 1893 1045 1953; x_wconf 89' lang='lat' dir='ltr'>ad</span> <span class='ocrx_word' id='word_1_122' title='bbox 1066 1893 1194 1972; x_wconf 93' lang='lat' dir='ltr'>palmam</span> <span class='ocrx_word' id='word_1_123' title='bbox 1216 1895 1390 1959; x_wconf 87' lang='lat' dir='ltr'>incrimina-</span> 
     </span>
     <span class='ocr_line' id='line_1_14' title="bbox 217 1977 1390 2072; baseline 0.008 -22"><span class='ocrx_word' id='word_1_124' title='bbox 217 1988 334 2062; x_wconf 89' lang='lat' dir='ltr'>tionis·,</span> <span class='ocrx_word' id='word_1_125' title='bbox 349 2009 404 2070; x_wconf 88' lang='lat' dir='ltr'>per</span> <span class='ocrx_word' id='word_1_126' title='bbox 418 2010 504 2069; x_wconf 89' lang='lat' dir='ltr'>quam</span> <span class='ocrx_word' id='word_1_127' title='bbox 521 2011 746 2065; x_wconf 64' lang='lat' dir='ltr'>concurrerem</span> <span class='ocrx_word' id='word_1_128' title='bbox 762 1977 862 2071; x_wconf 88' lang='lat' dir='ltr'>utique</span> <span class='ocrx_word' id='word_1_129' title='bbox 877 1992 907 2052; x_wconf 93' lang='lat' dir='ltr'>in</span> <span class='ocrx_word' id='word_1_130' title='bbox 922 1993 943 2024; x_wconf 83' lang='lat'>¹¹</span> <span class='ocrx_word' id='word_1_131' title='bbox 950 1993 1209 2056; x_wconf 90' lang='lat' dir='ltr'>resuscitationem</span> <span class='ocrx_word' id='word_1_132' title='bbox 1221 2014 1237 2056; x_wconf 92' lang='lat' dir='ltr'>a</span> <span class='ocrx_word' id='word_1_133' title='bbox 1251 1997 1390 2072; x_wconf 88' lang='lat' dir='ltr'>mortuis,</span> 
     </span>
    </p>

    <p class='ocr_par' dir='ltr' id='par_1_6' title="bbox 197 2093 1529 3076">
     <span class='ocr_line' id='line_1_15' title="bbox 212 2093 1517 2171; baseline 0.011 -22"><span class='ocrx_word' id='word_1_134' title='bbox 212 2108 265 2153; x_wconf 88' lang='lat' dir='ltr'>suo</span> <span class='ocrx_word' id='word_1_135' title='bbox 289 2100 391 2152; x_wconf 88' lang='lat' dir='ltr'>tamen</span> <span class='ocrx_word' id='word_1_136' title='bbox 413 2101 564 2171; x_wconf 86' lang='lat' dir='ltr'>ternpore,</span> <span class='ocrx_word' id='word_1_137' title='bbox 595 2095 671 2153; x_wconf 91' lang='lat' dir='ltr'>sicut</span> <span class='ocrx_word' id='word_1_138' title='bbox 693 2094 727 2153; x_wconf 91' lang='lat' dir='ltr'>ad</span> <span class='ocrx_word' id='word_1_139' title='bbox 750 2093 912 2161; x_wconf 74' lang='lat' dir='ltr'>”Galatast</span> <span class='ocrx_word' id='word_1_140' title='bbox 944 2093 1025 2155; x_wconf 88' lang='lat' dir='ltr'>Bene</span> <span class='ocrx_word' id='word_1_141' title='bbox 1055 2103 1152 2155; x_wconf 91' lang='lat' dir='ltr'>autem</span> <span class='ocrx_word' id='word_1_142' title='bbox 1181 2096 1324 2160; x_wconf 85' lang='lat' dir='ltr'>iacientes</span> <span class='ocrx_word' id='word_1_143' title='bbox 1351 2115 1517 2169; x_wconf 68' lang='lat' dir='ltr'>uocitata.</span> 
     </span>
     <span class='ocr_line' id='line_1_16' title="bbox 211 2192 1389 2272; baseline 0.008 -21"><span class='ocrx_word' id='word_1_144' title='bbox 211 2192 343 2264; x_wconf 86' lang='lat' dir='ltr'>taedeat,</span> <span class='ocrx_word' id='word_1_145' title='bbox 367 2200 501 2272; x_wconf 84' lang='lat' dir='ltr'>tempure</span> <span class='ocrx_word' id='word_1_146' title='bbox 523 2194 601 2253; x_wconf 85' lang='lat' dir='ltr'>enirn</span> <span class='ocrx_word' id='word_1_147' title='bbox 625 2213 679 2254; x_wconf 92' lang='lat' dir='ltr'>suo</span> <span class='ocrx_word' id='word_1_148' title='bbox 702 2193 887 2255; x_wconf 68' lang='lat' dir='ltr'>”metemus</span> <span class='ocrx_word' id='word_1_149' title='bbox 925 2194 1008 2255; x_wconf 89' lang='lat' dir='ltr'>Sicut</span> <span class='ocrx_word' id='word_1_150' title='bbox 1029 2202 1059 2254; x_wconf 91' lang='lat' dir='ltr'>et</span> <span class='ocrx_word' id='word_1_151' title='bbox 1080 2196 1116 2256; x_wconf 91' lang='lat' dir='ltr'>ad</span> <span class='ocrx_word' id='word_1_152' title='bbox 1139 2195 1329 2259; x_wconf 80' lang='lat' dir='ltr'>Timotheum</span> <span class='ocrx_word' id='word_1_153' title='bbox 1352 2199 1389 2259; x_wconf 92' lang='lat' dir='ltr'>de</span> 
     </span>
     <span class='ocr_line' id='line_1_17' title="bbox 203 2288 1489 2394; baseline 0.006 -41"><span class='ocrx_word' id='word_1_154' title='bbox 203 2288 448 2371; x_wconf 72' lang='lat' dir='ltr'>“Onesiphorot</span> <span class='ocrx_word' id='word_1_155' title='bbox 471 2294 527 2354; x_wconf 88' lang='lat' dir='ltr'>Det</span> <span class='ocrx_word' id='word_1_156' title='bbox 548 2294 589 2354; x_wconf 92' lang='lat' dir='ltr'>illi</span> <span class='ocrx_word' id='word_1_157' title='bbox 611 2295 778 2355; x_wconf 78' lang='lat' dir='ltr'>²⁶dominus</span> <span class='ocrx_word' id='word_1_158' title='bbox 799 2294 931 2354; x_wconf 86' lang='lat' dir='ltr'>invenire</span> <span class='ocrx_word' id='word_1_159' title='bbox 946 2294 1182 2356; x_wconf 89' lang='lat' dir='ltr'>misericordiam</span> <span class='ocrx_word' id='word_1_160' title='bbox 1204 2297 1235 2357; x_wconf 93' lang='lat' dir='ltr'>in</span> <span class='ocrx_word' id='word_1_161' title='bbox 1257 2298 1308 2358; x_wconf 92' lang='lat' dir='ltr'>illo</span> <span class='ocrx_word' id='word_1_162' title='bbox 1331 2298 1388 2360; x_wconf 90' lang='lat' dir='ltr'>die.</span> <span class='ocrx_word' id='word_1_163' title='bbox 1402 2299 1489 2394; x_wconf 45' lang='lat'>{¹¹2⁶}</span> 
     </span>
     <span class='ocr_line' id='line_1_18' title="bbox 198 2362 1491 2473; baseline 0.008 -23"><span class='ocrx_word' id='word_1_164' title='bbox 198 2388 247 2453; x_wconf 88' lang='lat' dir='ltr'>In</span> <span class='ocrx_word' id='word_1_165' title='bbox 267 2412 358 2471; x_wconf 89' lang='lat' dir='ltr'>quem</span> <span class='ocrx_word' id='word_1_166' title='bbox 381 2393 458 2454; x_wconf 90' lang='lat' dir='ltr'>diem</span> <span class='ocrx_word' id='word_1_167' title='bbox 480 2395 542 2455; x_wconf 74' lang='lat' dir='ltr'>²‘ac</span> <span class='ocrx_word' id='word_1_168' title='bbox 564 2403 682 2473; x_wconf 82' lang='lat' dir='ltr'>ternpus</span> <span class='ocrx_word' id='word_1_169' title='bbox 706 2404 736 2454; x_wconf 91' lang='lat' dir='ltr'>et</span> <span class='ocrx_word' id='word_1_170' title='bbox 756 2394 814 2473; x_wconf 89' lang='lat' dir='ltr'>ipsi</span> <span class='ocrx_word' id='word_1_171' title='bbox 836 2393 1008 2473; x_wconf 73' lang='lat' dir='ltr'>”praecipit</span> <span class='ocrx_word' id='word_1_172' title='bbox 1024 2394 1204 2458; x_wconf 75' lang='lat' dir='ltr'>”custodire</span> <span class='ocrx_word' id='word_1_173' title='bbox 1219 2397 1390 2459; x_wconf 89' lang='lat' dir='ltr'>mandatum</span> <span class='ocrx_word' id='word_1_174' title='bbox 1413 2379 1419 2401; x_wconf 79' lang='grc'><em>’</em></span> <span class='ocrx_word' id='word_1_175' title='bbox 1469 2362 1491 2405; x_wconf 60' lang='lat' dir='ltr'>q&#39;</span> 
     </span>
     <span class='ocr_line' id='line_1_19' title="bbox 197 2488 1388 2574; baseline 0.006 -22"><span class='ocrx_word' id='word_1_176' title='bbox 197 2488 438 2566; x_wconf 82' lang='lat' dir='ltr'>inmaculatum,</span> <span class='ocrx_word' id='word_1_177' title='bbox 462 2494 744 2573; x_wconf 87' lang='lat' dir='ltr'>inreprehensibile,</span> <span class='ocrx_word' id='word_1_178' title='bbox 768 2494 797 2553; x_wconf 93' lang='lat' dir='ltr'>in</span> <span class='ocrx_word' id='word_1_179' title='bbox 821 2494 1023 2574; x_wconf 89' lang='lat' dir='ltr'>apparentiam</span> <span class='ocrx_word' id='word_1_180' title='bbox 1045 2494 1157 2556; x_wconf 92' lang='lat' dir='ltr'>domini</span> <span class='ocrx_word' id='word_1_181' title='bbox 1182 2496 1252 2558; x_wconf 90' lang='lat' dir='ltr'>lesu</span> <span class='ocrx_word' id='word_1_182' title='bbox 1267 2497 1388 2570; x_wconf 84' lang='lat' dir='ltr'>Christi,</span> 
     </span>
     <span class='ocr_line' id='line_1_20' title="bbox 197 2594 1388 2673; baseline 0.004 -19"><span class='ocrx_word' id='word_1_183' title='bbox 197 2608 299 2668; x_wconf 65' lang='lat' dir='ltr'>{uam</span> <span class='ocrx_word' id='word_1_184' title='bbox 323 2594 387 2655; x_wconf 88' lang='lat' dir='ltr'>suis</span> <span class='ocrx_word' id='word_1_185' title='bbox 411 2594 596 2673; x_wconf 87' lang='lat' dir='ltr'>temporibus</span> <span class='ocrx_word' id='word_1_186' title='bbox 620 2596 758 2656; x_wconf 91' lang='lat' dir='ltr'>ostendet</span> <span class='ocrx_word' id='word_1_187' title='bbox 779 2594 883 2655; x_wconf 88' lang='lat' dir='ltr'>heatus</span> <span class='ocrx_word' id='word_1_188' title='bbox 907 2603 937 2655; x_wconf 93' lang='lat' dir='ltr'>et</span> <span class='ocrx_word' id='word_1_189' title='bbox 958 2595 1041 2657; x_wconf 92' lang='lat' dir='ltr'>solus</span> <span class='ocrx_word' id='word_1_190' title='bbox 1064 2594 1264 2673; x_wconf 75' lang='lat' dir='ltr'>”potentator</span> <span class='ocrx_word' id='word_1_191' title='bbox 1286 2605 1316 2659; x_wconf 87' lang='lat' dir='ltr'>et</span> <span class='ocrx_word' id='word_1_192' title='bbox 1336 2616 1388 2659; x_wconf 87' lang='lat' dir='ltr'>rex</span> 
     </span>
     <span class='ocr_line' id='line_1_21' title="bbox 197 2694 1388 2777; baseline 0.005 -23"><span class='ocrx_word' id='word_1_193' title='bbox 197 2696 399 2771; x_wconf 79' lang='lat' dir='ltr'>·egnautium</span> <span class='ocrx_word' id='word_1_194' title='bbox 421 2694 481 2755; x_wconf 75' lang='lat' dir='ltr'>”et</span> <span class='ocrx_word' id='word_1_195' title='bbox 503 2694 642 2755; x_wconf 88' lang='lat' dir='ltr'>dominus</span> <span class='ocrx_word' id='word_1_196' title='bbox 666 2695 897 2768; x_wconf 89' lang='lat' dir='ltr'>dominantium,</span> <span class='ocrx_word' id='word_1_197' title='bbox 921 2695 958 2756; x_wconf 91' lang='lat' dir='ltr'>de</span> <span class='ocrx_word' id='word_1_198' title='bbox 981 2696 1038 2757; x_wconf 91' lang='lat' dir='ltr'>deo</span> <span class='ocrx_word' id='word_1_199' title='bbox 1059 2696 1172 2757; x_wconf 90' lang='lat' dir='ltr'>dicens.</span> <span class='ocrx_word' id='word_1_200' title='bbox 1216 2696 1259 2758; x_wconf 80' lang='lat' dir='ltr'>lle</span> <span class='ocrx_word' id='word_1_201' title='bbox 1281 2698 1388 2777; x_wconf 90' lang='lat' dir='ltr'>quihus</span> 
     </span>
     <span class='ocr_line' id='line_1_22' title="bbox 197 2794 1529 2895; baseline 0.006 -44"><span class='ocrx_word' id='word_1_202' title='bbox 197 2794 398 2873; x_wconf 67' lang='lat' dir='ltr'>‘emporibus</span> <span class='ocrx_word' id='word_1_203' title='bbox 414 2803 444 2855; x_wconf 90' lang='lat' dir='ltr'>et</span> <span class='ocrx_word' id='word_1_204' title='bbox 457 2796 562 2856; x_wconf 87' lang='lat' dir='ltr'>Petrus</span> <span class='ocrx_word' id='word_1_205' title='bbox 577 2797 607 2856; x_wconf 93' lang='lat' dir='ltr'>in</span> <span class='ocrx_word' id='word_1_206' title='bbox 622 2797 716 2856; x_wconf 80' lang='lat' dir='ltr'>Actis:</span> <span class='ocrx_word' id='word_1_207' title='bbox 739 2795 921 2856; x_wconf 71' lang='lat' dir='ltr'>”Paeniteat</span> <span class='ocrx_word' id='word_1_208' title='bbox 943 2795 1042 2874; x_wconf 87' lang='lat' dir='ltr'>itaque</span> <span class='ocrx_word' id='word_1_209' title='bbox 1064 2814 1117 2857; x_wconf 88' lang='lat' dir='ltr'>ros</span> <span class='ocrx_word' id='word_1_210' title='bbox 1140 2805 1170 2857; x_wconf 94' lang='lat' dir='ltr'>et</span> <span class='ocrx_word' id='word_1_211' title='bbox 1191 2796 1388 2877; x_wconf 76' lang='lat' dir='ltr'>”resipiscite</span> <span class='ocrx_word' id='word_1_212' title='bbox 1402 2800 1529 2895; x_wconf 59' lang='lat' dir='ltr'>fiftngm</span> 
     </span>
     <span class='ocr_line' id='line_1_23' title="bbox 197 2864 1521 2976; baseline 0.006 -23"><span class='ocrx_word' id='word_1_213' title='bbox 197 2894 254 2953; x_wconf 82' lang='lat' dir='ltr'>td</span> <span class='ocrx_word' id='word_1_214' title='bbox 274 2896 414 2957; x_wconf 89' lang='lat' dir='ltr'>abolenda</span> <span class='ocrx_word' id='word_1_215' title='bbox 438 2896 543 2957; x_wconf 89' lang='lat' dir='ltr'>delicta</span> <span class='ocrx_word' id='word_1_216' title='bbox 566 2906 678 2966; x_wconf 86' lang='lat' dir='ltr'>vestra,</span> <span class='ocrx_word' id='word_1_217' title='bbox 701 2896 775 2958; x_wconf 70' lang='lat' dir='ltr'>”uti</span> <span class='ocrx_word' id='word_1_218' title='bbox 798 2907 932 2974; x_wconf 89' lang='lat' dir='ltr'>tempora</span> <span class='ocrx_word' id='word_1_219' title='bbox 955 2896 1040 2958; x_wconf 90' lang='lat' dir='ltr'>robis</span> <span class='ocrx_word' id='word_1_220' title='bbox 1063 2898 1276 2976; x_wconf 85' lang='lat' dir='ltr'>superveniunt</span> <span class='ocrx_word' id='word_1_221' title='bbox 1298 2899 1387 2960; x_wconf 88' lang='lat' dir='ltr'>relri-</span> <span class='ocrx_word' id='word_1_222' title='bbox 1432 2882 1438 2902; x_wconf 66' lang='lat'><strong>⁹</strong></span> <span class='ocrx_word' id='word_1_223' title='bbox 1485 2864 1521 2908; x_wconf 53' lang='grc' dir='ltr'>(Μ’</span> 
     </span>
     <span class='ocr_line' id='line_1_24' title="bbox 197 2995 1386 3076; baseline 0.007 -23"><span class='ocrx_word' id='word_1_224' title='bbox 197 2995 286 3060; x_wconf 66' lang='lat' dir='ltr'>terii</span> <span class='ocrx_word' id='word_1_225' title='bbox 307 3016 342 3058; x_wconf 84' lang='lat' dir='ltr'>ex</span> <span class='ocrx_word' id='word_1_226' title='bbox 365 3016 495 3075; x_wconf 86' lang='lat' dir='ltr'>persona</span> <span class='ocrx_word' id='word_1_227' title='bbox 517 2997 579 3069; x_wconf 88' lang='lat' dir='ltr'>dei,</span> <span class='ocrx_word' id='word_1_228' title='bbox 615 3009 644 3057; x_wconf 90' lang='lat' dir='ltr'>et</span> <span class='ocrx_word' id='word_1_229' title='bbox 673 2998 769 3056; x_wconf 88' lang='lat' dir='ltr'>mittat</span> <span class='ocrx_word' id='word_1_230' title='bbox 795 2997 1053 3076; x_wconf 84' lang='lat' dir='ltr'>praedesignatum</span> <span class='ocrx_word' id='word_1_231' title='bbox 1082 2996 1197 3059; x_wconf 65' lang='lat' dir='ltr'>³⁴robis</span> <span class='ocrx_word' id='word_1_232' title='bbox 1226 2998 1386 3072; x_wconf 86' lang='lat' dir='ltr'>Christum,</span> 
     </span>
    </p>
   </div>
   <div class='ocr_carea' id='block_1_3' title="bbox 197 3098 1387 3177">
    <p class='ocr_par' dir='ltr' id='par_1_7' title="bbox 197 3098 1387 3177">
     <span class='ocr_line' id='line_1_25' title="bbox 197 3098 1387 3177; baseline 0.006 -23"><span class='ocrx_word' id='word_1_233' title='bbox 197 3103 300 3163; x_wconf 76' lang='lat' dir='ltr'>{mern</span> <span class='ocrx_word' id='word_1_234' title='bbox 323 3108 443 3176; x_wconf 89' lang='lat' dir='ltr'>oportet</span> <span class='ocrx_word' id='word_1_235' title='bbox 463 3098 595 3176; x_wconf 88' lang='lat' dir='ltr'>accipere</span> <span class='ocrx_word' id='word_1_236' title='bbox 618 3098 716 3159; x_wconf 89' lang='lat' dir='ltr'>caelos</span> <span class='ocrx_word' id='word_1_237' title='bbox 738 3098 804 3157; x_wconf 77' lang='lat' dir='ltr'>³³ad</span> <span class='ocrx_word' id='word_1_238' title='bbox 829 3117 924 3176; x_wconf 91' lang='lat' dir='ltr'>usque</span> <span class='ocrx_word' id='word_1_239' title='bbox 946 3106 1081 3177; x_wconf 88' lang='lat' dir='ltr'>tempora</span> <span class='ocrx_word' id='word_1_240' title='bbox 1105 3099 1296 3160; x_wconf 83' lang='lat' dir='ltr'>exhibitionis</span> <span class='ocrx_word' id='word_1_241' title='bbox 1318 3119 1387 3161; x_wconf 90' lang='lat' dir='ltr'>om-</span> 
     </span>
    </p>
   </div>
   <div class='ocr_carea' id='block_1_4' title="bbox 197 3190 1529 3472">
    <p class='ocr_par' dir='ltr' id='par_1_8' title="bbox 197 3190 1529 3472">
     <span class='ocr_line' id='line_1_26' title="bbox 197 3190 1307 3278; baseline 0.005 -24"><span class='ocrx_word' id='word_1_242' title='bbox 197 3190 294 3258; x_wconf 67' lang='lat' dir='ltr'>siun</span> <span class='ocrx_word' id='word_1_243' title='bbox 316 3217 392 3278; x_wconf 88' lang='lat' dir='ltr'>quae</span> <span class='ocrx_word' id='word_1_244' title='bbox 413 3199 530 3259; x_wconf 89' lang='lat' dir='ltr'>locutus</span> <span class='ocrx_word' id='word_1_245' title='bbox 554 3207 601 3257; x_wconf 89' lang='lat' dir='ltr'>est</span> <span class='ocrx_word' id='word_1_246' title='bbox 622 3198 696 3258; x_wconf 87' lang='lat' dir='ltr'>deus</span> <span class='ocrx_word' id='word_1_247' title='bbox 721 3217 772 3257; x_wconf 88' lang='lat' dir='ltr'>ore</span> <span class='ocrx_word' id='word_1_248' title='bbox 796 3207 966 3258; x_wconf 86' lang='lat' dir='ltr'>sanctorum</span> <span class='ocrx_word' id='word_1_249' title='bbox 988 3199 1211 3277; x_wconf 84' lang='lat' dir='ltr'>prophetarum.</span> <span class='ocrx_word' id='word_1_250' title='bbox 1304 3220 1307 3225; x_wconf 92' lang='lat'>·</span> 
     </span>
     <span class='ocr_line' id='line_1_27' title="bbox 298 3296 1529 3377; baseline 0.006 -19"><span class='ocrx_word' id='word_1_251' title='bbox 298 3300 396 3370; x_wconf 74' lang='lat' dir='ltr'>*uuae</span> <span class='ocrx_word' id='word_1_252' title='bbox 419 3299 492 3359; x_wconf 89' lang='lat' dir='ltr'>haec</span> <span class='ocrx_word' id='word_1_253' title='bbox 514 3310 647 3377; x_wconf 88' lang='lat' dir='ltr'>tempora</span> <span class='ocrx_word' id='word_1_254' title='bbox 676 3317 741 3357; x_wconf 83' lang='lat' dir='ltr'>cunr</span> <span class='ocrx_word' id='word_1_255' title='bbox 765 3297 1085 3358; x_wconf 85' lang='lat' dir='ltr'>Thessalonicensibus</span> <span class='ocrx_word' id='word_1_256' title='bbox 1112 3297 1204 3357; x_wconf 91' lang='lat' dir='ltr'>disce.</span> <span class='ocrx_word' id='word_1_257' title='bbox 1248 3296 1387 3375; x_wconf 79' lang='lat' dir='ltr'>Legimus</span> <span class='ocrx_word' id='word_1_258' title='bbox 1405 3320 1529 3375; x_wconf 65' lang='lat' dir='ltr'>captur</span> 
     </span>
     <span class='ocr_line' id='line_1_28' title="bbox 197 3395 1494 3472; baseline 0.002 -18"><span class='ocrx_word' id='word_1_259' title='bbox 197 3396 305 3460; x_wconf 64' lang='lat' dir='ltr'>²Irim:</span> <span class='ocrx_word' id='word_1_260' title='bbox 330 3400 463 3472; x_wconf 88' lang='lat' dir='ltr'>Qualiter</span> <span class='ocrx_word' id='word_1_261' title='bbox 484 3399 619 3460; x_wconf 83' lang='lat' dir='ltr'>conversi</span> <span class='ocrx_word' id='word_1_262' title='bbox 643 3398 709 3457; x_wconf 89' lang='lat' dir='ltr'>sitis</span> <span class='ocrx_word' id='word_1_263' title='bbox 732 3397 768 3458; x_wconf 94' lang='lat' dir='ltr'>ab</span> <span class='ocrx_word' id='word_1_264' title='bbox 790 3396 878 3457; x_wconf 90' lang='lat' dir='ltr'>idolis</span> <span class='ocrx_word' id='word_1_265' title='bbox 902 3396 937 3457; x_wconf 90' lang='lat' dir='ltr'>ad</span> <span class='ocrx_word' id='word_1_266' title='bbox 961 3396 1151 3457; x_wconf 83' lang='lat' dir='ltr'>serviendum</span> <span class='ocrx_word' id='word_1_267' title='bbox 1171 3395 1254 3456; x_wconf 77' lang='lat' dir='ltr'>’rivo</span> <span class='ocrx_word' id='word_1_268' title='bbox 1271 3405 1301 3456; x_wconf 92' lang='lat' dir='ltr'>et</span> <span class='ocrx_word' id='word_1_269' title='bbox 1315 3415 1385 3457; x_wconf 81' lang='lat' dir='ltr'>sero</span> <span class='ocrx_word' id='word_1_270' title='bbox 1399 3395 1494 3441; x_wconf 63' lang='lat' dir='ltr'>Ulm-</span> 
     </span>
    </p>
   </div>
   <div class='ocr_carea' id='block_1_5' title="bbox 197 3448 1487 3577">
    <p class='ocr_par' dir='ltr' id='par_1_9' title="bbox 197 3448 1487 3577">
     <span class='ocr_line' id='line_1_29' title="bbox 197 3448 1487 3577; baseline -0.006 -18"><span class='ocrx_word' id='word_1_271' title='bbox 197 3479 272 3558; x_wconf 71' lang='lat' dir='ltr'>¹eo</span> <span class='ocrx_word' id='word_1_272' title='bbox 292 3499 340 3561; x_wconf 81' lang='lat' dir='ltr'>&#39;et</span> <span class='ocrx_word' id='word_1_273' title='bbox 361 3500 397 3559; x_wconf 87' lang='lat' dir='ltr'>ad</span> <span class='ocrx_word' id='word_1_274' title='bbox 420 3499 633 3577; x_wconf 83' lang='lat' dir='ltr'>expectandum</span> <span class='ocrx_word' id='word_1_275' title='bbox 655 3499 691 3558; x_wconf 70' lang='lat' dir='ltr'>⁴e</span> <span class='ocrx_word' id='word_1_276' title='bbox 713 3496 801 3557; x_wconf 89' lang='lat' dir='ltr'>caelis</span> <span class='ocrx_word' id='word_1_277' title='bbox 829 3496 921 3557; x_wconf 87' lang='lat' dir='ltr'>lilium</span> <span class='ocrx_word' id='word_1_278' title='bbox 950 3497 1033 3569; x_wconf 91' lang='lat' dir='ltr'>eius,</span> <span class='ocrx_word' id='word_1_279' title='bbox 1066 3514 1154 3574; x_wconf 86' lang='lat' dir='ltr'>quent</span> <span class='ocrx_word' id='word_1_280' title='bbox 1176 3495 1331 3557; x_wconf 84' lang='lat' dir='ltr'>suscitarit</span> <span class='ocrx_word' id='word_1_281' title='bbox 1352 3514 1387 3557; x_wconf 82' lang='lat' dir='ltr'>er</span> <span class='ocrx_word' id='word_1_282' title='bbox 1412 3448 1487 3502; x_wconf 48' lang='grc' dir='ltr'><em>Μ</em></span> 
     </span>
    </p>
   </div>
   <div class='ocr_carea' id='block_1_6' title="bbox 197 3629 1387 4954">
    <p class='ocr_par' dir='ltr' id='par_1_10' title="bbox 197 3629 1387 4440">
     <span class='ocr_line' id='line_1_30' title="bbox 197 3629 1385 3714; baseline -0.002 -16"><span class='ocrx_word' id='word_1_283' title='bbox 197 3629 255 3698; x_wconf 58' lang='lat'>[4.</span> <span class='ocrx_word' id='word_1_284' title='bbox 271 3652 460 3714; x_wconf 84' lang='lat' dir='ltr'>repraesentatio</span> <span class='ocrx_word' id='word_1_285' title='bbox 478 3653 523 3709; x_wconf 67' lang='lat' dir='ltr'>cd„</span> <span class='ocrx_word' id='word_1_286' title='bbox 545 3653 573 3699; x_wconf 86' lang='lat' dir='ltr'>de</span> <span class='ocrx_word' id='word_1_287' title='bbox 592 3652 642 3699; x_wconf 85' lang='lat' dir='ltr'>cod.</span> <span class='ocrx_word' id='word_1_288' title='bbox 664 3649 839 3698; x_wconf 71' lang='lat' dir='ltr'>inclementis.</span> <span class='ocrx_word' id='word_1_289' title='bbox 881 3648 1044 3710; x_wconf 83' lang='lat' dir='ltr'>praesentatio</span> <span class='ocrx_word' id='word_1_290' title='bbox 1062 3647 1155 3710; x_wconf 81' lang='lat' dir='ltr'>reliqui.</span> <span class='ocrx_word' id='word_1_291' title='bbox 1210 3646 1249 3695; x_wconf 77' lang='grc'>11.</span> <span class='ocrx_word' id='word_1_292' title='bbox 1268 3646 1385 3697; x_wconf 86' lang='lat' dir='ltr'>iudicabi-</span> 
     </span>
     <span class='ocr_line' id='line_1_31' title="bbox 198 3714 1386 3779; baseline -0.001 -16"><span class='ocrx_word' id='word_1_293' title='bbox 198 3716 328 3767; x_wconf 60' lang='grc' dir='ltr'><strong>ΏΓΔΒΟ.</strong></span> <span class='ocrx_word' id='word_1_294' title='bbox 384 3718 421 3767; x_wconf 83' lang='lat' dir='ltr'>lii.</span> <span class='ocrx_word' id='word_1_295' title='bbox 448 3733 493 3779; x_wconf 85' lang='lat' dir='ltr'>qna</span> <span class='ocrx_word' id='word_1_296' title='bbox 519 3718 621 3767; x_wconf 80' lang='lat' dir='ltr'>BCubcd.</span> <span class='ocrx_word' id='word_1_297' title='bbox 641 3719 692 3765; x_wconf 85' lang='lat' dir='ltr'>cod.</span> <span class='ocrx_word' id='word_1_298' title='bbox 711 3716 884 3773; x_wconf 72' lang='lat' dir='ltr'>inclementis,</span> <span class='ocrx_word' id='word_1_299' title='bbox 905 3721 926 3763; x_wconf 87' lang='lat' dir='ltr'>et</span> <span class='ocrx_word' id='word_1_300' title='bbox 944 3730 1004 3763; x_wconf 84' lang='lat' dir='ltr'>unua</span> <span class='ocrx_word' id='word_1_301' title='bbox 1023 3715 1051 3763; x_wconf 91' lang='lat' dir='ltr'>de</span> <span class='ocrx_word' id='word_1_302' title='bbox 1072 3714 1195 3763; x_wconf 80' lang='lat' dir='ltr'>Vaticanis.</span> <span class='ocrx_word' id='word_1_303' title='bbox 1239 3727 1288 3775; x_wconf 80' lang='lat' dir='ltr'>qno</span> <span class='ocrx_word' id='word_1_304' title='bbox 1313 3714 1386 3763; x_wconf 89' lang='lat' dir='ltr'>modo</span> 
     </span>
     <span class='ocr_line' id='line_1_32' title="bbox 201 3780 1385 3848; baseline -0.004 -15"><span class='ocrx_word' id='word_1_305' title='bbox 201 3781 394 3848; x_wconf 56' lang='grc' dir='ltr'>ι1111111110</span> <span class='ocrx_word' id='word_1_306' title='bbox 418 3787 527 3834; x_wconf 81' lang='lat' dir='ltr'>Vaticani.</span> <span class='ocrx_word' id='word_1_307' title='bbox 583 3785 620 3832; x_wconf 83' lang='lat' dir='ltr'>l&#39;l.</span> <span class='ocrx_word' id='word_1_308' title='bbox 641 3784 842 3832; x_wconf 83' lang='lat' dir='ltr'>resurrectionem</span> <span class='ocrx_word' id='word_1_309' title='bbox 862 3783 931 3831; x_wconf 82' lang='lat' dir='ltr'>libcd.</span> <span class='ocrx_word' id='word_1_310' title='bbox 975 3781 1183 3830; x_wconf 80' lang='lat' dir='ltr'>resuscitationem</span> <span class='ocrx_word' id='word_1_311' title='bbox 1207 3782 1300 3844; x_wconf 75' lang='lat' dir='ltr'>reliqui.</span> <span class='ocrx_word' id='word_1_312' title='bbox 1346 3780 1385 3830; x_wconf 83' lang='grc'><strong>18,</strong></span> 
     </span>
     <span class='ocr_line' id='line_1_33' title="bbox 197 3845 1386 3915; baseline -0.003 -15"><span class='ocrx_word' id='word_1_313' title='bbox 197 3845 410 3902; x_wconf 56' lang='grc' dir='ltr'>ξ8111113111.</span> <span class='ocrx_word' id='word_1_314' title='bbox 445 3854 541 3901; x_wconf 76' lang='lat' dir='ltr'>Addidit</span> <span class='ocrx_word' id='word_1_315' title='bbox 558 3855 657 3915; x_wconf 85' lang='lat' dir='ltr'>primum</span> <span class='ocrx_word' id='word_1_316' title='bbox 675 3852 719 3899; x_wconf 87' lang='lat' dir='ltr'>luc.</span> <span class='ocrx_word' id='word_1_317' title='bbox 734 3851 846 3898; x_wconf 84' lang='lat' dir='ltr'>Pumelius</span> <span class='ocrx_word' id='word_1_318' title='bbox 865 3865 894 3897; x_wconf 73' lang='lat' dir='ltr'>ee</span> <span class='ocrx_word' id='word_1_319' title='bbox 912 3851 963 3898; x_wconf 88' lang='lat' dir='ltr'>cod.</span> <span class='ocrx_word' id='word_1_320' title='bbox 976 3850 1008 3898; x_wconf 89' lang='lat' dir='ltr'>lo.</span> <span class='ocrx_word' id='word_1_321' title='bbox 1021 3849 1149 3897; x_wconf 82' lang='lat' dir='ltr'>Clementia.</span> <span class='ocrx_word' id='word_1_322' title='bbox 1197 3847 1236 3897; x_wconf 75' lang='lat' dir='ltr'>tu.</span> <span class='ocrx_word' id='word_1_323' title='bbox 1256 3861 1386 3896; x_wconf 85' lang='lat' dir='ltr'>consumu-</span> 
     </span>
     <span class='ocr_line' id='line_1_34' title="bbox 197 3914 1385 3978; baseline -0.003 -10"><span class='ocrx_word' id='word_1_324' title='bbox 197 3920 249 3968; x_wconf 57' lang='grc' dir='ltr'>ῆι</span> <span class='ocrx_word' id='word_1_325' title='bbox 268 3920 291 3970; x_wconf 82' lang='lat' dir='ltr'>C.</span> <span class='ocrx_word' id='word_1_326' title='bbox 334 3918 376 3969; x_wconf 82' lang='lat'>20.</span> <span class='ocrx_word' id='word_1_327' title='bbox 395 3919 466 3967; x_wconf 88' lang='lat' dir='ltr'>adicit</span> <span class='ocrx_word' id='word_1_328' title='bbox 485 3921 564 3969; x_wconf 78' lang='lat' dir='ltr'>om.l.</span> <span class='ocrx_word' id='word_1_329' title='bbox 600 3919 686 3966; x_wconf 85' lang='lat' dir='ltr'>adiecit</span> <span class='ocrx_word' id='word_1_330' title='bbox 705 3919 756 3966; x_wconf 83' lang='lat' dir='ltr'>edd.</span> <span class='ocrx_word' id='word_1_331' title='bbox 770 3917 866 3965; x_wconf 83' lang='lat' dir='ltr'>semleri</span> <span class='ocrx_word' id='word_1_332' title='bbox 878 3922 898 3964; x_wconf 89' lang='lat' dir='ltr'>et</span> <span class='ocrx_word' id='word_1_333' title='bbox 909 3916 1026 3978; x_wconf 84' lang='lat' dir='ltr'>leopoldi.</span> <span class='ocrx_word' id='word_1_334' title='bbox 1069 3914 1109 3965; x_wconf 81' lang='lat'>21.</span> <span class='ocrx_word' id='word_1_335' title='bbox 1128 3914 1385 3965; x_wconf 72' lang='lat' dir='ltr'>resurrectionemdli.</span> 
     </span>
     <span class='ocr_line' id='line_1_35' title="bbox 197 3966 1386 4049; baseline -0.005 -13"><span class='ocrx_word' id='word_1_336' title='bbox 197 3966 249 4036; x_wconf 57' lang='lat'>22,</span> <span class='ocrx_word' id='word_1_337' title='bbox 268 3987 379 4048; x_wconf 74' lang='lat' dir='ltr'>galathas</span> <span class='ocrx_word' id='word_1_338' title='bbox 396 3988 450 4047; x_wconf 79' lang='lat' dir='ltr'>tu,</span> <span class='ocrx_word' id='word_1_339' title='bbox 468 4003 511 4049; x_wconf 85' lang='lat' dir='ltr'>pro</span> <span class='ocrx_word' id='word_1_340' title='bbox 529 4002 599 4035; x_wconf 85' lang='lat' dir='ltr'>mure.</span> <span class='ocrx_word' id='word_1_341' title='bbox 640 3985 680 4033; x_wconf 78' lang='lat'>23.</span> <span class='ocrx_word' id='word_1_342' title='bbox 701 3994 819 4031; x_wconf 86' lang='lat' dir='ltr'>metemus</span> <span class='ocrx_word' id='word_1_343' title='bbox 836 3984 923 4043; x_wconf 69' lang='lat' dir='ltr'>Auca,</span> <span class='ocrx_word' id='word_1_344' title='bbox 943 3984 1077 4031; x_wconf 70' lang='lat' dir='ltr'>Fuluniua.</span> <span class='ocrx_word' id='word_1_345' title='bbox 1124 3979 1164 4031; x_wconf 80' lang='lat'>24.</span> <span class='ocrx_word' id='word_1_346' title='bbox 1183 3982 1324 4031; x_wconf 85' lang='lat' dir='ltr'>bonesiioro</span> <span class='ocrx_word' id='word_1_347' title='bbox 1341 3983 1386 4032; x_wconf 79' lang='lat' dir='ltr'>tu.</span> 
     </span>
     <span class='ocr_line' id='line_1_36' title="bbox 197 4035 1386 4112; baseline -0.005 -9"><span class='ocrx_word' id='word_1_348' title='bbox 197 4035 248 4103; x_wconf 58' lang='lat'>25,</span> <span class='ocrx_word' id='word_1_349' title='bbox 268 4056 329 4103; x_wconf 87' lang='lat' dir='ltr'>deus</span> <span class='ocrx_word' id='word_1_350' title='bbox 347 4056 372 4102; x_wconf 79' lang='lat' dir='ltr'>t.</span> <span class='ocrx_word' id='word_1_351' title='bbox 392 4056 437 4103; x_wconf 89' lang='lat' dir='ltr'>duo</span> <span class='ocrx_word' id='word_1_352' title='bbox 459 4055 569 4103; x_wconf 79' lang='lat' dir='ltr'>Vaticani.</span> <span class='ocrx_word' id='word_1_353' title='bbox 622 4051 662 4100; x_wconf 83' lang='lat'>26.</span> <span class='ocrx_word' id='word_1_354' title='bbox 682 4053 747 4100; x_wconf 74' lang='lat' dir='ltr'>etl.</span> <span class='ocrx_word' id='word_1_355' title='bbox 800 4048 841 4098; x_wconf 82' lang='lat' dir='ltr'>tr.</span> <span class='ocrx_word' id='word_1_356' title='bbox 860 4050 1027 4112; x_wconf 83' lang='lat' dir='ltr'>praecepitii.</span> <span class='ocrx_word' id='word_1_357' title='bbox 1085 4046 1126 4098; x_wconf 78' lang='lat'>2⁸.</span> <span class='ocrx_word' id='word_1_358' title='bbox 1145 4050 1284 4098; x_wconf 86' lang='lat' dir='ltr'>mandatum</span> <span class='ocrx_word' id='word_1_359' title='bbox 1303 4055 1386 4097; x_wconf 88' lang='lat' dir='ltr'>custo·</span> 
     </span>
     <span class='ocr_line' id='line_1_37' title="bbox 197 4106 1386 4183; baseline -0.006 -12"><span class='ocrx_word' id='word_1_360' title='bbox 197 4106 254 4171; x_wconf 75' lang='lat' dir='ltr'>¹iri</span> <span class='ocrx_word' id='word_1_361' title='bbox 272 4124 298 4170; x_wconf 86' lang='grc' dir='ltr'>Λ,</span> <span class='ocrx_word' id='word_1_362' title='bbox 340 4119 382 4169; x_wconf 81' lang='lat'>29.</span> <span class='ocrx_word' id='word_1_363' title='bbox 401 4129 487 4183; x_wconf 82' lang='lat' dir='ltr'>potens</span> <span class='ocrx_word' id='word_1_364' title='bbox 506 4122 543 4170; x_wconf 90' lang='lat' dir='ltr'>ub.</span> <span class='ocrx_word' id='word_1_365' title='bbox 580 4127 717 4182; x_wconf 87' lang='lat' dir='ltr'>potentator</span> <span class='ocrx_word' id='word_1_366' title='bbox 735 4119 828 4180; x_wconf 79' lang='lat' dir='ltr'>reliqui,</span> <span class='ocrx_word' id='word_1_367' title='bbox 849 4125 869 4166; x_wconf 82' lang='lat' dir='ltr'>et</span> <span class='ocrx_word' id='word_1_368' title='bbox 887 4124 933 4166; x_wconf 87' lang='lat' dir='ltr'>tres</span> <span class='ocrx_word' id='word_1_369' title='bbox 955 4117 1065 4165; x_wconf 86' lang='lat' dir='ltr'>l&#39;utt&#39;ccui.</span> <span class='ocrx_word' id='word_1_370' title='bbox 1107 4115 1148 4165; x_wconf 86' lang='grc'><strong>30.</strong></span> <span class='ocrx_word' id='word_1_371' title='bbox 1167 4124 1190 4165; x_wconf 86' lang='lat' dir='ltr'>et</span> <span class='ocrx_word' id='word_1_372' title='bbox 1208 4116 1321 4165; x_wconf 87' lang='lat' dir='ltr'>dominus</span> <span class='ocrx_word' id='word_1_373' title='bbox 1340 4115 1386 4164; x_wconf 86' lang='lat' dir='ltr'>do·</span> 
     </span>
     <span class='ocr_line' id='line_1_38' title="bbox 197 4183 1385 4247; baseline -0.008 -10"><span class='ocrx_word' id='word_1_374' title='bbox 197 4187 351 4237; x_wconf 46' lang='lat' dir='ltr'>minantium</span> <span class='ocrx_word' id='word_1_375' title='bbox 382 4187 520 4237; x_wconf 65' lang='grc'><strong>0111301.</strong></span> <span class='ocrx_word' id='word_1_376' title='bbox 584 4186 625 4235; x_wconf 92' lang='grc'>31.</span> <span class='ocrx_word' id='word_1_377' title='bbox 652 4185 771 4233; x_wconf 84' lang='lat' dir='ltr'>Paeniteat</span> <span class='ocrx_word' id='word_1_378' title='bbox 801 4184 882 4247; x_wconf 88' lang='lat' dir='ltr'>itaque</span> <span class='ocrx_word' id='word_1_379' title='bbox 910 4198 952 4232; x_wconf 82' lang='lat' dir='ltr'>ros</span> <span class='ocrx_word' id='word_1_380' title='bbox 980 4183 1053 4232; x_wconf 77' lang='lat' dir='ltr'>lucu.</span> <span class='ocrx_word' id='word_1_381' title='bbox 1079 4189 1124 4232; x_wconf 85' lang='lat' dir='ltr'>tres</span> <span class='ocrx_word' id='word_1_382' title='bbox 1147 4183 1257 4242; x_wconf 84' lang='lat' dir='ltr'>Vuticuui,</span> <span class='ocrx_word' id='word_1_383' title='bbox 1278 4189 1308 4237; x_wconf 80' lang='lat' dir='ltr'>,et</span> <span class='ocrx_word' id='word_1_384' title='bbox 1333 4183 1385 4232; x_wconf 87' lang='lat' dir='ltr'>cod.</span> 
     </span>
     <span class='ocr_line' id='line_1_39' title="bbox 197 4241 1387 4316; baseline -0.008 -10"><span class='ocrx_word' id='word_1_385' title='bbox 197 4241 241 4306; x_wconf 66' lang='lat' dir='ltr'>lo.</span> <span class='ocrx_word' id='word_1_386' title='bbox 258 4256 388 4305; x_wconf 71' lang='lat' dir='ltr'>elenensis.</span> <span class='ocrx_word' id='word_1_387' title='bbox 436 4254 559 4304; x_wconf 85' lang='lat' dir='ltr'>Poeniteat</span> <span class='ocrx_word' id='word_1_388' title='bbox 584 4270 625 4302; x_wconf 79' lang='lat' dir='ltr'>vos</span> <span class='ocrx_word' id='word_1_389' title='bbox 648 4255 742 4316; x_wconf 77' lang='lat' dir='ltr'>reliqui.</span> <span class='ocrx_word' id='word_1_390' title='bbox 802 4249 843 4299; x_wconf 83' lang='lat'>32.</span> <span class='ocrx_word' id='word_1_391' title='bbox 867 4251 1003 4312; x_wconf 89' lang='lat' dir='ltr'>resipiscite</span> <span class='ocrx_word' id='word_1_392' title='bbox 1027 4251 1072 4309; x_wconf 70' lang='lat' dir='ltr'>cd„</span> <span class='ocrx_word' id='word_1_393' title='bbox 1105 4251 1133 4298; x_wconf 88' lang='lat' dir='ltr'>de</span> <span class='ocrx_word' id='word_1_394' title='bbox 1157 4252 1269 4299; x_wconf 73' lang='lat' dir='ltr'>maudut.</span> <span class='ocrx_word' id='word_1_395' title='bbox 1287 4249 1387 4298; x_wconf 80' lang='lat' dir='ltr'>Erusmi.</span> 
     </span>
     <span class='ocr_line' id='line_1_40' title="bbox 197 4313 1386 4386; baseline -0.009 -13"><span class='ocrx_word' id='word_1_396' title='bbox 197 4323 323 4386; x_wconf 67' lang='lat' dir='ltr'>t‘respicite</span> <span class='ocrx_word' id='word_1_397' title='bbox 341 4324 435 4386; x_wconf 83' lang='lat' dir='ltr'>reliqui.</span> <span class='ocrx_word' id='word_1_398' title='bbox 498 4321 539 4370; x_wconf 87' lang='grc'><strong>33.</strong></span> <span class='ocrx_word' id='word_1_399' title='bbox 559 4324 592 4370; x_wconf 86' lang='lat' dir='ltr'>uti</span> <span class='ocrx_word' id='word_1_400' title='bbox 609 4321 652 4370; x_wconf 76' lang='lat' dir='ltr'>AB.</span> <span class='ocrx_word' id='word_1_401' title='bbox 689 4328 715 4367; x_wconf 89' lang='lat' dir='ltr'>ut</span> <span class='ocrx_word' id='word_1_402' title='bbox 732 4320 825 4382; x_wconf 90' lang='lat' dir='ltr'>reliqui.</span> <span class='ocrx_word' id='word_1_403' title='bbox 887 4318 928 4367; x_wconf 79' lang='lat'>34.</span> <span class='ocrx_word' id='word_1_404' title='bbox 946 4317 1014 4366; x_wconf 84' lang='lat' dir='ltr'>robis</span> <span class='ocrx_word' id='word_1_405' title='bbox 1033 4318 1084 4366; x_wconf 82' lang='lat' dir='ltr'>bed.</span> <span class='ocrx_word' id='word_1_406' title='bbox 1120 4316 1191 4364; x_wconf 91' lang='lat' dir='ltr'>nobis</span> <span class='ocrx_word' id='word_1_407' title='bbox 1208 4317 1302 4380; x_wconf 87' lang='lat' dir='ltr'>reliqui.</span> <span class='ocrx_word' id='word_1_408' title='bbox 1344 4313 1386 4364; x_wconf 77' lang='lat'>35.</span> 
     </span>
     <span class='ocr_line' id='line_1_41' title="bbox 197 4389 376 4440; baseline 0.011 -5"><span class='ocrx_word' id='word_1_409' title='bbox 197 4392 235 4440; x_wconf 55' lang='lat' dir='ltr'>hs</span> <span class='ocrx_word' id='word_1_410' title='bbox 255 4405 285 4438; x_wconf 88' lang='lat' dir='ltr'>uc</span> <span class='ocrx_word' id='word_1_411' title='bbox 303 4389 333 4437; x_wconf 88' lang='lat' dir='ltr'>ad</span> <span class='ocrx_word' id='word_1_412' title='bbox 352 4394 376 4438; x_wconf 79' lang='lat' dir='ltr'>A.</span> 
     </span>
    </p>

    <p class='ocr_par' dir='ltr' id='par_1_11' title="bbox 197 4406 1387 4654">
     <span class='ocr_line' id='line_1_42' title="bbox 237 4406 1387 4518; baseline -0.008 -14"><span class='ocrx_word' id='word_1_413' title='bbox 237 4406 431 4518; x_wconf 66' lang='lat' dir='ltr'>qCap.lllllll.</span> <span class='ocrx_word' id='word_1_414' title='bbox 470 4455 740 4512; x_wconf 61' lang='lat' dir='ltr'>lustrationum.</span> <span class='ocrx_word' id='word_1_415' title='bbox 777 4452 887 4511; x_wconf 81' lang='lat' dir='ltr'>QuaeG.</span> <span class='ocrx_word' id='word_1_416' title='bbox 923 4448 1097 4512; x_wconf 80' lang='lat' dir='ltr'>llaecAllGurq.</span> <span class='ocrx_word' id='word_1_417' title='bbox 1142 4445 1276 4498; x_wconf 81' lang='lat' dir='ltr'>2uncli.</span> <span class='ocrx_word' id='word_1_418' title='bbox 1319 4445 1344 4496; x_wconf 84' lang='grc'><strong>3.</strong></span> <span class='ocrx_word' id='word_1_419' title='bbox 1363 4453 1387 4495; x_wconf 88' lang='lat' dir='ltr'>et</span> 
     </span>
     <span class='ocr_line' id='line_1_43' title="bbox 197 4513 1386 4573; baseline -0.01 0"><span class='ocrx_word' id='word_1_420' title='bbox 197 4523 237 4572; x_wconf 64' lang='lat' dir='ltr'>*d</span> <span class='ocrx_word' id='word_1_421' title='bbox 256 4525 330 4573; x_wconf 79' lang='lat' dir='ltr'>ACub.</span> <span class='ocrx_word' id='word_1_422' title='bbox 368 4524 397 4571; x_wconf 89' lang='lat' dir='ltr'>ad</span> <span class='ocrx_word' id='word_1_423' title='bbox 417 4524 481 4572; x_wconf 78' lang='lat' dir='ltr'>etd</span> <span class='ocrx_word' id='word_1_424' title='bbox 517 4529 541 4570; x_wconf 89' lang='lat' dir='ltr'>et</span> <span class='ocrx_word' id='word_1_425' title='bbox 559 4522 596 4571; x_wconf 82' lang='lat' dir='ltr'>iic.</span> <span class='ocrx_word' id='word_1_426' title='bbox 616 4521 787 4570; x_wconf 77' lang='lat' dir='ltr'>tresluticcui.</span> <span class='ocrx_word' id='word_1_427' title='bbox 832 4519 856 4568; x_wconf 81' lang='lat' dir='ltr'>t.</span> <span class='ocrx_word' id='word_1_428' title='bbox 877 4534 890 4567; x_wconf 96' lang='lat' dir='ltr'>e</span> <span class='ocrx_word' id='word_1_429' title='bbox 908 4518 982 4566; x_wconf 86' lang='lat' dir='ltr'>caelis</span> <span class='ocrx_word' id='word_1_430' title='bbox 999 4517 1054 4566; x_wconf 74' lang='lat' dir='ltr'>ded.</span> <span class='ocrx_word' id='word_1_431' title='bbox 1073 4524 1119 4566; x_wconf 84' lang='lat' dir='ltr'>trea</span> <span class='ocrx_word' id='word_1_432' title='bbox 1131 4516 1243 4567; x_wconf 82' lang='lat' dir='ltr'>Vaticani.</span> <span class='ocrx_word' id='word_1_433' title='bbox 1278 4513 1386 4564; x_wconf 86' lang='lat' dir='ltr'>accelis</span> 
     </span>
     <span class='ocr_line' id='line_1_44' title="bbox 197 4592 300 4654; baseline 0 -14"><span class='ocrx_word' id='word_1_434' title='bbox 197 4592 300 4654; x_wconf 61' lang='lat' dir='ltr'>*aliqui</span> 
     </span>
    </p>

    <p class='ocr_par' dir='ltr' id='par_1_12' title="bbox 200 4675 1387 4889">
     <span class='ocr_line' id='line_1_45' title="bbox 242 4675 1387 4752; baseline -0.009 -13"><span class='ocrx_word' id='word_1_435' title='bbox 242 4690 300 4752; x_wconf 85' lang='lat' dir='ltr'>Cap.</span> <span class='ocrx_word' id='word_1_436' title='bbox 318 4689 401 4739; x_wconf 82' lang='lat' dir='ltr'>xxttt.</span> <span class='ocrx_word' id='word_1_437' title='bbox 444 4704 465 4738; x_wconf 84' lang='lat' dir='ltr'>a.</span> <span class='ocrx_word' id='word_1_438' title='bbox 490 4688 520 4738; x_wconf 85' lang='lat' dir='ltr'>ad</span> <span class='ocrx_word' id='word_1_439' title='bbox 538 4688 644 4752; x_wconf 88' lang='lat' dir='ltr'>palmam</span> <span class='ocrx_word' id='word_1_440' title='bbox 662 4688 771 4736; x_wconf 89' lang='lat' dir='ltr'>incrimi·</span> <span class='ocrx_word' id='word_1_441' title='bbox 823 4677 975 4744; x_wconf 61' lang='lat' dir='ltr'>ulasucr‘</span> <span class='ocrx_word' id='word_1_442' title='bbox 992 4697 1041 4732; x_wconf 91' lang='lat' dir='ltr'>non</span> <span class='ocrx_word' id='word_1_443' title='bbox 1055 4683 1092 4732; x_wconf 92' lang='lat' dir='ltr'>uti</span> <span class='ocrx_word' id='word_1_444' title='bbox 1106 4683 1178 4733; x_wconf 88' lang='lat' dir='ltr'>bodie</span> <span class='ocrx_word' id='word_1_445' title='bbox 1196 4682 1298 4745; x_wconf 76' lang='lat' dir='ltr'>legimus</span> <span class='ocrx_word' id='word_1_446' title='bbox 1315 4675 1387 4735; x_wconf 68' lang='lat' dir='ltr'>„tis</span> 
     </span>
     <span class='ocr_line' id='line_1_46' title="bbox 200 4747 1174 4832; baseline -0.003 -30"><span class='ocrx_word' id='word_1_447' title='bbox 200 4754 323 4819; x_wconf 70' lang='lat' dir='ltr'>nationis]</span> <span class='ocrx_word' id='word_1_448' title='bbox 343 4757 383 4806; x_wconf 90' lang='lat' dir='ltr'>Sic</span> <span class='ocrx_word' id='word_1_449' title='bbox 402 4756 473 4832; x_wconf 73' lang='lat' dir='ltr'>iqitur</span> <span class='ocrx_word' id='word_1_450' title='bbox 486 4757 548 4819; x_wconf 90' lang='lat' dir='ltr'>apud</span> <span class='ocrx_word' id='word_1_451' title='bbox 561 4756 697 4818; x_wconf 86' lang='lat' dir='ltr'>apostolum</span> <span class='ocrx_word' id='word_1_452' title='bbox 716 4755 772 4816; x_wconf 75' lang='lat' dir='ltr'>legit</span> <span class='ocrx_word' id='word_1_453' title='bbox 824 4747 881 4800; x_wconf 74' lang='grc' dir='ltr'>ἄνω</span> <span class='ocrx_word' id='word_1_454' title='bbox 899 4748 1050 4812; x_wconf 67' lang='grc' dir='ltr'><strong><em>κλήσεως·“</em></strong></span> <span class='ocrx_word' id='word_1_455' title='bbox 1068 4751 1174 4814; x_wconf 71' lang='lat' dir='ltr'>(lliqalt.)</span> 
     </span>
     <span class='ocr_line' id='line_1_47' title="bbox 201 4813 772 4889; baseline -0.007 -16"><span class='ocrx_word' id='word_1_456' title='bbox 201 4816 339 4886; x_wconf 72' lang='lat' dir='ltr'>Septimius</span> <span class='ocrx_word' id='word_1_457' title='bbox 357 4818 425 4879; x_wconf 77' lang='lat' dir='ltr'>„int</span> <span class='ocrx_word' id='word_1_458' title='bbox 438 4816 470 4870; x_wconf 84' lang='grc' dir='ltr'>τὸ</span> <span class='ocrx_word' id='word_1_459' title='bbox 481 4824 612 4889; x_wconf 72' lang='grc' dir='ltr'>βραβεῖον</span> <span class='ocrx_word' id='word_1_460' title='bbox 628 4821 676 4881; x_wconf 75' lang='grc' dir='ltr'>τῆς</span> <span class='ocrx_word' id='word_1_461' title='bbox 694 4813 772 4885; x_wconf 81' lang='grc' dir='ltr'><em>ἀνεγ-</em></span> 
     </span>
    </p>

    <p class='ocr_par' dir='ltr' id='par_1_13' title="bbox 245 4896 1233 4954">
     <span class='ocr_line' id='line_1_48' title="bbox 245 4896 1233 4954; baseline -0.002 -5"><span class='ocrx_word' id='word_1_462' title='bbox 245 4908 403 4953; x_wconf 76' lang='lat' dir='ltr'>Tsrruttust</span> <span class='ocrx_word' id='word_1_463' title='bbox 415 4923 467 4954; x_wconf 86' lang='lat' dir='ltr'>orr.</span> <span class='ocrx_word' id='word_1_464' title='bbox 479 4923 516 4952; x_wconf 85' lang='lat' dir='ltr'>sn.</span> <span class='ocrx_word' id='word_1_465' title='bbox 529 4922 628 4952; x_wconf 74' lang='lat' dir='ltr'>oeneus.</span> <span class='ocrx_word' id='word_1_466' title='bbox 647 4909 709 4950; x_wconf 87' lang='lat' dir='ltr'>Torn.</span> <span class='ocrx_word' id='word_1_467' title='bbox 719 4906 746 4950; x_wconf 93' lang='lat' dir='ltr'>ll.</span> <span class='ocrx_word' id='word_1_468' title='bbox 1200 4896 1233 4948; x_wconf 78' lang='lat'>32</span> 
     </span>
    </p>
   </div>
   <div class='ocr_carea' id='block_1_7' title="bbox 0 0 1627 5775">
    <p class='ocr_par' dir='ltr' id='par_1_14' title="bbox 0 0 1627 5775">
     <span class='ocr_line' id='line_1_49' title="bbox 0 0 1627 5775; baseline 0 0"><span class='ocrx_word' id='word_1_469' title='bbox 0 0 1627 5775; x_wconf 95' lang='lat' dir='ltr'> </span> 
     </span>
    </p>
   </div>
  </div>
 </body>
</html>
