3242 5775
326 639 388 707 684
578 652 680 705 omnm
701 627 832 698 suornm
852 652 1015 699 rtomnms
1037 627 1233 699 rrrnrn‘trsuuv

172 805 455 879 taxatur-trater,
477 801 527 884 qui
548 801 643 866 maior
663 812 710 867 est
724 802 878 879 omnibus,
899 803 971 867 mihi
987 804 1081 880 dedit;
1103 812 1147 882 ct,
1168 805 1232 886 Ego
1251 812 1282 867 et
1294 814 1380 887 pater
1392 824 1485 870 unum

324 924 438 971 sumus.
471 904 527 966 llic
548 924 617 985 ergo
639 904 696 966 iam
719 906 839 984 gradum
861 904 964 968 volunt
985 906 1074 986 ligere
1096 906 1188 981 stulti,
1210 906 1301 969 immo
1318 908 1411 984 caeci,
1435 909 1483 989 qui

324 1026 385 1070 non
406 1005 537 1078 videant,
563 1005 676 1087 primo,
701 1004 766 1085 Ego
788 1012 820 1068 et
839 1013 937 1086 pater,
970 1007 1096 1070 duorum
1126 1027 1195 1071 esse
1223 1009 1484 1089 significationem,

323 1108 431 1172 debinc
456 1106 487 1170 in
513 1107 693 1180 novissimo,
722 1107 846 1182 Sumus,
879 1126 941 1169 non
962 1105 995 1170 cx'
1018 1107 1105 1171 unius
1134 1128 1203 1172 esse
1223 1129 1371 1190 persona,
1404 1112 1484 1191 quod

272 1275 275 1282 ,
323 1209 475 1293 pluraliter
496 1208 604 1271 dictum
626 1216 690 1281 est3
718 1214 796 1282 tum,
819 1208 897 1288 quod
918 1203 1014 1272 Unum
1036 1228 1157 1285 sumus,
1180 1229 1241 1273 non
1261 1212 1344 1275 Unus
1369 1232 1482 1278 sumus

322 1311 354 1376 st
376 1311 454 1374 enim
476 1310 614 1383 dixisset,
637 1309 747 1371 ¹‘Unus
769 1327 888 1383 sumus,
910 1311 1058 1389 potuisset
1071 1312 1208 1375 adiuvare
1221 1314 1399 1420 sententiam
1415 1315 1482 1377 illo·

323 1433 400 1476 rum.
435 1412 518 1475 Unus
540 1411 617 1473 enim
640 1409 795 1489 singulam
816 1411 932 1483 numeri
954 1411 1125 1491 significatio
1148 1414 1277 1489 ridetur3
1295 1383 1395 1477 adbuc
1417 1436 1481 1479 cnm

324 1517 383 1579 duo
404 1511 556 1576 masculini
579 1512 708 1591 generis.
750 1512 847 1575 Unum
869 1511 939 1574 dicit
959 1513 1083 1577 neutrali
1103 1514 1205 1589 verbo,
1226 1516 1305 1595 qnod
1326 1536 1388 1579 nnn
1412 1537 1482 1598 per·

322 1610 406 1680 tinet
416 1614 452 1677 ad
474 1613 714 1693 singularitatem,
737 1612 790 1675 scd
811 1613 848 1675 ad
869 1613 1021 1686 unitatem,
1043 1615 1079 1676 ad
1101 1614 1332 1692 similitudinem,
1355 1618 1391 1679 ad
1408 1638 1480 1681 con·

322 1717 520 1789 iunctionem,
549 1714 585 1777 ad
607 1714 791 1778 dilectionem
814 1714 925 1810 patris,
954 1715 1003 1795 qui
1025 1715 1117 1777 filium
1139 1715 1246 1798 diligit,
1278 1729 1307 1780 et
1328 1718 1365 1781 ad
1388 1720 1480 1784 obse·

322 1818 422 1902 quium
444 1817 512 1892 tilii,
534 1815 583 1896 qui
605 1815 745 1878 voluntati
766 1816 859 1895 patris
882 1814 1063 1896 obsequitur.
1106 1818 1201 1879 Unum
1225 1836 1344 1892 sumus,
1367 1819 1480 1897 dicens,

322 1939 377 2001 ego
399 1927 429 1982 et
449 1927 547 1999 pater,
571 1916 701 1978 ostendit
722 1917 797 1980 duos
813 1935 896 1989 esse,
918 1936 993 1998 quos
1007 1926 1112 1999 aequat
1125 1927 1155 1980 et
1169 1918 1271 1999 rungrt
1304 1921 1386 1983 adeo
1402 1924 1482 1985 addit

210 1985 412 2094 roxmctiam
438 2019 542 2082 multa
556 2037 590 2080 se
617 2029 706 2098 opera
734 2036 751 2078 a
778 2025 861 2098 patre
888 2019 1071 2093 ostendisse,
1105 2038 1230 2099 quorum
1258 2022 1331 2085 nibil
1358 2022 1481 2103 lapidari

209 2141 242 2188 to.
248 2142 311 2195 naa
324 2129 498 2186 mereretur
530 2120 566 2182 Et
587 2138 625 2182 ne
645 2128 782 2200 putarent
802 2118 870 2181 ideo
891 2137 926 2181 se
946 2119 1025 2180 illum
1047 2120 1177 2200 lapidare
1198 2122 1321 2197 debers,
1345 2125 1481 2205 quasise

323 2223 439 2290 deum
431 2240 545 2303 rpsum,
567 2222 596 2284 id
620 2231 664 2284 est
684 2230 814 2302 patrem,
836 2220 979 2282 voluisset
999 2220 1142 2301 intellegi,
1170 2223 1238 2302 quia
1260 2224 1390 2299 dixerat,
1420 2226 1480 2306 Ego

241 2335 243 2340 '
323 2335 353 2390 οι
372 2334 456 2407 pater
477 2339 567 2384 unum
589 2340 706 2394 sumus,
740 2341 796 2403 qua
818 2322 909 2384 tilium
936 2323 982 2384 dei
1010 2324 1096 2384 deum
1125 2324 1299 2398 ostendens,
1336 2344 1397 2388 non
1426 2347 1481 2408 qua

171 2427 422 2510 axungiponm
443 2425 546 2498 deum,
568 2423 599 2485 Si
621 2423 651 2485 in
673 2423 753 2504 lege,
780 2423 892 2503 inquit,
922 2424 1063 2504 scriptum
1086 2433 1146 2498 est,
1174 2425 1236 2504 Ego
1258 2426 1333 2501 dixi,
1363 2446 1419 2489 vos
1441 2429 1479 2491 dii

323 2529 411 2601 estis,
443 2535 474 2588 et
499 2544 560 2588 non
588 2534 687 2606 potest
719 2524 792 2587 solvi
820 2524 981 2605 scriptura,
1014 2544 1100 2604 quem
1128 2535 1212 2605 pater
1240 2528 1431 2590 sanctificavit
1452 2539 1481 2592 et

217 2683 219 2688 .
322 2629 403 2692 misit
428 2628 458 2688 in
486 2626 643 2700 mundum,
674 2645 728 2688 ros
755 2644 823 2687 eum
852 2625 1053 2706 blasphemare
1080 2626 1193 2701 dicitis,
1229 2629 1297 2707 quia
1330 2629 1479 2704 ”dixcmt

321 2729 413 2792 Filius
435 2728 482 2789 dei
504 2725 595 2790 snm?
630 2727 662 2789 Si
683 2745 744 2789 non
765 2726 839 2788 lacio
855 2745 952 2807 ,opera
973 2726 1065 2806 patris
1086 2729 1160 2802 mei,
1183 2728 1273 2791 nolite
1295 2730 1432 2804 credere,
1454 2731 1479 2792 si

321 2848 391 2895 vcro
413 2828 487 2892 lanio
510 2828 632 2891 etmihi
653 2829 773 2891 credero
794 2845 856 2891 non
877 2827 980 2904 vultis,
1002 2828 1047 2891 rel
1060 2837 1182 2910 propter
1197 2848 1286 2911 opera
1302 2831 1428 2907 credite;
1451 2841 1480 2896 et

322 2932 444 3006 scitote,
472 2929 550 3010 quod
572 2948 626 3009 ego
648 2930 678 2992 in
699 2937 782 3010 patre
803 2930 877 3003 sim,
906 2939 936 2992 et
955 2940 1039 3010 pater
1060 2931 1168 2993 inme.
1216 2932 1274 2993 Per
1297 2951 1387 3012 opera
1409 2952 1478 3013 crgo

321 3033 406 3095 “erit
426 3039 510 3113 pater
530 3032 561 3092 in
582 3030 659 3105 tilio,
682 3040 711 3093 et
731 3030 808 3092 filins
831 3031 861 3093 in
883 3039 981 3111 patre3
1004 3041 1034 3094 et
1052 3032 1092 3094 ita
1111 3051 1164 3112 per
1179 3051 1266 3113 opera
1282 3034 1479 3114 intellegimus

322 3152 413 3198 unum
433 3152 501 3196 esse
522 3130 674 3213 ”patrem
725 3132 805 3195 bdeo
834 3140 928 3194 totum
955 3134 1013 3195 hoc
1037 3134 1244 3214 perseverabat
1264 3134 1420 3212 inducere,
1447 3144 1480 3198 ut

321 3236 381 3299 duo
404 3244 501 3298 tamen
522 3233 712 3296 crederentur
731 3234 762 3296 in
784 3252 842 3296 una
862 3235 983 3309 virtute,
1012 3235 1079 3314 quia
1106 3235 1189 3297 aliter
1216 3236 1293 3299 fitius
1315 3237 1395 3298 credi
1417 3254 1479 3299 non

264 3376 269 3387 ·
321 3347 424 3419 posset
444 3337 503 3399 nisi
523 3334 583 3397 duo
604 3335 803 3397 crederentur.

171 3467 226 3524 0„
237 3464 311 3509 ιιιιι
410 3439 482 3501 Post
503 3438 575 3499 baec
596 3446 692 3499 autem
715 3436 842 3499 ’blartba
869 3437 961 3499 filium
991 3436 1038 3498 dei
1060 3456 1126 3498 eum
1148 3456 1202 3499 con
1205 3439 1283 3498 iessa
1303 3456 1362 3499 non
1383 3439 1480 3518 magis

195 3527 306 3625 Ῑθῃξξῑι,
321 3542 430 3605 crravit
450 3558 536 3619 quam
550 3540 655 3601 Petms
677 3538 894 3614 etNatbanael;
916 3532 1089 3619 quamquam
1110 3547 1140 3601 et
1162 3539 1187 3599 si
1209 3547 1355 3613 errasset,
1378 3541 1478 3602 statim

221 3631 272 3685 ¹⁹¹
278 3631 302 3674 ¹⁶
322 3642 483 3705 didicisset.
524 3639 599 3703 Ecce
627 3639 704 3701 enim
730 3640 766 3701 ad
795 3640 997 3703 suscitandum
1022 3642 1142 3701 tratrem
1172 3639 1233 3702 eius
1256 3659 1272 3700 a
1292 3641 1419 3704 mortuis
1442 3643 1478 3705 ad

172 3743 435 3823 nnmncaetum
450 3750 492 3826 ⁴et
518 3741 555 3803 ad
580 3749 693 3820 patrem
720 3740 857 3803 dominus
886 3742 1068 3822 suspiciens,
1099 3742 1201 3816 Pater,
1234 3741 1344 3821 inquit,
1377 3743 1478 3822 utique

321 3845 416 3919 fliius,
438 3840 545 3922 gratias
567 3859 621 3920 ago
644 3841 713 3915 tibi,
735 3843 889 3922 uuodme
912 3861 1030 3922 semper
1051 3842 1204 3904 exaudias:
1236 3842 1376 3921 ’propter
1404 3844 1477 3905 istas

323 3944 422 4008 turbas
443 3944 664 4005 circumstantes
685 3942 760 4017 dixi,
782 3953 815 4006 ut
835 3944 955 4006 credant
975 3943 1070 4025 ³quod
1092 3953 1124 4005 tu
1139 3962 1187 4004 me
1201 3943 1329 4005 miseris.
1366 3945 1426 4006 Sed
1448 3954 1478 4006 et

170 4046 355 4126 1„m‚n.q.in
376 4043 597 4107 conturbatione
618 4040 804 4135 animaez'Et
825 4045 894 4125 qnid
916 4042 1032 4106 dicam?
1053 4053 1150 4124 pater,
1172 4044 1283 4105 salvum
1304 4063 1353 4105 me
1374 4046 1421 4107 lac
1440 4046 1478 4107 de

322 4147 376 4209 ista
399 4147 486 4208 bora:
507 4145 606 4225 atquin
628 4155 749 4227 propter
769 4147 827 4209 boc
847 4147 913 4208 reni
935 4147 965 4207 in
987 4146 1072 4208 istam
1094 4147 1214 4219 boram;
1242 4164 1359 4220 verum,
1383 4155 1475 4225 pater,

208 4277 306 4329 mg,
321 4248 448 4327 glorifica
471 4265 579 4310 nomen
599 4255 697 4323 tuum,
728 4247 758 4308 in
786 4266 844 4327 quo
874 4256 936 4309 erat
962 4247 1065 4309 *lilius
1108 4247 1186 4327 Ego,
1215 4246 1326 4325 inquit,
1357 4248 1425 4308 reni
1446 4248 1477 4308 in

322 4468 361 4519 ta.
380 4469 448 4518 Pater
464 4469 544 4525 (l‘ater
561 4474 599 4518 est
615 4470 641 4519 l.
659 4469 741 4527 leid),
759 4468 798 4532 qni
817 4468 894 4519 maior
911 4475 949 4517 cst
965 4467 1085 4526 omnibns,
1104 4467 1160 4518 mibi
1180 4466 1245 4516 dedit
1262 4467 1337 4523 (dedit
1355 4468 1412 4517 mibi
1433 4468 1475 4517 Vo-

321 4540 401 4591 ticcni)
418 4539 442 4587 l.
462 4538 535 4597 leid,
554 4545 575 4586 et
592 4544 638 4587 tres
658 4537 765 4586 Vaticani
801 4535 870 4586 Pater
886 4536 950 4585 enim
966 4536 1030 4600 qnod
1050 4537 1107 4586 mibi
1125 4536 1197 4594 dedit,
1215 4538 1292 4584 maius
1310 4543 1346 4583 est
1364 4535 1475 4585 omnibns

319 4606 404 4656 dated.
459 4604 496 4653 tt).
516 4620 576 4654 onus
595 4618 677 4653 snmus
695 4605 718 4653 d.
759 4603 822 4667 qnod
846 4618 908 4653 unns
932 4602 1118 4655 romualdobc.
1137 4604 1200 4653 laid.
1258 4602 1299 4652 20.
1318 4603 1364 4651 dixi
1383 4606 1427 4663 sd,
1447 4605 1475 4653 de

320 4676 414 4725 condect.
433 4674 532 4723 Panaetii.
567 4673 649 4721 dixerit
670 4672 803 4721 Faltonius.
855 4670 895 4721 tt.
913 4679 965 4722 arat
982 4673 1014 4735 ιι,
1033 4687 1084 4723 com
1100 4672 1179 4723 Fuluio
1192 4671 1282 4722 Ursino.
1323 4668 1363 4719 22.
1382 4681 1474 4735 patrem

319 4749 343 4792 et
360 4743 434 4791 lilium
454 4742 485 4800 d.,
505 4755 554 4790 eum
571 4740 649 4790 Fulvio
668 4740 757 4789 Ursino.

387 4810 445 4875 Cap.
463 4807 542 4858 billi.
579 4807 601 4857 1.
619 4806 707 4856 blartba
725 4810 762 4858 cd.
795 4806 866 4858 ilaris
883 4806 976 4873 retinui,
995 4814 1016 4857 et
1032 4807 1097 4859 teia.
1143 4804 1167 4856 2.
1184 4805 1228 4857 ted
1245 4814 1345 4872 propter
1362 4807 1476 4856 latinius.

321 4875 344 4927 3.
363 4879 418 4944 qnia
435 4886 459 4927 tn
476 4880 501 4926 l.
520 4875 583 4925 laid.
634 4874 658 4924 4.
677 4883 700 4925 et
715 4875 778 4925 lilios
796 4876 820 4927 d.
