3242 5775
516 651 664 695 ruvaesus
687 651 859 695 rnneronmr
882 655 938 697 ern.
956 655 982 696 v.
1279 644 1341 706 329

166 803 288 864 tumens
319 800 366 864 illi
394 801 658 864 resurrectionem.
713 802 822 864 Odisse
851 803 974 866 debebis
1009 814 1039 866 et
1067 805 1237 879 ecclesiam,
1270 810 1338 888 quia

161 904 271 981 poinde
302 903 487 982 dihgitura
510 902 641 965 Christo.
691 906 728 964 At
754 904 833 964 enim
863 905 999 967 Christus
1026 908 1135 968 amavit
1162 918 1191 968 et
1217 928 1337 972 earnem

160 1007 221 1068 icat
239 1004 422 1068 ecclesiam.
457 1004 551 1066 Nemo
575 1022 636 1065 uon
651 1005 753 1084 diliget
767 1005 925 1084 imaginem
941 1026 1059 1086 qnoque
1075 1027 1222 1087 sponsae,
1244 1011 1337 1073 immo

157 1117 176 1170 tt
194 1107 340 1170 servabit
360 1106 441 1168 illam
465 1115 496 1167 et
516 1105 675 1168 honorabit
697 1115 728 1165 et
749 1107 913 1170 coronabit.
968 1107 1063 1169 Habet
1084 1109 1247 1172 similitudo
1269 1131 1337 1175 cum

154 1209 322 1272 '‘veritate
349 1207 476 1270 honoris
499 1207 694 1270 consortium.
740 1208 896 1269 Laborabo
920 1228 974 1287 ego
998 1229 1077 1271 nnuc
1099 1212 1224 1273 eundern
1248 1213 1337 1275 deum

148 1311 274 1390 minare
299 1308 463 1370 ”masculi
486 1317 516 1370 et
528 1308 656 1378 Christi,
678 1308 812 1370 mulieris
835 1309 895 1371 ²⁷et
917 1310 1073 1396 ecclesiae,
1097 1313 1194 1374 earnis
1218 1321 1249 1374 et
1271 1315 1337 1395 spi-

145 1415 233 1487 ritns,
258 1413 343 1493 ipso
367 1410 506 1490 apostolo
530 1410 706 1471 sententiam
722 1411 866 1473 creatoris
883 1412 1057 1486 adhibento,
1081 1413 1172 1475 immo
1194 1423 1223 1475 et
1244 1414 1335 1477 ²⁸dis-

145 1523 284 1578 serente:
313 1514 446 1591 Propter
465 1511 569 1572 ”hane
589 1511 738 1591 relinquet
759 1513 850 1574 homo
866 1524 981 1592 patrem
996 1524 1026 1575 et
1040 1522 1181 1588 matrem,
1205 1524 1235 1592 et
1249 1526 1336 1580 erunt
1349 1495 1439 1591 Eiihsi’

143 1616 197 1679 hro
222 1618 258 1678 in
284 1614 414 1674 ³⁰carne
437 1631 505 1676 una.
539 1612 763 1676 Sacramentum
786 1615 1097 1693 hocmagnum³¹est
1130 1616 1339 1681 Sulllcitinter

144 1717 196 1780 'uta
220 1719 252 1780 si
277 1714 435 1780 mentoris
456 1731 562 1792 magua
586 1723 657 1775 snm
684 1716 762 1794 apud
791 1716 959 1795 apostolum
988 1726 1188 1791 sacramenta,
1217 1720 1338 1783 minima

146 1820 220 1899 opud
245 1816 440 1880 haereticos.
473 1816 532 1878 Sed
549 1835 603 1894 ego
619 1826 715 1878 autem
732 1817 812 1890 dico,
836 1818 945 1895 inquit,
969 1818 999 1877 in
1015 1818 1165 1879 Christum
1187 1828 1217 1879 et
1238 1822 1335 1883 eccle·
1348 1831 1404 1878 hid.

149 1922 231 1982 dam.
296 1917 426 1979 ³²Habet
462 1918 754 1997 interpretationem,
792 1937 854 1979 nou
890 1918 1109 1997 separationem
1148 1923 1335 1985 sacramenti.
1430 1992 1433 1998 Δ

149 2019 327 2084 ’Ostendit
359 2021 482 2098 liguram
516 2020 690 2080 sacramenti
724 2020 760 2080 ab
789 2040 825 2080 oo
854 2020 1124 2099 praeministratam
1155 2021 1239 2083 cuius
1274 2034 1338 2087 erat

153 2123 250 2203 nique
276 2131 513 2183 sacramentum.
545 2122 622 2194 Quid
639 2122 755 2182 ridetur
767 2120 931 2182 blmcioni?
961 2121 1084 2183 Creator
1098 2122 1216 2201 quidem
1232 2125 1335 2203 ignoto

143 2223 206 2288 ‘ho
229 2226 351 2304 figuras
374 2222 615 2301 praeministrare
643 2241 704 2284 non
732 2224 845 2303 potuit,
879 2223 968 2284 etiam
996 2223 1063 2301 qnia
1092 2223 1276 2299 adversario,
1307 2227 1334 2287 si

160 2335 236 2387 roto.
272 2324 359 2385 Deus
382 2324 520 2403 superior
542 2324 578 2384 ab
601 2324 743 2386 inferiore
766 2335 795 2385 et
810 2325 846 2385 ad
860 2325 1076 2386 destruendum
1091 2324 1192 2403 potius
1208 2327 1335 2388 mutuari

164 2426 228 2488 nihil
256 2423 375 2487 debuit.
419 2425 617 2488 ³⁴Obaudiant
645 2435 673 2487 et
702 2426 876 2504 parentibus
906 2426 968 2486 lilii.
1019 2425 1094 2487 Nam
1122 2426 1178 2487 etsi
1206 2427 1337 2489 Marcion
1350 2440 1470 2495 pr.vt,t.

167 2525 296 2599 modic,
329 2526 395 2587 lloc
423 2534 471 2586 est
499 2530 576 2588 enim
606 2527 734 2607 primum
764 2528 793 2588 in
821 2527 1023 2607 promissione
1051 2537 1257 2607 praeceptum,
1291 2523 1459 2621 lessffld·

171 2627 306 2707 huntur,
328 2628 452 2689 llonora
467 2638 581 2707 patrem
598 2638 627 2690 et
642 2638 781 2702 matrem,
804 2638 849 2701 et,
872 2630 1032 2701 Parentes,
1056 2630 1183 2691 enutrite
1205 2630 1282 2692 lilios
1305 2630 1335 2693 in
1350 2628 1464 2734 ξξὴῑξῃ

176 2727 314 2809 diciplina
337 2738 367 2790 et
389 2730 579 2808 correptione
602 2730 724 2792 domini.
758 2730 872 2791 Audisti
896 2732 974 2792 enim
997 2739 1027 2793 et
1047 2731 1198 2794 veteribus
1213 2732 1334 2805 dictum,
1439 2713 1471 2732 '⁸

178 2827 324 2893 durabitis
348 2831 421 2892 haec
442 2831 472 2892 in
494 2832 615 2894 auribus
637 2832 764 2895 filiorum
789 2841 973 2901 vestrorum.
1004 2843 1034 2895 et
1056 2833 1106 2894 lilii
1129 2835 1220 2895 vestri
1242 2852 1336 2915 aeque
1350 2849 1476 2899 monne.

105 2970 115 3003 ;
182 2929 363 2994 'u‘aurihus
385 2932 514 2994 tiliorum
537 2953 670 2995 suorum.
724 2935 878 3007 Quoiam
906 2936 977 2995 mibi
1001 2935 1076 2997 duos
1100 2936 1192 3008 deos,
1224 2937 1249 2997 si
1278 2954 1372 2998 una·

105 3072 120 3115 3
186 3034 410 3113 mdisdptina?
444 3035 479 3096 Et
502 3035 527 3095 si
550 3036 608 3096 duo
632 3044 716 3108 sunt,
740 3035 822 3096 illum
846 3056 954 3114 serpunt
969 3037 1018 3115 qni
1035 3038 1116 3115 prior
1132 3037 1240 3098 docuit.
1276 3038 1335 3099 Sed

190 3132 306 3197 tirersue
324 3124 569 3198 'munditenentes
592 3137 710 3198 luctatio
735 3137 761 3196 si
784 3137 887 3207 nobis,
913 3157 930 3196 o
952 3139 1051 3216 (pinanti
1075 3139 1132 3199 iam
1154 3137 1225 3199 ³⁶dii
1248 3159 1332 3200 orea-
1348 3154 1481 3208 spontin

192 3235 264 3296 ures!
294 3239 352 3299 Cur
374 3238 454 3298 enim
477 3257 538 3298 non
561 3238 661 3298 ethoc
677 3238 838 3310 vindicem,
862 3257 952 3298 unum
969 3239 1221 3299 munditenentem
1237 3241 1336 3301 nomi-

106 3372 148 3423 ‚3
197 3335 241 3395 uri
257 3337 407 3407 debuisse,
430 3340 458 3401 si
480 3349 643 3401 creatorem
666 3340 850 3417 significahat
871 3341 955 3400 cuius
979 3347 1081 3415 esseut
1096 3356 1169 3416 quas
1185 3341 1339 3417 praemisit

105 3480 152 3525 μ.
199 3440 350 3508 mures?
394 3442 490 3502 Porro
513 3460 579 3501 cum
603 3459 692 3519 supra
715 3441 834 3518 quidem
862 3441 984 3502 induere
1006 3459 1062 3501 nos
1085 3438 1183 3499 iubeat
1205 3449 1335 3501 armatu·
1354 3435 1451 3499 muri.

124 3577 144 3587 --
204 3538 361 3621 lmiuqua
384 3552 497 3603 stemus
519 3541 555 3602 ad
579 3542 810 3603 machinationes
841 3542 965 3613 diaboli,
995 3536 1052 3601 iam
1077 3540 1208 3602 ostendit
1229 3541 1339 3603 diaboli

121 3674 164 3724 55-
207 3650 250 3696 Ψ
266 3660 329 3719 quae
350 3643 467 3704 diabolo
492 3642 659 3721 subiungit,
691 3652 856 3723 potestates
887 3653 915 3703 et
938 3642 1176 3703 munditenentes
1200 3642 1338 3704 tenebra·

106 3772 165 3833 ’.ἰ-,ε
211 3748 252 3797 Μ
272 3740 396 3815 istarum,
431 3763 507 3822 quae
535 3753 565 3804 et
592 3762 648 3804 nos
676 3744 793 3807 diabolo
823 3745 1007 3824 deputamus.
1062 3745 1120 3804 hut
1149 3744 1174 3804 si
1204 3742 1339 3807 diabolus

214 3846 290 3900 “utor
314 3855 368 3918 est,
402 3846 468 3925 quis
496 3845 554 3906 erit
581 3844 715 3907 diabolus
744 3846 822 3925 apud
844 3843 1033 3907 creatorem?
1073 3846 1117 3905 dn
1146 3844 1251 3907 ³7sicut
1280 3846 1338 3908 duo

106 3928 114 3936 ¹
161 4024 182 4033 ..
217 3926 270 4010 Ἢ,
286 3941 317 4005 ita
335 3956 361 4007 et
382 3948 441 4007 duo
465 3946 591 4019 diaboli,
615 3957 644 4008 et
661 3948 814 4026 pluraliter
836 3956 1000 4026 potestates
1023 3957 1053 4007 et
1074 3946 1339 4009 munditenentes?

110 4030 182 4126 ἵζ’,
221 4026 396 4135 itiquomodo
420 4058 535 4109 creator
558 4057 585 4107 et
608 4048 743 4109 diabolus
766 4057 795 4107 et
818 4047 891 4108 deus
913 4048 1006 4120 idem,
1030 4067 1096 4109 cnm
1119 4047 1254 4109 diabolus
1276 4068 1337 4109 non

106 4140 107 4149 ’
131 4134 156 4203 'n
173 4224 188 4245 -.
226 4127 309 4237 'ittet
326 4148 392 4210 dens
416 4158 445 4209 et
467 4148 628 4210 diabolus?
664 4153 722 4210 hut
743 4150 821 4210 enim
845 4149 931 4208 ambo
955 4158 983 4208 et
1006 4148 1069 4222 dei,
1094 4149 1120 4208 si
1141 4148 1256 4209 ³‘lambo
1280 4150 1338 4209 iam

229 4224 307 4315 fidel,
333 4261 377 4312 aut
404 4252 453 4330 quii
482 4252 556 4312 deus
585 4251 633 4312 bic
661 4251 718 4312 ⁴⁰et
745 4269 805 4311 non
834 4249 985 4323 diabolus,
1024 4249 1100 4311 siout
1128 4268 1183 4311 nec
1205 4249 1340 4311 diabolus

134 4397 268 4494 'u

122 4586 141 4599 ,Α
173 4568 195 4600 3.
236 4503 337 4581 alhierli
351 4542 470 4593 (masculis
488 4541 524 4599 B.)
549 4548 573 4588 ot
591 4540 713 4589 Christum
731 4538 775 4588 BC.
829 4537 1030 4588 ineramus.
1089 4537 1130 4587 28.
1153 4539 1340 4588 differentem.

123 4605 139 4615 ‘
238 4571 473 4690 {mmeramme
527 4606 568 4657 29.
587 4608 633 4656 hoc
652 4609 687 4657 cd.
745 4606 785 4655 30.
806 4607 829 4654 in
848 4621 944 4655 earnem
964 4621 1034 4656 uuam
1053 4608 1089 4656 cd.
1143 4605 1184 4656 31.
1203 4607 1340 4656 estomll.

280 4462 348 4516 'hilde
364 4472 461 4521 honoris
480 4475 511 4532 d.,
523 4473 701 4521 Fuluilrrinus.
737 4472 829 4519 virtutis
848 4472 940 4519 honore
953 4469 978 4520 B.
1013 4471 1118 4520 veritatis
1136 4471 1228 4520 honore
1247 4473 1340 4535 reliqui.

198 4684 200 4689 .
271 4648 323 4711 m„

126 4731 134 4748 ἱ,
162 4696 182 4731 t·
240 4699 312 4773 nobb.
337 4670 446 4727 &nonus
465 4679 489 4724 in
506 4692 577 4751 uturp.
597 4678 633 4725 cd.
650 4677 724 4738 prino.
770 4673 811 4722 33.
830 4674 921 4723 Audisti
940 4675 1060 4725 Rhenanus
1079 4677 1193 4738 inmorp.
1212 4677 1249 4725 ed.
1265 4676 1341 4737 prim.

129 4788 164 4815 t
242 4768 278 4820 ἦ,
307 4731 402 4803 ΜΒ.
453 4743 493 4793 35.
513 4743 612 4792 curribus
631 4743 672 4793 dd.
708 4757 779 4791 aures
798 4743 890 4805 reliqui.
942 4741 983 4793 36.
1002 4742 1041 4791 dei
1060 4759 1080 4793 c.
1132 4742 1172 4790 3Ί.
1192 4741 1340 4791 sicutabcd.

243 4794 324 4909 'mh
351 4809 424 4860 titt.
476 4811 516 4861 33.
535 4812 573 4862 dei
592 4813 628 4862 cd.
673 4810 713 4860 39.
733 4810 804 4858 ambo
824 4810 870 4858 iam
890 4812 956 4859 obed.
975 4812 1114 4861 deniensis.
1151 4811 1197 4859 iem
1217 4808 1259 4857 ΒΓ.
1299 4805 1340 4855 40.
