3242 5775
304 626 366 693 702
650 639 771 685 mosara
791 638 964 684 scelerosus
985 636 1126 682 manuos

303 811 420 857 merum
446 801 561 853 nocer.
609 790 792 851 Percurrunt
818 789 867 851 isti
893 787 961 866 Ὠ,
993 789 1039 864 Ψ,
1068 790 1118 863 Χ,
1149 791 1198 864 Φ,
1233 791 1277 865 Υ,
1311 791 1359 865 T,
1392 795 1481 850 totnn

302 909 400 973 nsque
421 891 458 954 ad
480 891 551 967 Ἀ,
573 891 633 968 Bi,
657 900 687 953 et
707 897 880 969 computant
900 887 1052 968 ogdoadas
1073 896 1104 949 et
1117 887 1258 950 decadas.
1295 888 1363 951 ‘lta
1378 890 1481 951 anem

303 994 422 1056 illorum
445 1010 550 1054 omnes
571 991 714 1054 vanitates
735 991 783 1052 ⁷et
803 991 936 1069 ineptum
959 989 999 1052 sit
1020 997 1050 1050 et
1071 989 1212 1051 otiosum.
1266 988 1361 1063 Quod
1390 998 1483 1052 umen

303 1112 366 1158 non
387 1103 501 1156 tantum
521 1093 580 1154 iam
601 1111 723 1165 vanum,
746 1091 799 1154 sed
822 1091 910 1153 etiam
930 1090 1131 1171 periculosum
1147 1091 1203 1165 sit,
1225 1090 1380 1153 alterum‘
1401 1091 1484 1152 deum

304 1196 419 1276 lingunt
444 1201 563 1274 praeter
589 1202 768 1265 creatorem,
801 1191 952 1253 Christum
980 1191 1011 1251 in
1040 1176 1206 1252 substantia
1233 1192 1371 1272 'negant
1391 1191 1485 1255 earnis

304 1297 414 1370 titisse,
436 1303 546 1374 negant
566 1295 662 1355 earnis
683 1292 933 1355 resurrectionem
954 1293 1093 1353 suturam.

189 1426 288 1485 021,st
389 1395 508 1457 Accedit
530 1395 577 1455 his
600 1394 716 1455 Cerdon
738 1393 868 1472 quidam.
912 1392 968 1454 llic
988 1391 1149 1454 introducit
1169 1392 1254 1455 initia
1277 1392 1361 1466 duo,
1391 1394 1486 1456 idest

306 1498 387 1559 duos·
406 1497 497 1569 deos,
525 1513 616 1557 unum
637 1494 748 1555 honum
771 1502 800 1584 et
823 1493 948 1555 altorum
977 1511 1114 1565 saeuum,
1142 1492 1255 1555 honum
1285 1496 1486 1578 superiorem,

306 1615 427 1659 merum
448 1596 528 1657 hunc
548 1595 650 1656 mundi
671 1603 848 1656 creatorem.
895 1594 950 1655 llic
971 1594 1144 1674 prophetias
1167 1604 1197 1656 et
1216 1594 1319 1674 legem
1344 1596 1485 1676 repudiet

307 1698 364 1759 dao
386 1696 512 1759 creatori
534 1696 699 1768 renuntiat,
732 1695 899 1774 superioris
920 1694 968 1756 dei
990 1695 1082 1756 lilium
1104 1694 1255 1756 Christum
1278 1696 1410 1758 venism
1430 1705 1484 1758 tra·

308 1806 382 1870 ctat,
412 1797 491 1858 hunc
512 1796 543 1857 in
566 1796 731 1858 substantia
753 1797 851 1858 carnis
874 1804 978 1874 negat,
1007 1797 1037 1856 in
1064 1795 1271 1874 phantasmate
1300 1797 1376 1858 solo
1398 1797 1485 1859 luisse

306 1898 497 1979 pronuntiat,
520 1915 576 1958 nec
597 1896 719 1957 omnino
741 1915 881 1975 passum,
904 1897 955 1958 sed
978 1896 1061 1976 quasi
1083 1915 1221 1975 passum,
1245 1914 1306 1958 nec
1326 1915 1366 1959 ex
1380 1897 1485 1976 virgine

244 2016 251 2023 ·
306 2006 426 2072 natum,
459 1999 512 2059 sed
535 1998 657 2059 omnino
679 2016 735 2060 nec
762 2008 874 2060 natum.
924 1998 1184 2059 Resurrectionem
1212 1998 1336 2059 animae
1361 2005 1483 2060 nutum

308 2100 398 2162 modo
420 2098 544 2179 probat,
568 2099 703 2177 corporis
725 2107 823 2178 negat.
860 2098 963 2160 Solum
980 2098 1162 2176 evangelium
1177 2097 1294 2172 Lucae,
1320 2117 1382 2160 nec
1395 2108 1484 2160 nmen

307 2207 403 2263 totum
425 2199 539 2277 recipit.
583 2200 736 2279 *Apostoli
758 2199 841 2261 Pauli
869 2217 966 2278 neque
993 2217 1097 2259 omnes
1119 2217 1216 2278 neque
1239 2207 1324 2260 totas
1349 2200 1484 2281 epistolas

307 2301 406 2364 sumit.
451 2301 521 2362 lota
543 2300 753 2379 Apostolorum
776 2308 807 2360 et
828 2300 1033 2379 Apocalypsim
1066 2299 1150 2378 quasi
1178 2300 1251 2360 falsa
1273 2301 1377 2363 reicit.
1421 2301 1485 2363 Post

302 2400 387 2465 hunc
408 2400 571 2481 discipulus
601 2401 694 2480 ipsius
721 2399 844 2462 emersit
865 2399 993 2461 Marcion
1021 2400 1138 2479 quidam
1168 2400 1311 2473 nomine,
1348 2401 1482 2463 Ponticas
1521 2365 1523 2432 1

308 2519 425 2582 genere,
448 2501 580 2580 episcopi
595 2500 685 2573 filius,
707 2510 831 2580 propter
844 2509 981 2580 stuprum
996 2500 1147 2562 cuiusdam
1163 2501 1312 2580 virginis·
1335 2502 1375 2563 ah
1396 2502 1482 2564 eade

308 2602 371 2665 siae
393 2601 660 2664 communicatione
682 2602 824 2664 abiectus.
874 2601 930 2663 llic
957 2620 992 2663 ex
1021 2602 1178 2663 occasione
1205 2620 1263 2680 qua
1295 2602 1414 2664 dictum
1439 2602 1481 2671 ait,

220 2691 295 2786 m
309 2701 416 2764 Omnis
437 2702 527 2765 arhor
548 2702 625 2763 hona
646 2703 874 2764 honostrucrus
890 2702 972 2775 lacit,
996 2702 1070 2764 mala
1085 2709 1181 2763 autern
1198 2702 1316 2776 matos,
1340 2703 1481 2765 haeresin

211 2792 294 2846 '¹¹¹⁰'
309 2801 454 2865 Cerdonis
475 2802 640 2881 approhare
661 2805 785 2865 cou'atus
807 2812 865 2875 est,
887 2803 939 2865 'ot
960 2804 1062 2864 eadem
1082 2803 1212 2864 diceretb
1234 2821 1315 2881 quae
1330 2804 1382 2866 ille
1398 2822 1480 2884 supe·

261 2946 268 2961 .
308 2903 373 2966 n'or
400 2903 567 2966 haereticus
595 2913 662 2965 ante
691 2904 815 2967 dixerat.
868 2904 978 2967 Extitit
997 2913 1066 2983 post
1094 2904 1173 2966 hunc
1193 2904 1338 2967 Lucanus
1369 2905 1480 2986 quiden

308 3003 446 3076 nomine,
480 3003 638 3064 Marcionis
667 3014 798 3087 sectator¹
829 3014 917 3085 atqua
944 3004 1123 3084 discipulus,
1163 3012 1193 3066 et
1220 3005 1270 3066 hic
1300 3024 1358 3085 per
1386 3006 1479 3069 eaden

307 3103 647 3183 vadeushlaspherniae
675 3123 783 3183 genera
811 3106 914 3166 eadem
943 3106 1030 3167 docet
1057 3124 1131 3184 quae
1152 3105 1285 3167 Marcion
1317 3107 1478 3169 etesiaca

308 3202 479 3267 docuerant.
533 3205 607 3266 Post
634 3205 709 3268 'hos
736 3206 929 3286 subsequitur
955 3206 1086 3285 Apelles,
1124 3206 1289 3286 discipulus
1318 3207 1478 3275 Mardonia

308 3355 334 3407 4.
353 3370 368 3407 n
386 3365 395 3406 t
412 3372 426 3406 n
444 3372 459 3420 q
478 3364 503 3405 ul
521 3359 546 3407 l.
604 3358 628 3407 5.
648 3359 774 3422 alphabeta
793 3359 836 3408 AB.
877 3358 954 3421 Alpha
976 3358 1032 3407 Pela
1057 3360 1123 3408 oded.
1185 3357 1208 3407 6.
1233 3358 1265 3406 ita
1294 3368 1321 3409 nt
1346 3360 1477 3411 afferres&

308 3423 334 3474 ¹l.
352 3432 376 3474 at
393 3424 499 3488 ineptum
517 3426 552 3484 A,
573 3425 706 3474 fatumue
744 3434 768 3474 ut
787 3427 893 3489 ineptum
913 3426 968 3476 aue.
1005 3426 1110 3488 ineptum
1130 3427 1166 3475 ed.
1218 3424 1242 3474 8.
1261 3436 1356 3488 negant
1374 3429 1452 3479 ΜΔ.

376 3491 435 3556 Cap
454 3492 490 3541 lll.
541 3492 563 3541 l.
582 3493 699 3555 epistolas
719 3493 784 3542 Pauli
803 3493 951 3556 apostolia.
1010 3492 1362 3556 normannicarum.
1406 3496 1477 3545 eade·

307 3556 399 3676 picerel
415 3561 440 3609 t.
482 3560 565 3609 eadem
585 3560 665 3609 dicere
683 3560 767 3610 Bulcd.
810 3560 895 3609 eadem
913 3560 996 3610 dicens
1014 3561 1063 3618 (cat
1082 3560 1214 3624 cademque
1232 3560 1327 3622 dicere)
1347 3563 1389 3614 Pr.
1400 3565 1476 3614 tutu.

325 3625 414 3676 .hunc
430 3629 456 3676 Α.

341 3759 400 3822 Cap.
420 3758 445 3808 ll.
485 3775 507 3808 a.
532 3761 620 3810 hahere
638 3776 720 3811 secum
740 3775 866 3810 numerum
919 3775 1001 3810 corum
1022 3768 1045 3809 et
1063 3762 1131 3811 llhris
1151 3762 1266 3810 aduersos
1286 3762 1372 3825 ipsura
1389 3763 1478 3813 harde

306 3820 418 3890 necet]
452 3827 569 3876 Palmaria
593 3828 640 3877 los.
665 3829 781 3889 Scaligeri
808 3829 868 3877 haec
918 3842 982 3886 nem,
1001 3828 1040 3876 uhi
1059 3830 1089 3877 de
1107 3831 1181 3878 eiecto
1197 3829 1320 3878 Marcione
1340 3845 1372 3881 ac
1389 3831 1479 3881 deeiat
1521 3832 1523 3837 ’

306 3898 344 3942 eal
361 3892 506 3951 emendatio,
525 3897 696 3957 quamrecepi.
728 3896 868 3945 Beuumeri
918 3896 1013 3956 flagitiis
1032 3897 1135 3959 plurima
1160 3896 1267 3953 disserit,
1294 3900 1478 3961 stuprataeair·

305 3958 373 4009 illins
399 3960 492 4008 ratione
516 3974 536 4008 r.
555 3960 668 4010 Grahium
693 3962 722 4011 ad
742 3963 867 4013 Irenaeum
919 3963 980 4023 ginis
999 3977 1046 4011 non
1066 3965 1180 4012 meminit.
1214 3964 1284 4012 Unde
1302 3965 1480 4027 opinariliaett
1521 3980 1523 4065 p

306 4024 326 4087 l,
339 4024 375 4075 tt.
395 4041 419 4089 p.
429 4026 470 4074 71.
919 4031 1011 4078 huncce
1030 4030 1163 4090 catalogum
1176 4031 1360 4081 haereticorum
1375 4046 1426 4083 noa
1435 4045 1480 4081 ene

342 4118 366 4166 b·
385 4132 461 4180 usque
480 4116 508 4167 ,d
528 4116 550 4164 Α
578 4114 612 4184 Β]
639 4119 665 4170 Μ
684 4129 721 4170 ⁰⁸1
744 4136 821 4186 usque
839 4118 894 4170 ad·
919 4097 1069 4146 Tertulliani.
1103 4098 1163 4147 Nam
1182 4104 1205 4145 et
1224 4097 1289 4146 libro
1309 4098 1346 4148 lle
1367 4100 1479 4150 Praestat·

308 4184 401 4234 initium
422 4185 495 4233 popu,
513 4155 614 4236 ord'im
919 4164 1003 4241 ptione
1021 4165 1200 4214 llaereticorum
1211 4164 1413 4243 llarcionenm
1429 4180 1479 4216 oea·

262 4292 265 4297 ·
340 4291 361 4324 c
380 4274 494 4339 alterum]
512 4279 868 4340 Vulgatadiatirretio‚,etotio-
920 4232 1479 4366 tffiwgrfflzagficdzurssnnplssizecssimg
1521 4256 1523 4261 Α

304 4356 369 4403 mh
394 4345 458 4406 ΨΜ
478 4354 560 4422 ,limen
586 4361 634 4423 {¹⁰¹¹
653 4354 743 4424 linum,
762 4349 808 4396 ¹³⁰¹
828 4362 868 4395 '¹'
919 4381 972 4414 rum
992 4367 1106 4414 aduersus
1124 4368 1212 4428 ipsum.
1248 4366 1373 4417 lrenaeua
1394 4380 1480 4434 quaen

305 4412 434 4467 ”umam
453 4419 523 4461 ‘¹¹³¹ss
542 4414 706 4475 P⁰¹¹⁰¹¹¹⁰⁵¹¹¹¹¹
725 4422 763 4462 ⁸¹¹·
802 4414 867 4462 3¹¹⁰·
920 4441 986 4481 notat
1005 4433 1286 4496 llarcionisdiscipulos
1311 4437 1479 4486 continentie·

305 4477 378 4555 ''3¹¹¹“
408 4486 462 4527 ⁰0¹¹·
495 4494 600 4556 (ΜΘΝ,
625 4482 711 4529 h⁰f1¹¹¹¹
739 4481 866 4531 'mmmm
918 4515 1006 4548 nomeu
1036 4515 1181 4564 usurpasse,
1212 4502 1313 4565 nuptias
1350 4504 1478 4554 danuam
1521 4532 1523 4549 .

304 4543 481 4594 disturbarent
498 4555 650 4596 senteutiam.
918 4567 1027 4628 (pisan.)

340 4628 454 4692 Capvt.
497 4645 518 4677 a.
537 4639 638 4692 propter
655 4640 764 4694 stuprum
784 4633 866 4681 cuins·
952 4635 975 4683 h.
994 4642 1019 4682 ut
1037 4634 1120 4683 eadem
1139 4629 1243 4700 diceret]
1269 4636 1332 4685 Cum
1354 4635 1481 4686 libertae

302 4695 358 4745 dam
384 4692 493 4760 virginis]
521 4697 585 4746 llaec
608 4700 678 4746 etiam
704 4707 785 4748 narrat
808 4700 866 4761 Epi·
916 4699 998 4750 densis
1017 4702 1114 4750 haberet
1132 4703 1227 4762 diceret,
1252 4718 1303 4752 non
1323 4705 1480 4754 dubitarim·

304 4763 408 4826 phanius
433 4760 544 4826 [llaeres.
564 4762 689 4830 hLll,l.].
734 4766 866 4828 Septimius
917 4783 1007 4831 ponere
1027 4767 1220 4831 utparticulam.
1259 4769 1398 4823 infinitivus
1423 4771 1480 4821 eni·

304 4836 385 4880 tameo
404 4831 466 4879 lihro
480 4831 527 4880 tue
546 4831 738 4896 Praescriptione
757 4833 865 4882 lluereti·
917 4849 988 4899 quom
1008 4836 1089 4885 dicunt
1108 4835 1186 4884 finalis
1207 4837 1230 4885 h.
1242 4836 1259 4886 l.
1280 4839 1369 4890 durior
1388 4846 1458 4891 esset.

1518 5000 1523 5283 Ι
