3242 5775
583 638 733 684 anmnsos
756 639 901 685 seusun.
1268 629 1332 695 (507

152 807 238 862 mus,
262 796 308 862 et,
330 788 487 864 Nostram,
509 799 554 863 et,
576 775 787 854 Nobis‘lcum
808 789 917 871 quibus
932 790 1012 852 enim
1031 790 1157 853 faciebat
1170 783 1354 870 bominem,'

153 899 185 953 et
211 889 324 969 quibus
351 889 476 952 faciebat
504 890 658 954 similem?
699 891 793 954 'Filio
823 892 960 971 quidem,
993 893 1044 972 qui
1072 892 1152 955 ⁴erat
1172 893 1332 959 induturus

150 990 324 1063 bominem,
358 990 465 1070 spiritu
492 1010 582 1067 vero,
614 992 664 1073 qui
692 999 757 1054 erat
784 991 1020 1055 sanctificaturus
1047 992 1217 1070 hominem,
1246 997 1334 1077 quasi

151 1093 238 1154 'cum
260 1091 406 1154 ministris
429 1101 459 1153 et
480 1091 601 1155 arbitris
624 1112 659 1155 ex
681 1093 794 1155 unitme
815 1093 956 1156 trinitatis
978 1093 1164 1174 loquebatur.
1197 1096 1333 1178 Denique
1391 1145 1394 1149 .
1484 1139 1487 1148 -

152 1211 284 1273 sequens
308 1193 454 1272 scriptura
477 1193 633 1273 distinguit
646 1194 724 1256 inter
737 1212 902 1274 personas:
924 1193 1021 1257 ‘Deus
1035 1195 1187 1259 bominem
1202 1198 1241 1259 ad
1255 1197 1332 1262 ima·
1345 1216 1463 1269 serum.

151 1295 252 1376 ginem
275 1294 323 1356 dei
345 1294 414 1355 iecit
436 1293 530 1356 illum.
581 1294 641 1357 Gur
668 1312 730 1356 non
757 1312 860 1367 suom,
892 1294 920 1355 si
940 1313 1018 1357 unus
1031 1296 1107 1377 17ῳιὶ
1129 1298 1270 1375 iaciebat,
1304 1309 1335 1364 et

151 1414 216 1457 non
240 1403 303 1457 erat
324 1394 360 1456 ad
383 1395 468 1458 ouius
490 1393 639 1458 faciebat?
677 1394 751 1457 Erat
770 1402 870 1457 autem
892 1394 929 1456 ad
951 1395 1036 1459 cuius
1058 1397 1331 1478 imaginemiaeie·

152 1497 223 1572 bat,
245 1496 282 1558 ad
302 1495 353 1558 lilii
377 1495 505 1571 scilieet,
534 1497 584 1577 qui
607 1497 839 1558 bomo-iuturus
861 1496 972 1558 certior
993 1505 1022 1559 et
1046 1498 1148 1560 verior
1173 1500 1334 1582 imaginem

155 1615 242 1660 suam
274 1598 384 1661 lecerat
417 1598 474 1660 diei
492 1597 670 1671 bominem,
704 1597 754 1677 qui
782 1605 853 1660 tunc
881 1596 919 1659 de
946 1596 1018 1660 limo
1045 1600 1168 1686 formari
1194 1601 1331 1680 babebat,

152 1699 252 1779 imago
273 1699 353 1761 ⁸veri
376 1706 405 1761 et
426 1698 598 1760 similitudo.
632 1697 692 1759 Sed
714 1706 745 1759 et
765 1698 796 1759 in
811 1698 1055 1760 antecedentibus
1070 1700 1213 1779 operibus
1227 1703 1332 1767 muudi

151 1800 306 1880 quomodo
329 1800 474 1880 seriptum
497 1798 568 1862 esti
598 1799 748 1861 'Primum
770 1798 1062 1879 quidem,'noudum
1077 1799 1138 1862 lilio
1153 1814 1332 1882 apparente:

149 1900 187 1964 lit
210 1900 285 1962 dixit
306 1901 395 1975 deus,
417 1899 482 1961 Fiat
503 1900 570 1974 lux,
593 1908 624 1961 et
644 1901 720 1963 lacta
741 1908 797 1962 est.
838 1900 909 1979 lpse
931 1900 1032 1961 stetim
1055 1918 1155 1964 sermo
1176 1901 1228 1967 lux
1241 1923 1330 1982 nera,
1343 1917 1448 1977 emto

151 2021 228 2084 quae
250 2003 397 2064 illuminat
415 2002 568 2064 hominem
590 2001 759 2064 venientem
780 2001 811 2062 in
833 2001 913 2064 hune
933 2000 1093 2077 muudum,
1120 2012 1152 2066 et
1171 2023 1227 2086 per
1247 2006 1331 2071 illum

149 2104 312 2167 mundialis
334 2122 451 2184 quoque
473 2104 533 2165 lux.
566 2102 680 2166 Exinde
694 2111 793 2165 autem
807 2101 839 2164 in
855 2120 1011 2177 sermone,
1034 2103 1155 2167 Gbristo
1168 2106 1331 2172 assistente
1397 2086 1406 2094 ‘

151 2215 181 2269 et
203 2205 455 2279 amministrante,
488 2205 562 2267 dens
585 2204 679 2267 voluit
699 2205 779 2277 lieri,
817 2212 849 2266 et
870 2203 945 2265 deus
966 2203 1045 2267 lecit.
1089 2204 1128 2267 Et
1148 2205 1224 2269 dixit
1243 2206 1328 2285 deus,

150 2308 243 2370 ”Fiat
264 2308 493 2379 firmamentum,
516 2315 546 2367 ct
567 2306 637 2368 lecit
658 2305 733 2367 deus
748 2306 983 2380 firmamentum
1005 2313 1036 2367 et
1049 2305 1123 2367 dixit
1137 2306 1220 2381 deus,
1242 2307 1482 2380 Fianteuumts.

148 2409 324 2483 luminaria,
358 2414 387 2469 et
417 2408 486 2470 lecit
512 2407 587 2469 deus
606 2407 755 2469 luminare
777 2406 871 2469 maius
893 2413 925 2467 et
945 2406 1055 2468 miuus.
1098 2406 1158 2469 Sed
1180 2416 1211 2471 et
1231 2419 1331 2472 cetera

148 2512 253 2590 utique
275 2509 355 2571 idem
376 2509 446 2571 lecit
467 2509 517 2589 qui
540 2517 570 2570 et
590 2509 708 2588 priora,
731 2506 762 2569 id
784 2514 833 2569 est
846 2525 954 2570 sermo
970 2506 1032 2582 dei,
1055 2525 1112 2588 per
1125 2526 1214 2588 quem
1229 2509 1427 2579 omnianeeu.

149 2614 226 2675 lacte
249 2618 372 2673 suntet
395 2610 460 2672 sine
482 2629 541 2689 quo
563 2611 672 2672 laetum
695 2608 846 2672 estnihil.
881 2606 940 2682 Qui
963 2608 990 2669 si
1011 2609 1078 2689 ipse
1099 2609 1174 2672 deus
1196 2618 1252 2685 est,
1275 2626 1420 2681 se·m.1,r.

150 2711 280 2775 erundum
302 2712 460 2784 loannem,
484 2711 565 2773 Deus
588 2712 607 2743 ¹¹
616 2719 680 2773 erat
695 2728 811 2782 sermo,
834 2709 927 2771 hebes
942 2709 1037 2784 duos,
1059 2709 1150 2771 alium
1170 2711 1329 2789 dicentem,

151 2824 184 2876 ut
206 2814 273 2888 flat,
302 2813 390 2875 alium
418 2814 585 2875 lenientem.
635 2812 732 2873 Alium
760 2819 860 2873 autem
889 2809 1041 2890 quomodo
1065 2810 1199 2892 accipere
1220 2812 1329 2877 debeas

151 2916 209 2978 iam
231 2917 387 2996 professus
411 2935 495 2987 sum,
517 2933 681 2995 personae,
703 2932 765 2976 non
781 2913 982 2987 substantiae,
1004 2912 1144 2987 nomine,
1167 2913 1205 2975 ad
1220 2915 1328 2979 distin-

152 3019 298 3091 ctionem,
321 3036 383 3078 non
406 3017 442 3076 ad
464 3016 652 3077 divisionem.
687 3015 854 3077 ¹¹Ceterum
869 3013 979 3093 ubique
996 3022 1128 3075 teneam·
1150 3033 1238 3077 unam
1253 3014 1327 3078 sub-

152 3120 290 3180 stantiam
313 3119 343 3179 in
372 3118 468 3179 tribus
497 3116 740 3189 cohaerentibus,
777 3125 877 3179 tamen
904 3115 995 3178 aliurn
1023 3114 1118 3177 dicam
1147 3124 1266 3194 oportet
1293 3134 1330 3180 ex

152 3220 333 3283 necessitate
356 3238 463 3281 sensus
487 3237 553 3280 enm
577 3220 626 3298 qui
648 3218 745 3290 iubet,
769 3226 798 3279 et
813 3235 881 3278 eum
896 3217 947 3296 qui
961 3217 1039 3279 lacit.
1068 3217 1142 3278 Nem
1164 3234 1222 3278 nec
1241 3217 1328 3280 iube·

152 3330 214 3392 ret,
239 3321 265 3382 si
288 3321 352 3400 ipse
373 3323 498 3393 laceret,
522 3320 592 3381 dum
616 3319 636 3351 ¹³
644 3319 760 3381 iuberet
780 3318 845 3379 lieri
867 3335 923 3396 per
945 3336 1023 3379 eum.
1063 3317 1176 3378 Temen
1198 3316 1327 3392 iubebat,

153 3422 258 3485 ”baud
281 3422 338 3483 sibi
361 3422 518 3496 iussurus,
541 3421 568 3483 si
591 3439 668 3482 unus
691 3428 789 3494 esset,
811 3427 863 3481 aut
884 3418 951 3481 sine
973 3418 1058 3479 iussu
1080 3418 1228 3491 lecturus,
1261 3417 1327 3497 quia

153 3542 212 3586 uon
235 3524 441 3602 expectasseti
464 3532 497 3584 ut
518 3522 576 3584 sibi
598 3521 724 3582 iuberet.

235 3625 332 3705 Ergo,
355 3624 469 3703 inquis,
494 3624 520 3684 si
543 3623 616 3684 deus
639 3623 713 3682 dixit
734 3630 764 3684 et
785 3621 859 3684 deus
881 3619 967 3693 lecit,
990 3617 1052 3678 ¹sic
1073 3616 1148 3678 alius
1163 3616 1238 3679 deus
1253 3617 1328 3681 dixit
1344 3644 1463 3703 cnm,

154 3727 277 3789 elalius
300 3726 384 3800 lecit3
407 3726 466 3785 duo
490 3724 529 3784 dii
551 3722 769 3804 praedicentur.
803 3722 836 3783 Si
856 3729 916 3783 tam
932 3719 1024 3781 durus
1041 3721 1086 3793 es,
1106 3725 1176 3798 puta
1191 3717 1329 3795 interim,

153 3828 198 3891 'et
218 3838 253 3891 ut
274 3828 371 3890 adbuc
392 3826 519 3906 amplius
540 3825 598 3886 hoc
623 3832 727 3904 putes,
761 3823 861 3902 accipe
889 3830 919 3883 et
946 3821 977 3882 in
1005 3819 1121 3901 psalmo
1148 3818 1226 3881 duos
1253 3821 1328 3884 deos

154 3930 262 3993 dictos:
292 3929 432 3990 Thronus
462 3936 531 3989 tuus
560 3926 633 3988 deus
660 3926 691 3987 in
720 3943 856 4012 aerunr,¹
875 3923 955 4002 virgo
982 3921 1067 4001 regui
1095 3920 1153 3982 tui:
1190 3920 1326 3984 Dilexisti
1340 3908 1444 4017 ”ffli-

154 4081 253 4135 dcem
274 4082 324 4132 dlio
343 4085 375 4142 d.,
396 4098 446 4131 eum
463 4082 543 4131 Fuluio
561 4081 651 4128 Ursino.
710 4079 734 4128 4.
753 4085 805 4127 erat
823 4062 959 4126 induiturus
976 4075 1046 4125 liobe.
1081 4073 1217 4124 induiturus
1234 4075 1329 4127 erati.

153 4151 215 4202 leid.
269 4152 294 4200 5.
313 4150 486 4199 comministris
504 4149 640 4197 ieiunius.
692 4145 716 4195 6.
735 4145 764 4194 Et
781 4145 839 4194 iecit
856 4144 917 4193 deus
935 4143 971 4194 ed.
1013 4142 1140 4192 llominem
1158 4141 1261 4192 deusd.
1303 4142 1328 4200 Ἰ,

155 4220 191 4282 qui
210 4219 291 4270 emb
310 4219 375 4267 beid.
428 4215 452 4265 8.
471 4215 519 4264 reri
538 4217 570 4276 d,
591 4230 641 4264 com
650 4213 834 4263 Fuit-iollnino.
870 4226 926 4261 vcro
944 4211 1037 4275 reliqui,
1057 4215 1078 4258 el
1096 4210 1161 4258 Leid.
1205 4208 1229 4259 9.
1247 4209 1328 4274 primo

154 4286 260 4337 nteit.
315 4285 354 4334 10.
372 4284 525 4332 liat„
544 4291 568 4332 et
585 4282 643 4330 dixit
660 4281 720 4330 dens
738 4281 819 4330 omri.
838 4279 903 4329 bold.
957 4277 995 4325 11.
1015 4276 1102 4326 criti.
1157 4274 1196 4327 12.
1215 4276 1328 4327 Ceterum

154 4353 241 4418 ubique
259 4362 354 4402 teneam
372 4353 398 4401 l.
417 4353 480 4400 isid.
516 4350 629 4399 Ceterum
647 4349 737 4411 ubique
749 4355 819 4397 teneo
833 4345 901 4397 debe.
939 4345 1049 4394 Ceterum
1061 4342 1110 4403 etsi
1119 4342 1208 4408 ubique
1220 4351 1291 4394 teum
1305 4344 1329 4393 d.

156 4419 305 4471 reintraret
324 4421 397 4479 enim,
415 4420 484 4468 fieret
501 4432 546 4481 per
564 4431 618 4466 enm
637 4417 751 4466 latinius.
806 4414 845 4464 14.
865 4420 905 4462 rut
922 4413 957 4474 l.,
976 4412 1090 4463 Latinius.

220 4489 278 4553 Cap.
298 4487 360 4537 Xlll.
397 4487 419 4535 1.
438 4488 541 4548 siceoo.
576 4485 774 4534 siliiriomner.
827 4480 1022 4531 betottul.
1058 4478 1251 4529 utetntbeid.

186 4590 245 4654 Cap.
263 4588 313 4638 llll.
344 4603 365 4637 a.
385 4579 717 4650 Ceterumubiqueteneem]
767 4582 825 4647 plici
857 4595 919 4631 usus
951 4586 989 4630 ast
1019 4579 1169 4630 coniunctim
1196 4590 1328 4641 suppressa

155 4655 336 4706 Coniunctirum
344 4657 442 4719 reposui
453 4669 480 4703 ex
488 4654 629 4702 auctoritate
640 4654 716 4701 libro·
767 4649 915 4699 concessiva.
1275 4660 1280 4667 ·

152 4737 207 4772 rum
224 4732 340 4785 veterum,
359 4736 461 4786 cumque
475 4722 560 4786 iisdem
573 4718 647 4769 deleri
659 4733 716 4783 par·
801 4717 825 4765 b.
855 4709 1017 4780 expectasset]
1049 4713 1077 4765 ld
1104 4720 1142 4765 est
1165 4709 1330 4770 sustinuisset,

152 4790 250 4840 dealem
269 4794 320 4853 etsi,
350 4807 411 4855 quae
429 4790 508 4839 Ursini
527 4787 660 4837 debebatur
677 4788 716 4836 iu·
767 4790 877 4835 moratos
895 4789 974 4842 esset,

151 4860 234 4919 genio.
268 4859 318 4908 Nec
341 4858 417 4909 semel
442 4857 573 4922 Septimius
600 4856 633 4904 itu
655 4854 716 4904 sim·

712 4931 716 4939 .
1337 4930 1354 4965 0
1467 4930 1470 4935 .
