3242 5775
471 635 620 679 unmnsus
641 636 814 681 nuncnunc!
836 638 893 682 urs.
908 641 936 683 r.
1238 635 1301 699 283

122 788 195 849 etin
219 787 395 850 novissimis
416 787 523 849 diebus
553 787 702 849 eiiundam
731 788 768 849 de
797 787 905 869 spiritu
933 809 1000 853 meo
1031 793 1060 853 in
1091 812 1209 859 omnem
1232 812 1440 871 cnr-loet.111,t.

123 907 199 962 rem,
238 889 405 951 secuudum
434 889 557 950 loelem.
611 888 707 967 Ipsius
736 898 799 951 erat
826 892 1008 954 sustinuisse
1037 902 1154 976 tempus
1184 900 1299 980 impleri

123 991 198 1052 nius
222 1001 289 1052 erat
312 990 400 1051 etiam
423 989 491 1050 finis
513 991 678 1068 temporis,
708 989 785 1052 sicut
812 992 938 1054 initium.
984 993 1119 1057 Ceterum
1148 997 1221 1061 deris
1249 1003 1299 1065 ille

126 1091 233 1154 otiosus
257 1109 316 1152 nec
338 1090 522 1170 operationis
545 1109 600 1151 nec
621 1092 852 1169 praedicationis
868 1093 970 1167 ullius,
994 1105 1079 1175 atque
1096 1099 1133 1159 ita
1149 1119 1206 1162 nec
1220 1111 1298 1164 tem·

126 1194 198 1272 paris
221 1192 367 1264 alicuius,
398 1191 467 1271 quid
491 1192 614 1251 omnino
637 1192 695 1269 egit
718 1193 796 1270 quod
822 1194 951 1254 alliceret
972 1204 1092 1275 tempus
1113 1199 1229 1280 impleri
1252 1204 1299 1266 ‘et

127 1293 173 1354 iun
194 1291 380 1373 implendum
405 1290 575 1354 sustineri?
619 1293 650 1353 Si
680 1292 769 1365 nihil,
799 1293 872 1353 satis
896 1313 1001 1356 vanum
1029 1306 1076 1359 est
1098 1309 1130 1361 ut
1152 1305 1308 1365 creatoris.

130 1403 249 1473 tempora
273 1394 452 1456 sustinuerit
473 1393 607 1454 serviens
630 1393 765 1454 creatori.
821 1393 874 1455 Cui
903 1406 1000 1456 autem
1023 1398 1067 1458 rei
1095 1400 1177 1461 misit
1204 1403 1295 1465 filium

132 1495 226 1556 uum?
271 1496 385 1557 Utens
408 1495 458 1575 qui
481 1494 537 1555 sub
559 1495 624 1572 lege
646 1503 731 1554 eraut
752 1494 929 1569 redimeret,
962 1495 1020 1557 hoc
1043 1507 1089 1559 est
1112 1507 1144 1560 ut
1166 1503 1422 1572 efficeretcnnns.

135 1601 252 1658 brtaosa
275 1597 305 1657 in
328 1596 405 1657 uiam
427 1605 537 1657 rectam
561 1604 590 1655 et
605 1613 710 1674 aspera
726 1595 756 1654 in
771 1596 835 1655 rias
851 1596 967 1669 ‘lenes‚
991 1599 1153 1660 secundum
1164 1601 1293 1678 Esaiam,
1312 1615 1432 1673 iesum.

139 1705 268 1759 uretera
293 1700 454 1759 transirent
476 1705 505 1757 et
527 1714 603 1757 noua
625 1697 792 1768 orirentur,
821 1696 867 1756 lex
892 1715 966 1757 nora
989 1717 1025 1758 ex
1047 1700 1119 1760 Sion
1143 1709 1172 1762 et
1194 1716 1410 1770 sermulcinus

144 1795 229 1860 enini
251 1817 287 1860 ex
302 1798 503 1873 Hierusalem,
527 1806 557 1858 et
578 1806 611 1858 ut
632 1798 822 1877 adoptionem
845 1797 972 1859 liliorum
996 1800 1209 1880 acciperemus,
1233 1805 1293 1865 uti·
1309 1816 1427 1873 carnus.

107 1906 112 1929 “
147 1900 351 1976 tornationes,
374 1917 449 1978 quac
471 1897 521 1958 lilii
544 1916 605 1958 non
628 1917 757 1959 eramus.
801 1898 839 1958 Et
860 1898 926 1977 ipse
948 1899 1028 1959 enim
1050 1900 1099 1961 lux
1121 1901 1293 1965 eritnatio·

107 2015 118 2044 ⁵
151 2013 208 2070 n,
237 2010 268 2062 et
294 2002 326 2061 in
353 1999 475 2060 nomine
502 1999 568 2061 eius
596 2000 731 2059 nationes
761 1999 932 2079 sperabunt.
990 1999 1092 2079 ltaque
1120 2010 1152 2063 ut
1181 2013 1293 2066 certum
1362 1983 1422 2004 Ἠ

106 2101 122 2146 2'
154 2095 292 2163 'uetuos
316 2101 393 2162 iiiios
417 2100 572 2172 delesse,
605 2100 687 2162 misit
717 2100 855 2179 spiritum
884 2118 971 2160 suum
1000 2100 1030 2160 iu
1059 2103 1148 2164 corda
1179 2114 1291 2177 nostra,

107 2205 123 2244 t
157 2197 307 2264 drentem:
330 2201 429 2274 luha,
450 2211 544 2280 pater.
579 2201 612 2261 ln
628 2202 802 2262 novissimis
819 2201 914 2273 enim,
938 2201 1048 2280 inquit,
1070 2184 1428 2290 diebusedun·i³,¹'0¹f,¹1il‚⁰i‚

106 2297 127 2347 ³³
158 2296 245 2364 inde
265 2322 333 2364 meo
356 2302 464 2382 spiritu
486 2303 516 2362 in
540 2320 657 2363 omnem
681 2321 809 2364 carnem.
844 2301 935 2363 Cuius
958 2303 1067 2381 gratia,
1090 2303 1296 2367 nisicuiuset

106 2405 125 2434 ⁴'
158 2402 431 2483 missiogratiae?
464 2402 537 2475 Quis
558 2413 658 2482 pater,
682 2404 740 2464 nisi
763 2403 813 2482 qui
837 2413 867 2463 et
888 2402 1006 2465 lactor?
1037 2404 1421 2485 Postumiusquecnnn.

106 2511 109 2528 ¹
158 2497 236 2564 intas
256 2523 316 2566 uon
340 2513 404 2565 erat
425 2504 634 2564 revertendum
657 2504 692 2564 ad
716 2505 830 2564 infirma
847 2512 876 2564 ei
891 2504 1024 2565 mendica
1041 2504 1194 2567 elementa.
1223 2507 1294 2569 Ele-

158 2613 336 2666 seruantem
364 2605 443 2685 apud
466 2605 619 2665 Romanos
649 2623 768 2684 quoque
796 2605 883 2665 etiam
913 2605 1026 2684 primae
1053 2606 1168 2668 litterae
1196 2609 1296 2669 solent

106 2713 109 2760 t
159 2697 197 2764 id
231 2706 293 2768 lion
316 2726 389 2786 ergo
412 2724 467 2786 per
488 2705 679 2767 mundialium
710 2706 923 2766 elementorum
953 2707 1175 2786 derogationem
1198 2727 1213 2769 a
1236 2710 1293 2771 deo

109 2807 111 2812 '
158 2815 226 2865 mm
245 2816 381 2868 avertere
403 2806 553 2888 cupiebat,
576 2807 632 2868 etsi
655 2806 780 2867 dicendo
797 2825 903 2887 supra,
927 2807 959 2867 Si
975 2826 1046 2888 ergo
1062 2809 1125 2882 his,
1150 2811 1199 2890 qui
1214 2810 1292 2871 ⁷non
1307 2823 1420 2877 catius.

158 2908 400 2979 musuniensi,
424 2908 559 2977 servitis,
582 2909 737 2988 physicae,
761 2909 788 2969 id
812 2916 858 2969 est
880 2910 1038 2982 naturalis,
1058 2912 1293 2990 superstitionis

107 3000 117 3039 ⁴
158 3000 262 3069 intenta
283 3028 340 3089 pro
364 3010 422 3069 deo
445 3009 580 3070 habentis
603 3010 796 3088 'suggillabat
818 3029 966 3084 errorem,
988 3030 1045 3071 nec
1059 3011 1103 3072 sic
1117 3022 1215 3074 tamen
1232 3014 1294 3076 elc-

105 3100 114 3141 i
157 3116 285 3171 natorum
308 3111 398 3171 deum
423 3119 535 3170 taxans
574 3111 633 3170 Sed
657 3130 732 3190 quiae
754 3111 824 3171 velit
846 3111 973 3189 intellegi
997 3112 1156 3186 elementa,
1185 3114 1295 3192 primas

106 3204 113 3241 ²
157 3204 234 3268 tdioet
252 3211 367 3271 litteras
390 3210 481 3286 legis,
511 3211 575 3287 ipse
603 3212 739 3269 declarat.
791 3211 859 3270 liies
883 3211 1046 3272 obseruatis
1070 3221 1099 3272 et
1121 3231 1240 3274 menses
1264 3221 1418 3280 cicuitus.

105 3326 111 3337 ·
157 3306 254 3383 inpura
275 3318 304 3369 et
326 3327 425 3369 annos
442 3317 472 3368 et
485 3307 623 3378 sabina,
647 3317 679 3367 ut
694 3308 818 3386 opinor,
842 3317 872 3368 et
887 3326 995 3367 coenas
1011 3312 1120 3386 puras*¹
1144 3321 1174 3371 et
1188 3313 1296 3373 ieiunia

105 3404 108 3413 '
158 3404 238 3468 oties
259 3420 413 3487 magnos·.
457 3408 582 3469 Cessare
606 3409 684 3468 enim
707 3407 742 3468 ab
766 3409 812 3467 his
842 3426 973 3485 qumque,
1008 3407 1084 3467 sicut
1112 3418 1138 3468 et
1169 3412 1296 3472 circum-

158 3501 250 3583 sune,
270 3509 429 3589 oportebat
451 3528 487 3569 ex
509 3510 637 3569 decretis
659 3508 821 3580 creatoris,
851 3507 901 3585 qui
923 3516 952 3567 et
974 3526 1028 3586 per
1050 3507 1184 3581 Esaiam,
1213 3510 1295 3571 Neo·
1309 3526 1406 3578 resins

159 3606 236 3668 leons
257 3621 373 3671 vestras
398 3618 427 3669 et
448 3609 569 3669 sabbata
591 3618 621 3669 ct
636 3609 713 3670 dicm
729 3627 868 3687 magnum
884 3627 944 3668 nou
961 3608 1131 3682 sustinebo,
1156 3610 1297 3672 ieiunium

104 3720 110 3737 ⁴
160 3706 267 3771 tilerias
294 3720 323 3771 et
350 3708 563 3771 ’cerimonias‘
590 3721 702 3772 vestras
732 3711 794 3771 odit
822 3709 919 3770 anima
948 3728 1028 3782 mea3
1062 3713 1293 3790 esperimus,

161 3850 271 3913 iulum
290 3864 406 3914 Latinius.
441 3865 523 3914 liutai
542 3864 677 3912 ieiunius.
731 3861 755 3911 5.
774 3861 852 3910 laeves
871 3863 1007 3912 ieiunius.
1053 3862 1077 3912 6.
1097 3872 1174 3913 estet
1192 3879 1237 3913 nos
1255 3864 1299 3914 BG.

160 3914 401 3999 lucracionem.
438 3932 461 3980 in
482 3931 554 3981 acuo.
606 3930 630 3980 8.
649 3930 794 3992 suggillabat
812 3932 849 3979 cd.
872 3931 980 3979 Vutieuni.
1015 3930 1128 3992 suggillat
1145 3932 1237 3997 reliqui.
1272 3932 1296 3981 9.

104 4008 107 4037 ἑ
160 3996 266 4047 misr
284 4008 377 4047 uestras
396 4000 432 4047 ed.
453 3998 612 4047 Vaticanurunr
631 4000 696 4047 alter.
733 3998 865 4047 cerimonia
884 4006 959 4046 uestra
977 3998 1070 4061 reliqui.

179 4090 285 4147 terem
304 4095 391 4162 pares!
411 4091 605 4164 llpooeipiparc,
625 4101 682 4147 utin
770 4100 785 4146 i.
805 4093 962 4162 cerimonias]
982 4098 1039 4146 Pars
1055 4107 1159 4149 veterum
1180 4098 1296 4148 librorum

104 4160 117 4177 *
217 4168 246 4214 rie
263 4176 329 4216 reete
343 4169 479 4229 exponitur,
498 4170 621 4229 quaesine
633 4167 683 4215 ullo
735 4166 816 4216 hicet
836 4167 921 4213 ilerum
940 4165 1013 4228 paulo
1032 4165 1093 4213 inira
1112 4167 1168 4214 item
1183 4167 1205 4214 in
1219 4167 1297 4215 uerbis

104 4224 115 4255 ¹
159 4232 239 4301 ¹mia
256 4243 279 4283 et
298 4235 452 4283 secuntione
469 4235 558 4282 liehant
576 4235 629 4281 cilio
646 4242 683 4281 te·
735 4235 869 4296 scripturae
895 4247 938 4294 pro
958 4235 1095 4282 cerimoniae
1119 4234 1220 4296 praebet
1238 4236 1298 4283 ceri·

159 4298 241 4348 hino
264 4310 288 4351 et
305 4299 497 4364 simplicissimo.
522 4301 684 4359 (ieiunius.)
734 4303 820 4351 nonin.
857 4300 930 4347 Valde
954 4307 1033 4347 nutem
1058 4300 1089 4347 de
1113 4301 1184 4348 huius
1204 4302 1297 4349 iormae

243 4383 277 4417 ee.
298 4359 345 4414 'Er
362 4365 396 4433 τῇ
413 4362 473 4434 ἕκτῇ
493 4366 549 4414 τῶν
562 4359 680 4433 ἡμερῶν.
735 4369 833 4417 veritate
852 4367 955 4427 ambigo.
984 4366 1066 4429 Neque
1085 4367 1108 4416 in
1127 4368 1297 4417 remotissimis

156 4420 345 4501 *inpretatur
357 4436 472 4485 irenaeus
491 4436 532 4483 lib.
545 4436 563 4494 l,
581 4452 633 4498 cap.
643 4436 682 4483 10.
735 4435 911 4497 glossariorum
931 4434 1029 4482 latebris
1047 4435 1149 4483 alterum
1168 4437 1220 4484 eius
1239 4434 1297 4482 mihi

146 4488 226 4551 he
241 4503 342 4563 „Coena
360 4518 431 4566 pura,
454 4495 684 4567 npooeippoeovf‘
735 4504 836 4563 contigit
854 4502 1211 4565 sdlrucindagureeremplum.
1230 4501 1297 4558 Sola,

153 4556 229 4631 Hi)
260 4571 298 4621 Ci.
317 4570 422 4621 cisano.
443 4572 466 4620 iu
484 4571 579 4621 Beronii
598 4572 683 4620 lunai.
734 4579 759 4620 at
776 4571 835 4619 setis
854 4569 957 4628 iullrma,
976 4571 1028 4617 eius
1043 4570 1174 4619 auctoritas
1186 4569 1297 4631 inscript.

171 4630 217 4687 iii.
735 4639 799 4701 spud
824 4637 928 4685 Fabrctt.
951 4650 976 4700 p.
995 4635 1052 4685 tlt.
1081 4636 1174 4686 nult.
1202 4636 1297 4693 tlirrrat.

169 4704 246 4755 tiles
274 4699 399 4770 magnos]
417 4705 463 4763 Qui
488 4706 559 4770 primi
587 4707 638 4755 iere
661 4714 685 4756 et
737 4704 854 4763 teeti:
872 4703 984 4764 „Flauiae
994 4705 1101 4754 immine
1111 4703 1236 4753 Sacerdoti
1250 4700 1297 4750 Ce-

143 4748 235 4829 Μαί
253 4782 325 4823 erant
349 4773 372 4821 ir
391 4774 460 4821 nauis
479 4775 544 4823 ieriis
563 4773 632 4836 legis,
659 4780 685 4823 ut
734 4774 796 4823 reris
821 4772 857 4821 Ob
882 4772 1003 4821 ilouorem
1029 4772 1223 4821 Gnerimoniorurn
1248 4767 1298 4815 llo-

141 4838 275 4903 munuae
293 4841 347 4891 leh.
360 4839 397 4889 lii.
415 4841 465 4901 (Fr.
481 4841 582 4902 lunius.)
734 4841 872 4890 nestissime
890 4839 1046 4890 Praelitorrene
1055 4839 1158 4889 licereto
1172 4830 1297 4886 Ordinis“
