3242 5775
505 666 509 676 ·
598 660 745 704 intensus
766 661 937 706 mororum
959 663 1017 706 tro.
1032 663 1059 705 v.
1359 652 1423 715 327

236 811 292 872 sibi
317 811 480 892 apostotus
503 807 626 890 graticio
642 812 808 874 novissimo
825 813 973 886 omnium,
996 812 1181 876 illuminandi
1204 832 1324 890 omnes,
1348 815 1424 898 quae

237 911 430 993 dispensatio
454 914 630 975 sacramenti
653 915 759 976 occulti
782 914 819 975 ab
842 915 922 975 aevis
941 914 971 975 in
987 914 1060 987 deo,
1084 916 1134 994 qui
1158 916 1257 978 omnia
1279 918 1421 981 condidit.

239 1014 345 1094 Rapuit
368 1014 542 1076 haereticus
565 1014 598 1076 {n
619 1015 888 1094 praepositionem,
924 1024 955 1077 et
980 1016 1021 1076 ita
1048 1015 1105 1095 legi
1128 1018 1211 1079 tacit:
1247 1017 1361 1080 Occulti
1384 1011 1421 1081 ab

240 1114 354 1176 ''aevis
378 1117 457 1191 deo,
480 1116 530 1195 qui
553 1116 652 1177 onmia
675 1116 818 1178 condidit.
856 1115 916 1178 Sed
939 1117 1044 1179 emicat
1067 1118 1182 1179 taison.
1228 1118 1321 1181 infert
1342 1119 1421 1181 enim

237 1218 414 1297 apostotus,
446 1218 485 1279 Ut
507 1226 577 1279 nota
600 1219 650 1279 fiat
671 1218 885 1297 priucipatibus
915 1226 945 1279 et
965 1220 1163 1297 potestatibus
1186 1220 1235 1282 ‘in
1259 1239 1420 1301 supercae-
1434 1234 1529 1289 nunt

237 1319 361 1381 nouus
385 1337 444 1399 per
467 1320 621 1381 ecclesiam
643 1304 839 1382 “mutunus
860 1321 1006 1400 sapientia
1028 1320 1087 1381 uer.
1129 1321 1220 1383 eurus
1243 1322 1314 1384 aiut
1333 1325 1420 1402 prn-

238 1421 382 1500 tipatibus
409 1429 440 1481 et
462 1420 686 1500 potestatibus?
729 1422 761 1483 Si
783 1421 944 1494 creatoris,
978 1421 1063 1500 quate
1087 1431 1132 1482 est
1153 1409 1186 1483 u't
1207 1422 1422 1502 principatibus

240 1522 491 1602 ttpotestatibus
514 1522 578 1583 eius
603 1524 719 1584 ostendi
741 1523 868 1584 volucrit
890 1524 963 1583 deus
983 1522 1033 1583 itle
1049 1523 1224 1602 sapientiam
1241 1542 1341 1598 suam,
1364 1526 1422 1605 ipsi

242 1634 329 1687 ntem
354 1643 440 1698 non,
465 1624 583 1703 quaudo
607 1642 661 1685 nec
683 1634 848 1704 potestates
864 1624 929 1685 sine
945 1642 999 1685 suo
1016 1624 1150 1703 principe
1165 1626 1337 1703 potuissent
1350 1627 1421 1706 quid

242 1723 447 1805 cognoscere?
481 1726 538 1785 but
560 1725 586 1785 si
608 1726 675 1786 ideo
698 1726 786 1786 deum
808 1743 869 1786 non
885 1725 1047 1786 nominavit
1062 1725 1125 1797 bic,
1149 1726 1234 1804 quasi
1256 1727 1287 1787 in
1312 1727 1370 1789 inis
1392 1736 1422 1789 et

243 1828 373 1908 p'nceps
400 1827 468 1906 ipse
490 1835 658 1906 reputetur,
683 1845 754 1906 ergo
777 1835 807 1886 et
830 1827 1006 1888 occultatum
1030 1836 1246 1888 sacramentum
1267 1828 1420 1908 principa-

247 1927 312 1992 nus
335 1938 368 1991 et
391 1927 593 2009 potestatibus
617 1928 681 1989 eius
705 1928 755 2006 qui
778 1928 878 1989 omnia
900 1927 1050 1988 ⁵condidit
1071 1928 1312 2007 pronuntiasset,
1345 1946 1419 2009 pro-

250 2029 301 2092 'ude
322 2031 357 2091 in
381 2029 445 2090 iltis
469 2030 615 2108 deputans
638 2030 747 2108 ipsum.
802 2029 889 2101 Quod
915 2030 940 2089 si
964 2028 1022 2089 iilis
1045 2028 1116 2089 dicit
1138 2029 1331 2104 occultatum,
1360 2029 1419 2092 ⁶itti

252 2129 362 2193 &debat
384 2130 504 2191 dixisse
526 2118 725 2192 manifestum.
770 2130 850 2209 Ergo
879 2148 941 2190 nou
970 2129 1027 2191 deo
1051 2139 1115 2191 erat
1137 2130 1330 2205 occultatum,
1365 2132 1419 2191 sed

198 2297 199 2302 γ
255 2229 344 2293 ideo
369 2232 507 2293 omnium
532 2231 700 2310 conditore,
725 2232 872 2292 occultum
894 2239 991 2292 autem
1007 2229 1220 2311 principatibus
1242 2231 1310 2293 ⁶¹⁸et
1329 2241 1417 2312 pote-

197 2367 205 2406 ,
259 2331 365 2395 *tibus
389 2335 469 2395 eius.
515 2332 589 2405 Quis
613 2333 692 2394 enim
715 2333 854 2412 cognovit
875 2349 997 2393 sensum
1020 2332 1148 2404 domiui,
1180 2340 1232 2393 aut
1252 2333 1318 2411 quis
1342 2347 1522 2406 oon-nim,

197 2481 214 2496 .
263 2431 365 2497 inias
388 2436 417 2497 ei
442 2433 522 2495 tuit?
551 2434 606 2495 nic
627 2444 730 2513 eaptus
753 2434 919 2495 haereticus
942 2435 1071 2495 fortasse
1092 2433 1250 2494 ⁰·mutavit
1270 2433 1321 2495 'ut
1343 2433 1420 2495 dicat

198 2575 221 2612 Γ
267 2533 327 2596 un
348 2554 438 2597 suum
462 2535 527 2595 suis
550 2535 763 2614 ‘potestatibus
787 2543 817 2596 et
831 2534 1045 2613 principatibus
1062 2542 1163 2595 notam
1178 2535 1275 2595 facere
1289 2535 1419 2597 votuisse

197 2663 228 2714 ῃ
271 2631 494 2714 ἥωεῑίοηειιι
528 2636 574 2698 sui
611 2636 802 2708 sacramenti,
841 2654 927 2714 quam
967 2635 1137 2715 ignorasset
1175 2635 1249 2698 deus
1280 2636 1418 2698 conditor

198 2765 234 2817 ς
273 2737 382 2798 'nnn
435 2738 472 2798 Et
501 2756 560 2816 quo
594 2738 780 2816 competebat
813 2736 1008 2816 praetendere
1030 2737 1239 2815 ignorantiam
1274 2737 1418 2799 creatoris

197 2865 240 2917 ι
279 2840 373 2901 *tuti
395 2848 423 2901 et
447 2839 535 2918 ionga
552 2841 740 2919 separatione
759 2838 896 2912 discreti,
920 2857 985 2900 cunr
1008 2838 1164 2900 domestici
1187 2857 1304 2918 quoque
1326 2856 1420 2919 supe·
1492 2831 1501 2851 ⁹

197 2950 245 3023 j
281 2928 340 3001 bn
357 2941 402 3001 dei
424 2940 619 3002 nescissent?
652 2942 762 3003 Tamen
787 2951 815 3002 et
838 2941 964 3001 creatori
987 2949 1089 3002 notum
1114 2949 1176 3002 erat
1195 2934 1340 3002 futurum.
1375 2941 1419 3000 bn

198 3054 250 3122 μ’
287 3042 424 3120 {adque
448 3052 552 3103 notum
575 3042 654 3120 quod
679 3043 734 3102 sub
762 3043 842 3103 caelo
872 3041 919 3102 ⁹et
940 3042 970 3101 in
994 3052 1072 3103 terra
1095 3042 1159 3103 eius
1183 3042 1309 3103 babebat
1331 3060 1418 3102 reve-

199 3170 254 3241 i*
288 3130 332 3200 H!
367 3142 444 3221 Ergo
474 3162 510 3203 ex
539 3144 596 3205 boc
624 3144 816 3203 confirmatur
838 3143 916 3222 quod
940 3162 1029 3222 supra
1057 3144 1228 3205 struximus.
1279 3143 1310 3203 Si
1340 3143 1418 3203 eninr

198 3260 260 3321 μμ
291 3240 363 3304 fior
382 3244 555 3323 cogniturus
579 3254 642 3304 erat
664 3243 841 3322 quandoque
863 3244 1010 3304 occuitum
1032 3244 1103 3304 iliud
1119 3245 1167 3303 dei
1184 3244 1350 3322 superioris
1368 3262 1416 3304 sa·
1518 3248 1529 3257 '

364 3355 440 3417 tom,
464 3354 494 3406 et
517 3346 555 3405 ita
578 3345 722 3425 scriptura
745 3344 885 3405 babebat:
910 3344 1023 3406 Occulti
1047 3343 1119 3416 deo,
1148 3344 1197 3422 qui
1222 3344 1320 3403 omnia
1343 3362 1417 3404 con-

336 3447 397 3517 ‚sie
418 3448 531 3508 inferre
555 3447 712 3519 debuerat,
736 3446 773 3506 Ut
794 3455 864 3506 nota
886 3447 937 3506 tiat
958 3445 997 3504 illi
1020 3445 1178 3504 multitaria
1201 3443 1344 3521 sapientia
1359 3443 1417 3513 dei,

198 3528 238 3620 ζ,
342 3547 583 3629 etpotestatibus
605 3557 634 3608 et
655 3547 869 3626 principatibus
899 3546 1099 3624 cuiuscunque
1122 3545 1184 3616 dei,
1218 3562 1283 3605 curn
1311 3543 1417 3622 quibus

384 3659 468 3712 esset
486 3659 613 3709 creator.
642 3649 723 3710 Adeo
747 3648 930 3710 subtractum
953 3656 1070 3708 constat
1091 3646 1169 3725 quod
1194 3656 1222 3707 et
1244 3646 1288 3706 sic
1302 3645 1417 3706 veritati

252 3816 258 3823 ,
342 3753 447 3814 sotrum
466 3760 526 3812 est.
564 3751 635 3810 Volo
659 3769 737 3811 nunc
759 3759 789 3811 et
810 3768 865 3829 ego
889 3749 941 3810 tibi
964 3749 1001 3809 de
1023 3748 1169 3827 allegoriis
1192 3747 1321 3827 apostoli
1343 3764 1418 3807 con-

211 3878 215 3891 *
265 3896 267 3901 -
358 3854 411 3916 am
435 3862 571 3915 nectere.
610 3852 691 3924 Quas
715 3853 857 3912 ¹⁰nouusb
880 3851 909 3910 in
932 3851 1086 3929 prophetis
1109 3849 1264 3909 habuisset
1285 3845 1418 3909 tormas‘?

226 3942 242 4035 ζ
332 3952 336 3963 “
392 4005 400 4027 ,
424 3954 543 4035 inquit,
568 3953 649 4014 duxit
671 3953 880 4032 captivitatem.
919 3952 1033 4024 Quibus
1057 3949 1172 4012 armis?
1194 3950 1301 4029 quibus
1324 3968 1416 4030 proe-
1431 3940 1525 4034 Edss'p'b

224 4058 233 4071 '
323 4057 369 4118 -ὰ
386 4060 475 4120 cuius
500 4055 597 4136 gentis
620 4052 806 4116 vastatione?
829 4054 866 4115 de
889 4055 973 4114 cuius
995 4053 1120 4114 civitatis
1141 4050 1321 4113 eversione?
1343 4069 1416 4131 quas
1432 4042 1529 4096 ΗΜ]

200 4196 257 4243 ³¹³
328 4210 412 4263 ΜΕ.
469 4211 495 4260 t.
523 4211 621 4272 insuper
646 4209 792 4258 coelestibus
814 4207 851 4257 Co.
910 4207 955 4256 db.
980 4204 1113 4254 multivaria
1142 4207 1263 4256 Vaticanus
1286 4207 1353 4255 citer.
1395 4204 1419 4254 5.

198 4264 269 4310 Μ’*
323 4280 395 4341 gd,
415 4296 446 4330 ex
465 4280 581 4329 emendet.
601 4279 694 4336 Lctiuii,
723 4284 744 4324 et
763 4275 839 4324 Fuluii
859 4275 944 4324 Ursini.
986 4274 1067 4322 condit
1085 4273 1170 4323 ddabc.
1232 4272 1255 4322 6.
1276 4272 1309 4321 nn
1329 4274 1360 4333 d,
1382 4273 1419 4322 n.

198 4352 218 4379 ²⁸
248 4352 259 4374 ³
367 4348 466 4397 tusc.
505 4347 664 4409 iliisretiqui.
726 4344 771 4393 ob.
791 4342 1091 4405 etpcteunibusont.
1146 4342 1190 4390 do.
1209 4341 1309 4389 mutabit
1328 4340 1366 4389 Fr.
1381 4341 1420 4389 iu·

198 4418 217 4448 *¹
236 4410 259 4455 ἥ
356 4411 473 4464 i.uth.
513 4415 545 4461 uti
564 4415 656 4477 reliqui.
699 4411 721 4461 8.
742 4412 918 4474 principatibus
937 4420 959 4459 et
978 4410 1137 4473 potestatibus
1156 4408 1180 4458 B.
1224 4408 1249 4457 9.
1270 4416 1292 4457 et
1311 4409 1419 4457 ombed.

198 4468 263 4519 ΗΜ
352 4485 416 4533 nain
434 4482 566 4547 prophetis
583 4482 707 4529 habuisset
724 4480 809 4528 Bobcd.
854 4494 925 4527 novas
951 4481 973 4526 in
992 4478 1118 4543 prophetis
1137 4477 1260 4526 habuisset
1280 4476 1302 4525 0.
1337 4476 1420 4525 Probat

355 4548 382 4597 'n
413 4552 528 4600 norimus
546 4553 569 4597 in
588 4548 713 4613 prophetis
732 4547 845 4595 babuisse
869 4547 1028 4596 Vaticanontm
1045 4547 1111 4594 atter.

198 4633 272 4749 ως.
381 4682 538 4741 „subducatu
587 4683 638 4732 Non
666 4698 729 4745 opos
762 4689 805 4731 est.
860 4689 960 4732 constat.
997 4680 1032 4730 Cf.
1053 4681 1143 4730 adnott.
1162 4679 1191 4727 ad
1209 4676 1310 4741 bpotop.
1328 4688 1380 4736 etp.
1397 4675 1418 4722 t.

198 4726 231 4760 Ἠ
365 4752 411 4800 ῆι
434 4753 493 4811 aeri,
521 4759 543 4800 et
567 4753 717 4813 potissimum
737 4751 807 4799 btrae
893 4751 917 4799 b.
936 4750 1001 4806 Quas
1021 4745 1108 4814 novus]
1135 4748 1223 4805 Notos,
1250 4744 1343 4794 tbiiicet
1359 4741 1418 4790 dens

363 4822 509 4884 ttuiptores,
533 4834 582 4868 cnm
600 4821 695 4869 conscie
713 4827 807 4867 struere
859 4818 995 4868 Marcionis.
1409 4826 1412 4831 ·

201 4905 280 4965 m„
363 4880 446 4938 'intuo
465 4888 539 4938 modo
549 4888 618 4937 bodie
631 4888 667 4937 ret
681 4890 704 4936 in
724 4887 807 4947 vulgus

203 4768 272 4823 1232ss
