3242 5775
255 656 258 663 ’
315 654 380 732 488
567 657 670 722 aanor
692 668 824 720 uranu
845 667 1010 716 rcoaxorre
1032 667 1229 746 recreentur

315 822 401 903 prior
422 819 505 884 titulo
527 818 657 883 bominis
679 819 792 884 inciaua
815 827 879 893 eat,
910 837 973 881 non
994 817 1093 882 calicia
1122 826 1172 884 aut
1192 817 1280 898 gladii
1302 825 1354 880 aut
1374 818 1483 882 raaudi

316 921 414 994 alliud.
456 921 514 984 vas
536 921 615 984 enim
637 921 805 1002 capacitatis
825 920 947 984 nemine
968 919 1045 986 dicta
1071 927 1136 995 eet,
1167 939 1225 1001 qua
1251 920 1382 983 animane
1409 920 1486 1001 capit

317 1032 349 1092 et
367 1022 515 1097 continet,
547 1020 639 1084 bomo
661 1040 736 1084 raro
755 1019 792 1084 de
819 1021 1029 1086 communione
1056 1029 1195 1097 naturae,
1227 1040 1302 1101 quae
1330 1041 1396 1084 eam
1423 1040 1484 1084 non

227 1153 229 1158 ·
315 1124 546 1194 instrumentum
566 1122 598 1186 in
620 1122 847 1205 operationibus
867 1122 1045 1204 “praestat,
1067 1123 1122 1185 sed
1142 1123 1353 1186 ministerium.
1389 1124 1486 1186 itaet

316 1225 513 1290 ministerium
542 1216 691 1289 tenebitur
721 1224 848 1300 iudicio,
880 1222 939 1287 “et
965 1225 992 1288 ai
1020 1224 1058 1287 de
1086 1243 1142 1288 auo
1168 1224 1242 1288 nihil
1270 1225 1381 1305 sapiat,
1416 1225 1486 1305 qnia

316 1327 414 1409 portio
437 1333 485 1389 eat
506 1326 571 1390 eine
592 1346 668 1407 quae
688 1326 782 1407 sapit,
805 1344 867 1388 non
888 1325 1059 1407 ”supellex
1091 1326 1156 1390 lloc
1170 1335 1201 1389 et
1214 1328 1370 1407 apostolus
1385 1326 1481 1390 adens

316 1428 391 1494 nibil
418 1447 536 1492 carnem
565 1447 653 1508 agere
681 1447 736 1509 per
763 1425 956 1507 semetipsam
987 1427 1067 1507 qnod
1095 1447 1158 1490 non
1184 1429 1299 1491 animae
1327 1428 1484 1509 deputetur

315 1530 509 1595 nibilominus
531 1529 724 1610 peccatricem
751 1530 861 1593 iudicat
890 1547 1025 1602 oernem,
1054 1548 1094 1591 ne
1122 1549 1157 1591 eo
1187 1531 1266 1610 quod
1294 1528 1316 1561 ³⁷
1323 1529 1362 1594 ab
1387 1531 1487 1593 anima

316 1631 475 1696 ³'rideatur
495 1631 606 1712 impelli
627 1632 736 1695 iudicio
758 1630 881 1694 liberata
896 1631 1043 1695 credatur.
1073 1630 1122 1696 Sic
1143 1640 1173 1694 et
1195 1650 1261 1694 cum
1283 1631 1397 1711 aliquas
1419 1632 1487 1694 laa-

164 1732 596 1813 rcar.r1‚2o.tliaoperaacerni
623 1733 741 1806 indicit,
774 1731 957 1807 Gloriilcate,
988 1731 1127 1812 ”inquio
1161 1740 1191 1794 et
1217 1732 1312 1796 tollite
1338 1733 1428 1796 doum
1455 1735 1488 1796 in

317 1853 442 1917 corpore
464 1843 715 1918 restroscertua
730 1841 762 1896 et
780 1834 838 1896 boo
859 1832 1011 1898 ⁴⁰conotus
1034 1834 1071 1897 ab
1093 1833 1189 1896 anima
1211 1834 1273 1914 agi,
1302 1833 1414 1898 idcirco
1438 1844 1483 1898 ta·

316 1955 385 2012 mm
407 1945 438 1998 et
458 1936 538 1999 carni
560 1955 613 2000 eoa
634 1936 770 2007 mandat,
802 1935 871 2015 qula
892 1944 923 1997 et
943 1934 985 1998 illi
1005 1937 1132 1998 lrncurm
1155 1935 1174 1967 ⁴¹
1183 1935 1375 2016 repromittit.
1400 1935 1485 1998 Alio·

303 2038 389 2119 ,quin
410 2056 465 2100 noc
485 2036 702 2118 ⁴'exprobratio
724 2037 918 2117 competisset
943 2037 976 2100 in
997 2036 1120 2100 alienam
1142 2036 1275 2117 ⁴²culpae
1296 2055 1353 2099 nce
1373 2036 1488 2099 adbor-

318 2139 390 2202 tatio
418 2139 450 2202 in
477 2148 643 2203 extraneam
671 2138 828 2219 “gloriae3
864 2146 895 2201 et
926 2139 1114 2219 exprobratio
1147 2140 1226 2202 enim
1259 2147 1290 2200 et
1318 2138 1487 2202 exhortatio

317 2250 454 2304 vacarent
474 2260 543 2321 erga
564 2260 700 2317 carnem,
733 2240 761 2302 ai
787 2249 905 2304 vocaret
930 2249 961 2303 et
981 2258 1095 2304 marceo
1117 2260 1193 2320 quae
1213 2240 1244 2302 in
1266 2240 1489 2304 resurrectione

317 2350 458 2424 capuam

174 2456 299 2516 eapxrn.
400 2443 570 2526 Simplicior
596 2444 724 2524 quinque
751 2444 850 2507 loutor
875 2444 1039 2508 smtenbae
1072 2451 1195 2506 nostrae
1221 2443 1337 2524 putabit
1368 2462 1490 2506 emnem

317 2547 403 2610 etiarn
425 2547 536 2608 idcirco
558 2546 838 2624 repraesentandam
860 2564 928 2608 eaae
949 2544 1074 2618 iudicio,
1102 2545 1170 2623 quia
1198 2544 1283 2606 aliter
1304 2545 1403 2608 anima
1427 2564 1493 2610 oon

316 2641 415 2727 capiat
431 2646 603 2728 passionem
625 2646 766 2709 tormenti
788 2666 843 2709 seu
864 2646 1026 2725 refrigerii,
1060 2655 1162 2726 utpote
1183 2646 1400 2726 incorporalia3
1431 2648 1493 2710 boo

317 2749 396 2814 enirn
415 2748 519 2827 rukne
534 2747 693 2809 existimat.
729 2747 791 2810 Noa
807 2748 920 2810 'autem
934 2747 1061 2810 animam
1084 2747 1268 2828 corporalem
1289 2757 1320 2810 et
1340 2748 1390 2810 bic
1409 2768 1493 2828 pro-

316 2850 435 2913 fitemur
457 2848 538 2911 etin
560 2866 627 2911 auo·
644 2848 793 2912 volumine
814 2848 991 2930 probamus,
1024 2849 1181 2913 habentem
1209 2849 1361 2931 propriu·
1387 2867 1493 2931 genus

317 2951 518 3014 'adeundae
545 2949 718 3024 acbditatia,
752 2967 806 3029 per
835 2969 922 3030 qoam
949 2951 1018 3029 quid
1047 2963 1078 3012 et
1105 2953 1216 3014 sentire
1245 2960 1274 3014 et
1294 2950 1353 3032 pati
1372 2953 1493 3032 possit.

316 3052 390 3115 Nam
413 3061 443 3113 et
463 3070 542 3113 nunc
562 3052 675 3113 animas
697 3050 829 3131 torqueri
850 3051 1002 3131 levarique
1021 3071 1112 3131 penes
1128 3053 1257 3128 inferos,
1279 3052 1363 3115 'licet
1376 3055 1493 3129 nudas,

317 3153 386 3217 licet
407 3153 503 3216 adbuc
524 3152 625 3216 exules
648 3152 759 3226 carnia,
781 3151 937 3233 *probabit
956 3153 1060 3216 Lazari
1082 3154 1258 3234 exemplum.
1291 3154 1383 3223 'lleffl
1398 3155 1490 3237 igitur

318 3254 486 3319 ademario
509 3255 622 3317 dicere:
644 3254 722 3334 lirgo
744 3272 820 3334 qnae
840 3253 930 3318 babet
951 3242 1168 3334 corpulentiam
1184 3256 1352 3336 propriam,
1377 3257 1417 3321 de
1431 3275 1487 3322 ano

317 3357 461 3421 ‘sufficiet
481 3357 519 3420 ad
539 3356 706 3419 laenitatem
726 3355 878 3437 passionis
901 3366 931 3419 et
952 3376 1077 3432 sensus,
1110 3368 1143 3420 ut
1169 3378 1230 3420 non
1256 3367 1341 3438 egeat
1363 3378 1482 3441 reprae-

319 3460 487 3524 sentatione
508 3459 616 3521 carnia
665 3459 759 3521 lmmo
789 3467 911 3521 catenae
939 3460 1052 3539 egebit,
1084 3479 1145 3521 non
1174 3459 1248 3541 'qua
1277 3460 1390 3522 sentire
1418 3457 1486 3545 quid

293 3573 295 3576 ’
318 3563 384 3625 sine
405 3581 492 3624 carne
514 3580 576 3624 non
596 3560 711 3642 poscit,
733 3561 785 3623 sed
807 3560 883 3640 ‘qua
904 3579 1027 3625 necesse
1049 3569 1095 3622 cst
1116 3561 1194 3623 illam
1210 3562 1297 3625 etiam
1313 3581 1382 3626 cum
1398 3579 1481 3627 carne

318 3663 439 3727 sentire.
473 3663 622 3737 Quantum
644 3662 722 3725 enim
743 3662 780 3724 ad
802 3662 948 3741 agendum
970 3663 1007 3725 da
1029 3680 1084 3724 auo
1107 3663 1230 3737 sufficit,
1254 3672 1369 3726 tantum
1382 3662 1431 3726 'et
1449 3661 1485 3725 ad

318 3764 497 3844 patiendum.
532 3764 576 3825 ad
597 3764 743 3842 agendum
764 3770 862 3826 autern
885 3763 981 3827 mutua
1003 3764 1040 3825 de
1061 3784 1117 3826 auo
1141 3765 1258 3827 sufficit.
1294 3764 1482 3829 Habetenin

319 3865 357 3935 de
378 3884 433 3927 eno
456 3863 642 3926 solummodo
665 3865 810 3944 cogitare,
839 3865 932 3937 velte,
962 3884 1085 3945 cupere,
1108 3865 1277 3946 disponere.
1320 3866 1368 3931 Ad
1390 3866 1481 3949 perb-

319 3966 454 4028 ciendnm
477 3972 573 4026 annm
603 3984 723 4045 operam
751 3967 848 4028 carnia
876 3977 1018 4047 expectat
1068 3968 1118 4029 Sic
1139 3969 1236 4049 itaque
1257 3978 1287 4030 et
1308 3969 1346 4032 ad
1364 3966 1480 4051 patien-

285 4093 287 4097 ·
319 4068 389 4131 dum
411 4066 583 4129 societatem
605 4068 702 4130 carnis
725 4067 907 4149 expostulat,
930 4076 1043 4130 uttam
1064 4069 1151 4148 plene
1172 4089 1225 4149 per
1247 4089 1311 4133 eam
1334 4067 1481 4152 patipoa-

320 4169 360 4231 ait
381 4188 468 4249 quam
490 4168 555 4231 eine
578 4188 612 4231 ea
633 4169 720 4250 plene
741 4188 828 4249 agere
849 4188 909 4231 non
931 4171 1036 4250 potuit.
1073 4171 1109 4231 Et
1130 4170 1197 4233 idco
1220 4173 1249 4233 io
1273 4190 1350 4252 quae
1370 4171 1409 4235 de
1428 4190 1483 4234 ano

319 4270 445 4346 sufficit,
467 4290 570 4334 eorum
593 4271 710 4334 interim
733 4272 908 4334 sentemiam
931 4273 1049 4352 pendit,
1072 4273 1328 4352 concupiscentiae
1350 4284 1386 4337 et·
1401 4273 1483 4354 copi·

319 4423 361 4474 34.
379 4423 450 4473 babet
468 4427 489 4475 l.
542 4426 583 4476 35.
601 4427 645 4475 etei
664 4427 715 4477 bed.
751 4434 776 4476 ot
793 4426 885 4490 reliqui.
937 4425 977 4477 36.
996 4426 1097 4490 supplex
1114 4444 1173 4491 amp.
1223 4426 1264 4477 37.
1282 4429 1312 4478 ab
1331 4431 1409 4480 ond.
1442 4426 1490 4483 38..

319 4493 412 4542 ridetur
428 4492 472 4543 Aa.
489 4502 535 4544 tres
556 4496 666 4544 Vaticani.
724 4493 764 4544 39.
783 4494 869 4560 inquit,
888 4502 910 4543 et
928 4495 1005 4545 tollite
1022 4498 1058 4545 la
1078 4503 1124 4545 tres
1147 4497 1256 4546 Vaticani.
1297 4498 1376 4548 tollite
1392 4498 1485 4562 reliqui.

319 4560 361 4610 to.
380 4562 645 4626 conatoallltlmpobcd.
681 4562 844 4618 coronatoed,
884 4562 924 4612 41.
944 4563 1179 4627 repromittitlotcd.
1209 4566 1485 4631 repromittantrciiqrti.

319 4628 360 4679 42
380 4630 519 4693 exprobatio
537 4631 571 4690 8.,
589 4633 624 4680 ati
641 4632 705 4680 rotet.
757 4629 799 4680 43.
818 4630 914 4694 colpam
931 4648 989 4695 amp.
1041 4631 1082 4682 44.
1101 4632 1202 4693 gloriam
1220 4647 1279 4695 amp.

388 4698 446 4761 Cap.
464 4697 531 4748 llll.
575 4699 597 4748 l.
615 4706 694 4747 antem
712 4700 808 4749 omli.
861 4697 884 4748 2.
909 4700 1068 4750 substantivae
1095 4700 1154 4764 Cmp.
1206 4699 1230 4751 3.
1255 4700 1312 4751 licet
1335 4702 1420 4753 οιΑ.
1459 4700 1486 4753 4.

320 4766 429 4831 probarit
447 4767 528 4816 Lazari
547 4768 598 4818 bed.
632 4767 743 4830 probabit
760 4768 842 4817 Lazari
860 4767 917 4817 nco.
952 4767 1033 4816 Larari
1052 4769 1163 4832 probabit
1179 4770 1205 4820 t.
1256 4769 1280 4819 5.
1300 4768 1385 4819 Dedim
1404 4785 1424 4821 c.
1460 4768 1486 4820 8.

319 4835 423 4886 inmeiat
438 4835 481 4886 ld.
540 4834 564 4884 i.
582 4848 628 4898 qna
649 4834 737 4894 dmaed.
760 4843 806 4886 trae
827 4837 937 4886 Vaticani.
980 4836 1034 4899 qaia
1058 4837 1149 4889 locat.
1209 4835 1233 4888 8.
1257 4852 1304 4900 qua
1330 4838 1421 4901 Coaped.
1439 4845 1486 4889 trec

323 4903 430 4955 Vaticani.
467 4904 521 4968 qnia
539 4904 630 4955 lutat.
682 4902 706 4953 9.
725 4903 795 4953 etiam
814 4906 888 4955 cadro
905 4906 938 4953 lo.
950 4904 1075 4954 Clementis.
