3242 5775
567 589 724 714 'omrem
746 631 846 680 osnes
866 633 1029 680 mmm.
1049 669 1053 678 .
1326 621 1389 715 τι]

215 781 403 844 ¹⁰¹³elleeisse
425 781 469 844 sie
489 781 613 844 eaelum.
661 781 856 848 ¹¹laldsbsoth
878 791 978 847 umen
997 784 1123 847 intutus
1144 783 1338 849 descendisse
1359 794 1392 851 st

215 882 326 944 lauisse
347 881 404 943 sibi
426 882 504 944 lilios
526 890 656 962 septem:
689 901 778 962 quem
805 883 968 947 ooolusisse
995 884 1153 965 superiora
1181 884 1390 964 ¹ldilntatiene,
1471 943 1475 948 .

216 992 265 1055 ut,
288 984 354 1061 quia
376 983 471 1064 angeli
494 1002 569 1061 quse
593 983 747 1063 superiora
770 992 873 1045 assem
895 984 1000 1047 ”seire
1027 1004 1088 1049 nen
1115 994 1256 1067 possent,
1289 986 1389 1067 ipsun
1468 1046 1471 1051 ,

216 1084 316 1146 solnm
340 1084 426 1144 deum
458 1092 605 1162 putarent.
656 1084 787 1147 Virtutes
816 1085 905 1163 igitur
932 1086 997 1149 illus
1026 1095 1056 1148 et
1083 1086 1203 1166 angdos
1231 1087 1389 1152 inleriores

217 1184 369 1246 hominem
393 1184 517 1256 lenisse,
541 1197 570 1246 et
591 1185 657 1262 quia
680 1185 717 1246 ab
741 1185 981 1249 ¹⁴infirmioribus
1003 1194 1034 1249 et
1049 1186 1249 1252 mediocribus
1268 1187 1389 1251 mnud-
1417 1270 1419 1273 ι

215 1284 274 1346 hus
297 1285 450 1347 institutus
474 1294 572 1355 esset,
595 1286 679 1363 quasi
701 1305 832 1350 vermem
853 1286 983 1349 iacuisse
1004 1296 1188 1366 reptantem
1214 1286 1296 1350 illust
1317 1305 1390 1351 raro

213 1387 365 1457 Aeonem,
388 1405 422 1446 er
443 1405 502 1463 quo
518 1386 685 1449 laldahaoth
710 1386 952 1466 ¹⁸prooessisset,
974 1388 1083 1451 inuidia
1105 1396 1287 1454 eommoms
1307 1389 1389 1462 sats

215 1487 307 1548 tillem
330 1487 475 1564 quandam
498 1487 602 1549 iacenti
624 1487 735 1548 homini
754 1487 947 1579 immisisse⁶,
978 1506 1035 1567 una
1062 1490 1205 1551 mmlstiss
1232 1507 1288 1570 per
1313 1507 1391 1571 pn·

216 1587 347 1650 dentiam
370 1597 488 1665 saperet
509 1596 540 1649 et
561 1587 733 1665 intellegere
761 1597 868 1667 posset
896 1590 1062 1668 superlom.
1111 1590 1162 1653 Sic
1188 1608 1308 1656 rnrstrm
1329 1581 1389 1653 hrt

215 1688 346 1750 dabaoth
370 1687 390 1718 ¹⁶
398 1688 487 1750 istum
502 1688 541 1757 ¹in
563 1688 793 1765 indignationem
817 1708 996 1752 conversum
1018 1708 1054 1750 ex
1075 1689 1239 1771 semetipse
1259 1690 1393 1755 edidisse

216 1789 355 1849 virtutem
380 1797 409 1848 et
430 1787 654 1849 similitudinem
683 1791 848 1868 serpentis,
881 1801 912 1851 et
940 1790 1016 1852 hane
1045 1790 1165 1854 ¹⁷luisse
1192 1790 1392 1855 virtutsm'in

217 1890 375 1969 paradiso,
408 1888 437 1950 id
465 1899 511 1948 est
537 1880 627 1952 istum
656 1890 750 1953 luisse
779 1903 949 1972 serpentem
980 1890 1027 1953 oui
1049 1890 1110 1953 Cra
1137 1890 1223 1969 qnasi
1249 1890 1311 1953 lilio
1333 1890 1391 1956 det

215 1990 395 2053 crediderat.
439 1988 608 2067 Decerpsit,
631 1990 785 2068 inquiunt,
807 1992 845 2051 de
867 1992 964 2053 lrurtn
985 1991 1117 2062 arboris,
1140 1999 1229 2073 atque
1249 1991 1318 2055 ideo
1334 2010 1389 2072 ge-

200 2092 283 2153 neri
307 2091 435 2152 humano
458 2090 609 2154 scientiam
633 2089 779 2153 bonorum
803 2091 1001 2154 etmalorum
1023 2092 1192 2155 oonhibuit.
1239 2091 1393 2156 Christian

216 2202 317 2254 autem
340 2209 400 2252 non
423 2190 452 2250 in
476 2190 640 2253 substantia
662 2191 759 2254 earnis
787 2191 897 2263 luisse;
935 2191 1059 2255 salutern
1087 2192 1185 2255 earnis
1213 2192 1393 2273 sperandam

215 2292 343 2355 omnino
358 2310 418 2354 non
434 2310 511 2353 esse.
544 2290 605 2351 Neo
626 2310 687 2353 non
710 2291 796 2355 etiam
821 2293 919 2370 erupit
939 2292 993 2356 alia
1016 2311 1132 2372 quoque
1146 2293 1392 2373 haeresis-quse

216 2393 327 2455 dieitur
351 2391 601 2453 ¹⁸Cainaeoruml.
620 2470 625 2476 -
645 2391 683 2453 Et
703 2392 760 2470 ipsi
783 2392 861 2458 enirn
884 2394 1087 2471 magnificant·
1110 2392 1224 2466 ¹⁰Cain,
1249 2392 1333 2473 qnasi
1353 2410 1393 2456 ex

216 2494 372 2573 ²⁰quedam
395 2493 507 2572 potenti
529 2492 636 2556 virtute
651 2500 836 2571 conceptum,
859 2510 933 2571 quae
948 2500 1068 2570 operata
1082 2492 1151 2555 ⁸¹sit
1165 2493 1195 2556 in
1211 2494 1290 2572 ipso.
1317 2492 1394 2558 lla-

216 2595 292 2657 Abel
314 2614 349 2656 ex
370 2594 512 2656 interiore
535 2594 642 2656 virtute
663 2602 837 2672 conseptum
861 2601 1063 2672 procreatum,
1086 2602 1117 2654 et
1137 2592 1206 2657 ideo
1220 2593 1393 2657 inferiorem

218 2693 397 2776 repertum‘.
431 2694 469 2756 Hi
491 2694 540 2773 qui
562 2693 649 2756 ²²hoc
669 2695 826 2767 adsemnt,
849 2694 936 2758 etism
958 2693 1060 2756 iudom
1081 2694 1265 2772 proditorem
1286 2693 1393 2759 tuu-
1451 2768 1459 2775 .

217 2798 310 2869 dunt,
333 2794 535 2857 admirabilem
557 2794 658 2858 illum·
681 2803 710 2856 et
731 2779 869 2873 magnum
884 2813 951 2856 esse
965 2804 1165 2858 memorantes
1179 2804 1310 2875 ,propter
1330 2793 1393 2856 uti·

219 2900 319 2961 litates
342 2916 415 2977 quas
438 2898 567 2957 humano
590 2896 691 2975 generi
714 2895 876 2975 contulisse
892 2896 1023 2957 iactatur.
1058 2894 1184 2967 Quidum
1207 2895 1286 2960 enim
1307 2895 1392 2974 ipso·

220 3020 288 3063 rum
305 2999 462 3077 gratiarum
474 2997 619 3060 acb'onem
632 2995 721 3058 lndae
736 3004 860 3075 propter
871 2996 948 3058 hano
960 3014 1077 3058 eaumm
1089 2995 1393 3074 reddendumputant.

218 3101 463 3163 Animadvertens
486 3099 582 3169 enim,
605 3097 757 3176 inquiunt,
778 3096 882 3170 ludas,
905 3097 984 3174 quod
1000 3097 1137 3160 Christus
1152 3097 1238 3159 vellet
1255 3095 1393 3174 ”retiu-

222 3212 282 3263 tem
307 3200 494 3269 subvertere,
518 3198 637 3259 tradidit
659 3197 756 3270 illum,
786 3215 823 3259 ne
845 3196 975 3259 subverti
997 3197 1106 3259 veritas
1127 3205 1243 3275 posset
1286 3195 1324 3259 Et
1345 3195 1395 3257 alil

219 3305 267 3365 sio
289 3310 389 3363 eontra
412 3300 565 3378 disputant
586 3308 616 3360 et
636 3298 746 3359 dieunt.
781 3298 856 3369 Quia
878 3306 1042 3374 potestates
1057 3296 1174 3360 ”buius
1189 3294 1291 3358 mnndi
1305 3294 1392 3357 '‘no-

220 3403 322 3464 lebant
343 3402 402 3479 pati
424 3400 592 3469 Christum,
615 3417 652 3458 ne
673 3398 803 3461 humano
826 3397 927 3474 generi
950 3416 1003 3474 per
1017 3405 1145 3461 mortem
1165 3394 1290 3472 ¹“ipsine
1313 3392 1394 3456 enne

221 3510 391 3585 pararetur,
425 3500 511 3560 saluti
539 3499 696 3559 consulens
725 3497 841 3575 generis
868 3497 986 3558 hnmani
1016 3495 1136 3556 tradidit
1163 3493 1328 3564 Christum,
1361 3500 1395 3555 nt

219 3606 320 3677 salus,
343 3621 417 3682 quae
439 3599 655 3680 impediebatur
675 3616 734 3677 per.
751 3598 874 3659 virtutes
889 3593 1167 3674 quaerobsistebant
1185 3612 1223 3657 ne
1243 3600 1395 3673 pateretur

226 3758 288 3806 1011.
306 3766 329 3805 et
348 3757 434 3804 iecisse
453 3755 566 3802 Latinior.
621 3751 659 3800 ll.
678 3749 841 3799 ialdsbothum
862 3748 1003 3798 inleriusrl.
1064 3742 1308 3795 tinternensis:
1354 3740 1395 3794 ld.

220 3826 381 3874 scientiaea.
437 3821 473 3870 tt.
493 3820 668 3868 turri-mihera.
716 3813 1216 3867 lb.sedareiniudiciorommoturnl.
1266 3810 1395 3863 lhisttnt

224 3893 412 3952 indignationem
433 3888 604 3936 conversuri.
659 3885 696 3932 ll.
716 3885 825 3933 uirtutem
844 3885 961 3932 suissed.
1016 3881 1052 3931 18.
1073 3880 1248 3932 Chaldaeorum
1265 3878 1310 3929 as.
1355 3876 1395 3929 19.

221 3961 338 4010 ebsiuh.
391 3956 430 4004 20.
450 3955 553 4017 quodam
573 3954 719 4015 potentiss.
773 3949 814 4001 il.
834 3952 1005 4012 sitimponent
1023 3948 1125 3998 thale.
1186 3945 1395 3997 22.boesend·

222 4027 266 4076 23.
286 4028 395 4074 virtutem
414 4026 437 4071 Α.
491 4021 531 4069 et.
552 4021 621 4068 buius
639 4020 693 4070 led.
716 4020 845 4068 Velienses.
887 4018 931 4066 hae
948 4018 1041 4080 reliqui.
1093 4014 1134 4066 25,
1158 4013 1269 4064 solebant
1285 4014 1311 4066 A.
1352 4010 1395 4064 26.

222 4097 278 4157 ipse
297 4092 363 4140 salus
382 4098 477 4153 pareret
496 4094 520 4138 Α,

259 4243 279 4276 c.
299 4225 427 4274 scintillam
446 4223 564 4285 qrrandam
592 4222 676 4269 iacenti
696 4219 786 4268 bomini
838 4218 893 4265 hdr.
912 4216 1013 4264 Lucifer.
1034 4231 1057 4278 p.
1068 4214 1127 4265 303.
1145 4223 1202 4262 tom.
1215 4213 1251 4262 ll·
1276 4213 1338 4275 Opp.
1357 4211 1396 4264 ed.

222 4292 368 4353 immisisse]
382 4291 505 4340 lndirolus
516 4289 666 4350 llieronymi:
686 4288 786 4348 „ltaque
836 4283 934 4341 bened,
953 4291 979 4333 ut
996 4282 1140 4332 adnotarunt
1157 4281 1312 4332 Benedlelinl.
1376 4346 1381 4356 .

223 4376 331 4425 superna
352 4367 426 4408 mater
446 4357 526 4405 volens
545 4371 658 4404 evacuare
676 4358 785 4402 virtutem
871 4366 892 4400 e.
911 4345 1074 4413 magniliasnt]
1099 4347 1396 4409 ludiculos·flisrommrr

226 4426 351 4479 laldabotb
370 4432 468 4487 operata
494 4431 529 4470 est
548 4423 676 4472 scintillam
696 4422 786 4469 virtutis
840 4416 1036 4480 „magnillcsnt.“
1055 4415 1161 4475 (nigore)
1377 4478 1382 4487 ι

222 4494 375 4545 descendere
402 4494 425 4541 in
454 4492 588 4546 hominem,
622 4499 645 4538 et
672 4489 785 4537 continno
873 4488 889 4534 l.
908 4494 931 4537 et
945 4485 997 4533 ides
1011 4483 1152 4532 interiorum
1168 4476 1312 4559 repertum]
1331 4478 1398 4527 lndi-

223 4563 301 4612 ererit
328 4574 396 4618 enm,
426 4568 450 4607 nt
477 4566 551 4606 staret
578 4557 681 4620 pedibus
708 4556 786 4603 suis.‘⁸
839 4553 908 4603 sulus
927 4551 1080 4612 Hieronymi:
1107 4556 1149 4610 „el
1173 4550 1227 4599 ideo
1252 4548 1319 4597 rllnm
1344 4558 1398 4597 esst

223 4628 335 4691 (Rigalt.)
839 4618 973 4670 arrisum.“
990 4616 1097 4678 intuita)
1364 4678 1369 4688 .

873 4701 895 4747 g.
914 4684 1080 4734 admirabilem
1099 4680 1179 4744 illum]
1202 4680 1323 4732 lndieulus
1342 4677 1399 4754 lire-

262 4762 285 4809 d.
315 4754 495 4821 cainaeorum]
529 4758 644 4807 Codicum
669 4757 788 4818 scriptura
840 4754 947 4814 ronymi:
972 4753 1097 4810 „omniurn
1128 4750 1296 4816 apostulorum
1324 4744 1405 4798 luisse

224 4829 396 4879 Chaldaeorum
413 4835 449 4875 est
462 4828 532 4876 etism
543 4826 607 4888 apud
619 4825 787 4889 llieronpmum
840 4819 1000 4874 doctiorem.“
1018 4815 1125 4883 (Rigalt.)
