3242 5775
461 608 501 650 nn
525 597 781 651 rmsscntrrrona
802 608 1043 655 atanariconnrr.
1304 602 1345 666 33

168 760 257 838 psat,
284 765 316 819 nt
337 765 368 818 et
389 758 480 837 ipsae
504 757 689 819 coercendae
713 756 854 818 ”essent
905 759 988 832 Quae
1017 763 1174 824 raro·sub
1197 768 1344 844 apostolis

108 893 111 934 ς
166 860 290 930 neunt,
310 858 341 919 in
365 878 422 919 sua
446 858 654 919 nominatione
678 858 893 919 ¹⁸damnantnr.
927 858 995 920 Sive
1012 880 1083 941 ergo
1100 863 1247 926 ¹⁹eaedem
1263 885 1344 930 nune

166 969 229 1020 snut
248 960 393 1038 abquanto
417 958 617 1039 expolitiores
639 977 715 1039 quae
736 958 792 1020 sub
815 959 961 1037 apostolis
982 963 1090 1035 rudes,
1122 964 1234 1025 babent
1256 984 1342 1029 suam

165 1060 261 1122 exinde
280 1059 522 1121 damnationem:
546 1059 608 1120 sire
623 1060 696 1120 aliae
708 1059 829 1139 quidem
843 1058 1008 1135 ”luerunt,
1031 1062 1104 1124 aliae
1120 1072 1218 1126 autem
1234 1064 1356 1145 postea*

164 1160 302 1223 ”obortae
324 1160 504 1241 ¹'quasdam
528 1179 565 1221 ex
586 1160 644 1221 illis
667 1160 827 1239 opiniones
849 1171 1085 1239 usurpaverunt,
1111 1164 1249 1227 babendo
1272 1186 1340 1230 cnm

163 1263 201 1324 eis
221 1263 407 1324 consortium
429 1261 662 1341 praedicationis
685 1260 844 1321 ”habeant
870 1253 995 1324 nece'sse
1023 1271 1071 1324 est
1097 1265 1185 1340 etiam
1209 1284 1338 1329 consor·

162 1365 225 1425 tium
240 1363 455 1435 damnationis,
477 1362 674 1441 praecedente
690 1361 740 1423 illo
756 1362 815 1423 line
832 1362 1003 1442 supradicto
1018 1366 1214 1442 posteritatis,
1229 1366 1338 1446 ²⁴quod

162 1467 211 1526 etsi
233 1466 304 1526 nibil
328 1465 367 1525 de
390 1464 581 1525 damnaticiis
603 1462 859 1543 ”participarent,
887 1463 924 1524 de
945 1472 1040 1524 aetate
1063 1464 1128 1525 sola
1150 1467 1337 1544 praeiudica-

163 1578 270 1640 rrntur,
304 1574 391 1626 tanto
424 1565 521 1644 magis
555 1563 704 1625 adulterae
737 1571 849 1644 quanto
878 1581 934 1625 nec
962 1564 1027 1625 ”ab
1061 1565 1207 1644 apostolis
1237 1568 1337 1629 nomi·

162 1679 246 1729 naue.
286 1667 374 1729 Unde
396 1667 513 1727 firmins
535 1673 654 1727 constat
674 1666 728 1726 bas
750 1682 820 1726 esse
836 1683 911 1744 qnae
926 1664 1023 1726 adbuc
1037 1674 1107 1727 tunc
1127 1667 1338 1730 nuntiabantur

162 1759 275 1831 laune.

234 1870 290 1931 llis
308 1867 540 1929 definitionibus
551 1874 755 1946 provocataea
772 1864 861 1927 nobis
877 1874 908 1927 et
921 1866 1048 1927 revictae
1063 1866 1204 1930 haereses
1220 1886 1336 1944 omnes,
1347 1875 1490 1932 cumv-

164 1972 215 2033 aire
235 1973 333 2050 ¹qnae
356 1980 519 2048 posterae,
542 1968 606 2028 sive
620 1967 712 2046 'quae
733 1976 909 2028 coaetaneae
931 1966 1151 2045 apostolorum,
1175 1968 1336 2031 dummodo

107 2135 108 2159 ,
165 2072 304 2143 diversae,
327 2072 396 2131 sire
418 2067 611 2148 generaliter,
635 2069 697 2128 sive
721 2067 888 2146 specialiter
902 2075 1022 2128 notatae
1037 2066 1073 2127 ab
1090 2067 1150 2140 eis,
1174 2068 1337 2131 dummodo

106 2251 109 2259 1
164 2174 399 2251 paedamnatae,
431 2170 560 2230 audeant
581 2167 765 2246 respondere
786 2176 817 2229 et
837 2169 920 2247 ipsae
942 2168 1055 2247 aliquas
1077 2169 1225 2230 eiusmodi
1246 2189 1336 2249 prac-

106 2338 108 2371 ,
163 2275 329 2354 rnipruones
354 2271 502 2332 adversus
525 2278 660 2329 nostram
682 2269 878 2347 disciplinam.
933 2268 965 2328 Si
989 2269 1068 2329 enirn
1096 2279 1206 2345 negant
1227 2270 1337 2330 verita-
1442 2331 1455 2358 ο

106 2436 108 2442 ,
163 2386 209 2437 ten
227 2377 314 2448 eius,
338 2372 455 2433 debent
476 2370 605 2449 probare
621 2370 699 2430 illam
714 2389 834 2449 quoqne
848 2368 1004 2430 ³haeresin
1021 2386 1090 2429 esse
1105 2368 1226 2430 ‘eadem
1241 2371 1337 2431 lorma

106 2464 108 2470 ¹
161 2479 285 2539 nucum
311 2493 375 2555 qua
397 2474 483 2551 ipsae
506 2470 711 2542 revincuntur,
739 2477 770 2531 et
797 2470 957 2532 ostendere
984 2468 1072 2531 simul
1101 2467 1220 2530 ubinam
1243 2487 1336 2548 quate·¹

160 2579 233 2640 reoda
256 2579 301 2639 sit
326 2574 445 2636 veritas
467 2591 554 2651 quarn
576 2570 653 2650 apud
675 2570 740 2631 illas
763 2589 824 2632 non
847 2589 915 2632 esse
930 2570 989 2631 iam
1004 2577 1130 2632 constat
1164 2569 1338 2632 ‘Posterior

160 2691 247 2740 aoso-a
268 2698 325 2739 res
351 2676 457 2735 ‘bnon
480 2680 543 2745 est,
566 2673 657 2733 immo
680 2671 817 2755 omnibus
840 2672 924 2751 prior
946 2680 1010 2746 est,
1030 2670 1080 2732 ‘et
1101 2671 1160 2732 boc
1175 2669 1232 2732 erit
1247 2670 1335 2731 testi-

158 2782 278 2841 nonium
302 2775 449 2838 veritatis
471 2773 598 2852 'ubique
621 2773 791 2852 occupantis
812 2772 1025 2851 principatum:
1047 2772 1193 2850 apostolis
1208 2771 1336 2849 ’ubique

153 2901 205 2944 ron
225 2884 415 2952 damnatur,
451 2877 543 2938 immo
574 2873 756 2948 detenditur,
787 2874 845 2935 hoc
873 2872 930 2934 erit
959 2873 1099 2954 indicium
1131 2871 1336 2954 proprietatis.

152 2985 257 3059 'Quam
282 2983 370 3044 enim
395 2997 459 3040 non
490 2978 630 3037 damnant
658 2975 707 3054 qui
736 2976 930 3035 ¹⁰extraneam
954 2992 1099 3054 quamque
1123 2975 1338 3047 ”damnarunt

150 3105 226 3148 tuam
250 3083 446 3151 ostendunt,
470 3080 599 3156 ideoque
621 3085 650 3137 et
671 3076 843 3137 defendunt.

224 3193 288 3268 Age
323 3188 405 3255 iam,
446 3181 497 3260 qui
526 3179 610 3238 voles
638 3177 840 3237 curiositatem
869 3175 975 3236 melius
1005 3193 1142 3236 exercere
1165 3175 1195 3235 in
1218 3174 1492 3253 negationemve

147 3292 245 3353 salutis
270 3298 363 3357 tuae,
387 3298 541 3363 percurre
565 3277 704 3339 ecclesias
727 3276 924 3355 apostolicas,
947 3275 1024 3354 apud
1047 3294 1121 3353 quas
1144 3275 1227 3353 ipsae
1247 3276 1343 3338 adbuc
1379 3320 1383 3343 .

146 3393 297 3453 cathedrae
328 3384 554 3467 apostolarum
585 3378 646 3439 suis
675 3378 749 3438 loris
781 3377 984 3456 ¹pracsident,
1024 3375 1102 3453 apud
1136 3392 1209 3452 quas
1243 3375 1345 3453 'ipsae

145 3497 330 3556 rubenticae
353 3490 485 3547 litterae
509 3496 617 3541 eorum
639 3478 817 3549 recitantur,
840 3481 981 3535 sonantes
995 3475 1108 3532 'vocem
1123 3472 1192 3531 'bet
1207 3472 1346 3551 ³reprae-

144 3682 176 3731 li.
194 3689 276 3732 essem
297 3695 348 3730 mm
368 3670 491 3724 accord.
530 3666 573 3714 Pro
592 3662 739 3714 coercendae
756 3661 781 3710 al.
802 3662 869 3710 babet
888 3656 1063 3716 cohercendis,
1088 3664 1113 3706 ut
1131 3658 1195 3708 solet.
1251 3657 1290 3708 18.
1309 3659 1346 3708 di.

140 3762 229 3812 purius
249 3753 274 3800 s,
326 3745 372 3795 19.
398 3739 495 3787 eadem
516 3732 577 3793 altili.
621 3730 660 3779 20.
680 3730 736 3778 illae
755 3730 852 3777 luerunt
871 3727 956 3776 acin.
1002 3724 1043 3775 21.
1063 3725 1234 3776 obortaelCd.
1272 3725 1345 3776 aber-

139 3820 201 3870 ῑκΒ.
234 3821 349 3869 obortae
371 3816 439 3859 sunt
464 3812 490 3851 et
509 3802 562 3850 nbc.
615 3797 655 3847 22.
675 3797 791 3860 quasdam
811 3810 838 3843 ex
857 3795 905 3844 illis
922 3794 1049 3857 opiniones
1064 3793 1150 3843 libabo.
1187 3794 1347 3855 quiddamst

138 3887 176 3936 illu
193 3904 205 3938 o
223 3890 329 3938 telones
352 3886 383 3930 ,4,
438 3870 563 3936 quiddam
583 3881 611 3914 ex
630 3865 679 3914 illis
699 3866 722 3914 d.
765 3863 879 3925 quiddam
906 3877 932 3910 ar
959 3861 1007 3910 illis
1026 3860 1147 3924 opinionis
1165 3862 1346 3910 Hildebrandm,

136 3953 166 4005 2³.
182 3905 268 4007 lrpbent
288 3952 340 4004 BC.
398 3943 448 3993 24.
473 3935 542 4000 quod
561 3936 603 3994 All·
639 3948 687 3996 quo
703 3932 867 3996 (Atpldb'obrd.
915 3928 1253 3992 25.par1tctpn·eorlaoao.
1290 3943 1346 3992 par·

136 4027 276 4089 inpotenter
296 4017 416 4081 reliqui.
485 4003 531 4053 26.
549 4002 579 4050 ab
598 4017 643 4050 ont.
655 4002 693 4050 ab.

182 4131 236 4194 cup.
258 4122 362 4178 XXXV.
416 4113 444 4161 1.
470 4103 677 4181 qnaeldfilcbcd.
715 4099 884 4178 qnallpllld.
929 4094 1134 4175 23quaealobrd.
1172 4094 1280 4171 qualit).
1323 4093 1346 4144 3.

128 4196 217 4249 lairena
239 4212 302 4247 esse
325 4185 416 4240 obed.
469 4171 631 4223 baeresrmc.
668 4168 810 4218 baeresrsll.
848 4167 947 4216 hereses
965 4164 1104 4226 anesseim.
1141 4162 1347 4221 berennesselfi.

125 4266 248 4319 decadem
272 4267 411 4315 sormam
441 4245 473 4295 B.
540 4238 563 4287 5.
582 4238 698 4301 Superior
717 4244 799 4285 nostra
817 4249 857 4282 res
876 4248 923 4282 non
943 4239 980 4280 cst
997 4234 1022 4281 Α.
1081 4230 1128 4278 bb.
1147 4244 1235 4278 nomon
1256 4229 1303 4276 imo
1324 4227 1348 4276 c.

122 4333 230 4388 bethoc
249 4338 277 4387 ,4,
328 4328 401 4377 Hoc
426 4308 550 4365 BCobcd-
603 4305 626 4352 'l-
646 4306 686 4353 ubi
706 4302 848 4365 occupantis
865 4302 907 4362 Αβ.
967 4297 991 4348 8.
1010 4298 1128 4362 apostolis
1147 4297 1236 4360 ubique
1256 4310 1303 4343 non
1321 4298 1348 4344 Δ.

119 4406 218 4467 tantalis
240 4404 344 4466 ntique
373 4399 443 4440 non
470 4380 497 4427 d.
538 4373 571 4422 bb
590 4373 707 4436 apostolis
726 4386 773 4421 non
787 4370 828 4418 ΒΟ.
866 4366 934 4427 Quod
955 4366 984 4415 ab
998 4364 1117 4429 apostolis
1136 4366 1185 4413 aba.
1228 4362 1251 4412 a.
1271 4363 1347 4419 Onam

117 4476 160 4524 niu
190 4492 223 4526 en
244 4466 402 4522 damnant
430 4445 484 4512 qni
507 4441 703 4500 Ad.,ltleaonnr.
740 4440 816 4497 Quam
836 4437 898 4484 enim
919 4431 1152 4496 damnantqeillC.
1189 4431 1265 4488 Quam
1285 4429 1349 4475 enim

114 4494 202 4595 ltlttrnt
242 4539 309 4592 nasi
336 4531 410 4581 abc·
431 4510 592 4566 Gonifflt't·
640 4507 679 4558 10.
698 4514 809 4556 extranea
830 4506 850 4554 b.
897 4502 936 4552 ll.
955 4502 1100 4550 damnarunt
1117 4499 1142 4548 Α.
1180 4495 1350 4546 nondamna-

110 4560 295 4678 murdim
335 4601 384 4650 10.
402 4606 424 4639 a
448 4582 567 4630 wouoer
582 4577 628 4625 cult
645 4577 727 4640 reponi
745 4575 822 4633 Quam
841 4571 904 4621 enim
924 4584 972 4620 uon
986 4569 1101 4618 damnant
1119 4566 1189 4630 quasi
1203 4571 1351 4619 extraneam,

108 4693 205 4750 me
222 4694 283 4732 non
310 4650 554 4722 damnaverunt
570 4651 619 4692 eett.

202 4827 207 4834 ·
228 4771 364 4836 ”m
427 4755 461 4805 ¹·
487 4745 663 4812 mmmm
684 4745 751 4797 ⁶⁰0⁶·
792 4741 817 4792 2·
837 4742 904 4806 ionae
922 4737 1001 4790 aaa.
1026 4735 1106 4789 senc.
1123 4735 1149 4784 a
1162 4724 1355 4796 marrucina.

275 4849 308 4898 C·
391 4828 430 4878 3.
459 4822 656 4882 praesentantes
673 4816 708 4866 A..
725 4854 730 4860 .
1183 4881 1199 4931 ³
