3242 5775
315 641 380 708 631
573 654 676 707 omnm
697 654 829 700 serrum
849 653 1015 699 recasurus
1038 654 1235 701 rnnrumnnr

274 818 279 831 ·
316 827 394 871 mm.
439 804 588 867 ”ieiuniis
610 814 708 867 autem
730 804 832 866 nescio
855 822 893 867 an
915 822 970 884 ego
993 804 1077 866 solus
1100 803 1262 884 plurimum
1285 806 1328 868 ita
1349 806 1474 868 somniem

316 917 352 970 ut
371 927 420 970 me
442 907 611 969 somniasse
637 924 700 967 nou
728 906 864 968 sentiam.
913 897 992 967 Nihil
1022 923 1093 985 ergo
1121 905 1286 981 sobrietas,
1317 906 1426 987 inquis,
1449 906 1473 967 ad

317 1010 395 1073 hanc
415 1005 553 1089 partem?
589 1007 683 1068 lmmo
705 1015 787 1069 tanto
809 1007 903 1087 magis
926 1005 963 1068 ad
984 1006 1060 1068 hanc
1082 1015 1224 1093 quantum
1247 1017 1279 1070 et
1300 1008 1337 1070 ad
1358 1026 1473 1077 omnem

318 1112 345 1173 si
369 1119 398 1171 et
419 1110 455 1172 ad
477 1108 738 1188 superstitionem,
761 1108 854 1168 multo
876 1107 1001 1186 amplius
1023 1107 1059 1170 ad
1082 1109 1267 1189 religionem.
1305 1109 1357 1172 Sic
1372 1108 1472 1170 enimet

166 1290 168 1293 Α
317 1210 473 1274 daemonia
496 1209 684 1289 expostulant
706 1228 769 1270 eam
792 1227 809 1269 a
832 1207 897 1270 suis
913 1208 1162 1283 somniatoribus,
1185 1209 1221 1271 ad
1236 1209 1415 1272 lenocinium
1426 1208 1469 1270 so'·

165 1313 386 1379 messaline
407 1311 585 1384 divinitatis,
608 1310 675 1389 quia
697 1309 871 1371 familiarem
894 1309 940 1370 dei
965 1317 1089 1382 norunt,
1113 1310 1182 1389 quia
1197 1320 1227 1372 et
1242 1310 1374 1373 ¹'Daniel
1387 1325 1469 1372 nusus
1502 1363 1504 1368 .

317 1415 406 1476 trium
427 1411 646 1473 hebdomadum
673 1412 801 1472 statione
831 1409 936 1471 ¹⁹aruit
965 1410 1071 1481 victu⁸,
1102 1411 1156 1471 sed
1183 1418 1218 1473 ut
1245 1411 1335 1473 deum
1362 1411 1469 1473 inliceret
1502 1393 1504 1414 ²

318 1511 532 1576 humiliationis
555 1512 680 1585 officiis,
702 1529 763 1572 non
785 1518 819 1571 ut
840 1510 954 1572 animae
971 1512 1172 1573 somniaturae
1187 1530 1312 1575 sensum
1328 1521 1358 1575 et
1372 1512 1466 1593 sapien·

318 1614 389 1677 tiam
411 1619 557 1685 strueret,
580 1612 664 1692 quasi
686 1630 747 1673 nou
768 1611 830 1672 ”iu
852 1611 961 1674 ecstasi
984 1620 1110 1674 acturae.
1155 1613 1198 1674 lta
1220 1632 1283 1675 non
1306 1614 1343 1676 ad
1365 1610 1466 1675 ecstash

319 1714 563 1779 summovendam
584 1713 730 1776 sobrietas
752 1713 905 1794 proficiet,
934 1714 988 1776 sed
1011 1714 1048 1776 ad
1069 1714 1163 1795 ipsam
1182 1715 1318 1777 ecstasin
1339 1729 1466 1777 commea·

319 1802 519 1891 dandam,'ut
540 1816 571 1876 in
594 1814 650 1876 deo
674 1815 734 1877 liat.
1393 1878 1415 1904 ,Ι
1502 1875 1504 1882 ,

166 1931 301 1991 cepmm
403 1917 534 1979 lulantes
561 1916 612 1995 qui
639 1934 700 1977 nou
729 1925 834 1995 putant
862 1916 1030 1990 somniare,
1065 1935 1130 1978 cum
1162 1911 1280 1979 ¹or'nnia
1301 1918 1413 1980 animae
1431 1929 1470 1997 pro

319 2019 409 2081 modo
433 2017 536 2079 aetatis
559 2025 765 2097 expungantur
787 2018 818 2077 in
834 2017 909 2091 vita,
931 2018 1165 2079 animadvertant
1179 2037 1342 2080 succussus
1359 2024 1472 2081 etnam

312 2128 350 2182 et
370 2118 552 2181 renidentias
575 2138 679 2180 eorum
700 2136 756 2198 per
776 2117 922 2196 quietem,
952 2127 984 2179 ut
1006 2137 1042 2179 ex
1064 2137 1097 2180 re
1120 2120 1373 2199 comprehendant
1391 2125 1474 2181 mous

319 2220 435 2282 animae
456 2219 632 2282 somniantis
656 2218 740 2280 facile
761 2237 816 2299 per
838 2218 935 2280 caruis
960 2219 1144 2281 teneritatem
1167 2239 1325 2300 erumpere
1341 2222 1372 2282 in
1386 2234 1476 2300 super·

318 2322 425 2384 ficiem.
458 2322 517 2383 Sed
539 2329 569 2382 et
590 2320 671 2400 quod
692 2320 800 2400 Libyca
822 2338 894 2400 gens
915 2318 1080 2381 'Atlantes'
1103 2320 1208 2383 'caeco
1229 2339 1338 2384 somno
1359 2321 1479 2383 ⁴noctem

318 2424 484 2501 transigere
513 2421 666 2496 dicuutur,
699 2422 814 2483 animae
842 2421 961 2499 ‘utique
994 2429 1097 2482 natura
1129 2422 1270 2484 ⁶taratur.
1321 2422 1414 2484 Porro
1439 2419 1481 2482 aul

318 2523 473 2585 Herodoto
496 2524 571 2584 lama
594 2522 715 2583 mentita
738 2530 799 2595 est,
832 2541 1044 2601 nonuunquam
1072 2521 1104 2582 in
1132 2522 1277 2585 barbaros
1300 2522 1481 2586 euomuisse.

320 2632 370 2685 aut
391 2641 497 2702 magna
518 2623 563 2683 vis
586 2623 733 2684 eiusmodi
756 2623 933 2684 daemonum
961 2621 991 2683 in
1020 2622 1071 2684 illo
1101 2623 1215 2685 climate
1237 2624 1417 2687 dominatur.
1454 2614 1483 2683 Si

321 2722 399 2785 enim
420 2722 469 2784 ⁷et
490 2721 683 2784 'Aristoteles
705 2722 846 2784 ”heroem
863 2723 1008 2802 quendam
1025 2723 1178 2786 Sardiniae
1199 2732 1283 2786 notat
1304 2725 1486 2787 incubatores

319 2823 379 2887 leui
402 2823 449 2884 sui
472 2823 636 2884 visionibus
658 2823 832 2903 privantem,
856 2824 913 2886 erit
934 2832 963 2886 et
985 2827 1043 2888 hoc
1063 2825 1094 2887 iu
1116 2825 1295 2888 daemonum
1309 2823 1487 2896 libidinibus,

318 2934 378 2987 tam
402 2925 546 2986 ¹⁰aulerre
568 2925 684 2987 somnia
707 2944 794 3004 quam
816 2925 936 3000 inferre,
958 2934 991 2988 ut
1004 2927 1132 2988 Neronis
1147 2945 1267 3006 quoque
1281 2929 1343 2990 seri
1360 2926 1486 2991 somnia·

321 3026 395 3087 toris
419 3034 449 3086 et
463 3025 700 3105 ¹¹Thrasymedis
716 3025 852 3106 insigneb
875 3027 943 3089 iude
966 3028 1153 3107 processerit.
1186 3028 1246 3089 Sed
1268 3038 1298 3090 et
1319 3048 1338 3091 a
1360 3030 1416 3091 deo
1438 3028 1487 3090 de·

321 3127 455 3188 ducimus
478 3125 631 3189 ¹²somuia.
667 3126 744 3200 Quid
768 3146 839 3206 ergo
862 3146 917 3189 nec
939 3129 1026 3190 adeo
1043 3128 1200 3191 ¹’Atlantes
1224 3129 1426 3205 somniarent,
1446 3128 1490 3190 vel

319 3228 387 3308 quia
410 3228 489 3290 nulla
511 3227 568 3289 iam
591 3246 664 3307 gens
687 3228 735 3289 dei
757 3236 896 3290 extranea
919 3238 981 3303 est,
1005 3230 1035 3291 in
1052 3248 1171 3293 omnem
1194 3240 1303 3293 terram
1324 3239 1356 3293 et
1376 3231 1408 3293 in
1429 3239 1491 3292 ter·

319 3330 417 3392 minos
441 3329 522 3391 orbis
539 3329 689 3408 evangelio
705 3329 904 3391 coruscante?
940 3331 1016 3391 Num
1040 3349 1109 3410 ergo
1133 3341 1182 3393 aut
1203 3335 1280 3394 lama
1301 3331 1424 3394 mentita
1447 3339 1495 3394 est

318 3431 488 3504 Aristoteli,
512 3441 562 3492 aut
583 3431 759 3492 daemonum
781 3432 878 3492 adhuc
899 3431 974 3492 ratio
997 3441 1057 3506 est,
1081 3433 1211 3494 dumne
1235 3432 1374 3495 ¹‘animae
1394 3431 1495 3512 aliqua

321 3541 426 3595 natura
448 3532 584 3593 credatur
606 3532 745 3594 immunis
767 3531 981 3594 somniorum?

213 3653 304 3713 capr..
407 3633 501 3696 ¹Satis
523 3634 560 3695 de
581 3633 702 3715 speculo
724 3632 848 3705 mortis,
882 3632 911 3693 id
940 3640 987 3694 est
1018 3632 1055 3694 de
1082 3647 1206 3707 somno,
1238 3632 1319 3695 ’tum
1346 3633 1435 3696 etiam
1458 3634 1495 3696 de

318 3734 447 3814 negotiis
469 3734 583 3808 somni,
606 3734 636 3795 id
658 3742 704 3795 est
726 3733 762 3796 de
777 3733 912 3795 somniis.
944 3733 1029 3794 Nunc
1050 3733 1086 3795 ad
1109 3734 1253 3813 originem
1275 3733 1366 3797 huius
1389 3753 1494 3797 exces-

321 3920 361 3999 17.
380 3919 476 4036 ieinpus
492 3919 551 3983 lot,
570 3919 609 3969 Fr.
625 3919 713 3969 lunius.
774 3919 813 3970 18.
832 3918 928 3978 danihel
946 3925 996 3986 Δφ.
1058 3918 1096 3969 19.
1121 3920 1197 4001 cernit
1219 3920 1265 3971 loe.
1281 3919 1408 3971 Iduum.
1452 3918 1494 3972 20.

320 4002 344 4037 ur
363 4003 407 4037 om.
442 4019 448 4034 .
1365 4008 1372 4017 ·

387 4071 445 4135 Cap.
464 4070 541 4121 xllx.
579 4070 600 4119 1.
619 4072 728 4122 omuil.
779 4071 803 4122 2.
823 4072 935 4122 atlantico
952 4072 977 4123 l.
1013 4072 1190 4124 Athlantlcoll.
1242 4068 1266 4120 8.
1285 4073 1433 4133 oteeoedd
1469 4071 1495 4123 1.

319 4139 480 4189 noctemt'ob.
517 4153 564 4188 non
583 4139 607 4187 ll.
645 4140 720 4189 Omitt.
730 4139 765 4201 1.,
785 4147 806 4189 et
825 4142 849 4189 in
866 4140 928 4202 dmg.
948 4141 1032 4203 legitor
1048 4142 1101 4202 „ot
1115 4142 1177 4190 deest
1196 4138 1272 4190 non.“
1312 4139 1337 4190 5.
1355 4139 1494 4204 iteqness.

318 4205 342 4255 o.
361 4208 529 4258 texenturtll.
582 4205 607 4255 ’1.
625 4215 648 4256 ct
666 4223 710 4258 om.
725 4208 767 4269 18.
821 4206 845 4256 8.
864 4208 1040 4257 dristotilesd.
1098 4208 1122 4258 9.
1142 4207 1275 4256 beroenll.
1331 4206 1372 4256 tu.
1397 4208 1495 4257 toleres

317 4275 456 4337 omoiatpt.
513 4275 550 4324 11.
569 4274 765 4325 thersimedisd.
821 4273 859 4323 12.
878 4275 971 4324 somnia
990 4275 1101 4339 llmpcob.
1136 4274 1278 4325 omniedll.
1333 4273 1375 4325 18.
1392 4275 1493 4324 dthlen·

318 4350 354 4392 tes
373 4344 397 4393 B.
453 4343 491 4392 11.
509 4343 603 4392 animae
622 4359 666 4392 om.
684 4342 741 4391 oca.

386 4428 444 4489 Cap.
463 4428 489 4476 L.
539 4428 563 4476 1.·
586 4427 624 4476 ua
649 4426 761 4477 uosrts
783 4426 810 4476 Vl
828 4425 866 4487 llll
885 4426 976 4484 eccl.)
1000 4426 1038 4475 ΕΤ
1063 4426 1101 4475 llll
1126 4424 1288 4477 umtuuuo
1310 4423 1493 4476 hunnerico.

317 4494 459 4545 sutelae.
513 4493 537 4544 ².
555 4501 605 4545 tom
624 4497 655 4557 b,
675 4510 725 4546 com
742 4495 807 4545 Folo.
826 4495 916 4545 Ursino.
952 4509 1006 4544 cum
1023 4495 1101 4545 laea.

353 4678 375 4727 g.
393 4664 456 4713 eruit
472 4656 546 4727 victu]
564 4662 627 4712 llihil
641 4670 716 4712 muto.
741 4666 879 4714 leereoe'eto
965 4663 1023 4726 Cap.
1042 4662 1117 4712 xllx.
1154 4677 1174 4712 a,
1193 4657 1314 4724 Atlantes]
1339 4659 1401 4710 etin.
1419 4659 1448 4712 u.
1462 4658 1493 4711 rt.

319 4741 355 4782 eet
373 4729 550 4797 ξηροφαγεῖν.
581 4730 614 4778 lle
633 4732 776 4782 stelionibus
793 4747 814 4782 v.
833 4732 877 4781 ad·
930 4729 989 4791 V,8.
1022 4730 1109 4780 llerod.
1129 4727 1232 4788 tutat.

318 4808 378 4851 hott
396 4801 426 4850 ad
444 4799 479 4849 De
497 4798 563 4848 Orat
582 4812 634 4861 cap.
645 4797 683 4848 19.
961 4798 985 4845 b.
1003 4799 1106 4847 Neronis
1125 4812 1220 4861 otioque
1232 4797 1281 4846 seri
1296 4795 1455 4845 somniatoris
1467 4798 1493 4843 et

928 4866 1096 4930 Thrasymedis
1115 4861 1220 4928 insigne}
1238 4864 1276 4915 Gi.
1293 4878 1368 4928 supra
1388 4858 1490 4926 capi&
