3242 5775
715 666 754 710 ns
775 666 876 713 ιιιιιι.
983 657 987 664 ’
1319 647 1386 718 bbd'

197 819 267 900 ipse
290 818 395 882 Plato·
416 834 560 880 sensuum
582 823 613 878 et
632 816 833 879 intellectuum
856 816 998 891 salntem,
1021 825 1052 880 et
1065 813 1190 879 (Ξίιιοιοι
1211 815 1390 882 thesaurum-

201 919 341 983 omnium
364 917 533 980 studiorum
554 916 742 997 praedicavit.
787 917 807 950 ¹¹
815 917 875 980 Nec
895 918 954 980 boc
975 918 1034 980 iam
1055 917 1088 979 in
1108 915 1232 980 dubium
1252 917 1385 1008 deduoe7

205 1029 269 1097 tur,
293 1038 333 1082 an
356 1027 415 1081 tam
437 1019 534 1081 divina
552 1017 649 1080 anima
665 1018 838 1104 memoriam
854 1016 986 1098 potuerit
1000 1018 1152 1092 amittere,
1176 1017 1230 1080 sed
1245 1034 1284 1081 an
1297 1037 1386 1100 quam

211 1119 372 1184 ”amiserit
392 1136 569 1199 recuperare
590 1117 689 1180 denuo
711 1119 820 1199 possit.
854 1119 938 1193 Quae
952 1118 1031 1181 enirn
1047 1136 1108 1180 non
1123 1118 1227 1182 debuit
1239 1118 1386 1195 oblivisci,

218 1223 241 1284 si
261 1221 353 1284 oblita
376 1220 432 1292 sit,
453 1219 556 1281 nescio
578 1237 616 1280 an
638 1218 733 1281 valeat
753 1219 914 1282 recordari.
948 1218 1019 1281 ¹⁸lta
1039 1227 1199 1300 utrumque
1219 1237 1304 1284 meae
1319 1219 1387 1304 ani7
1471 1268 1474 1274 .

219 1341 291 1396 uae,
320 1340 383 1383 non
404 1320 572 1382 Platonicae
593 1329 747 1399 congruet.
790 1320 928 1382 Secundo
957 1320 1050 1400 gradu
1077 1337 1244 1402 opponam:
1276 1319 1387 1388 ustura

224 1430 380 1503 compotem
404 1421 531 1482 unimam
552 1421 626 1482 iacis
647 1420 780 1482 idearum
802 1421 936 1494 illarum,
958 1439 996 1483 an
1017 1419 1104 1483 noui
1146 1421 1242 1484 lmmo
1269 1427 1386 1493 natura,

225 1523 322 1604 inquis.
364 1521 458 1585 Nemo
487 1539 559 1599 ergo
581 1522 725 1583 concedet
747 1523 909 1584 naturalem
930 1520 1085 1584 scientiam
1105 1521 1284 1585 naturalium
1305 1521 1388 1586 exci-
1452 1519 1461 1526 “

227 1624 284 1687 dere
305 1623 423 1688 artium.
467 1621 589 1684 Excidet
610 1623 794 1694 studiorum,
825 1622 944 1714 excidet
966 1621 1187 1696 doctrinarum,
1214 1621 1388 1703 discipliua-
1404 1677 1417 1698 ,

227 1743 295 1800 mm;
328 1723 473 1787 '‘arcidet
493 1724 622 1785 tortasse
645 1731 675 1784 et
695 1723 883 1801 ingeniorum
906 1732 936 1785 et
957 1723 1131 1797 ademauro,
1164 1741 1240 1803 quae
1266 1731 1389 1786 naturae

228 1825 365 1900 utentur,
389 1843 451 1887 non
473 1832 571 1886 tamen
594 1832 680 1897 sunt,
703 1824 788 1904 quia,
810 1832 845 1885 ut
864 1822 1101 1904 praemisimus·,
1134 1831 1165 1886 et
1183 1842 1240 1905 pro
1260 1821 1337 1886 locis
1358 1831 1390 1886 et

230 1943 271 2003 pro
291 1925 527 1990 institutionibus
549 1932 580 1986 et
599 1942 655 2003 pro
678 1925 872 2004 corpulentiis
894 1943 929 1986 ac
949 1923 1165 1987 valetudinibus
1196 1931 1226 1987 st
1251 1941 1308 2005 pro
1328 1941 1388 2006 po·

231 2029 372 2095 mutibus
395 2025 638 2088 dominatricibus
660 2034 691 2086 et
711 2043 766 2105 pro
788 2026 974 2090 libertatibus
996 2023 1113 2088 arbitrii
1135 2043 1171 2087 cx
1188 2024 1389 2089 accidentibus

232 2137 361 2191 mosunt
404 2126 586 2190 Naturalium
615 2144 686 2187 vero
718 2127 840 2188 solantia
869 2145 907 2187 ne
935 2127 966 2188 in
994 2125 1101 2188 hestiis
1129 2125 1249 2206 quidem
1280 2125 1389 2189 delicit

232 2224 302 2293 Plane
324 2229 518 2292 obliviscetur
531 2227 655 2289 leritatis
678 2228 741 2301 leo,
764 2227 1003 2290 mausuetudinis
1017 2226 1186 2290 eruditione
1199 2231 1389 2307 praeventus,

235 2335 331 2394 etcum
354 2338 420 2393 toto
442 2326 600 2409 suggestu¹
619 2327 755 2389 iubarum
778 2328 915 2390 delicium
936 2329 989 2390 tiet
1009 2325 1169 2390 Berebices
1190 2327 1315 2391 alimius
1336 2345 1389 2390 re·
1413 2365 1418 2378 ·

235 2427 329 2506 praet,
362 2431 462 2510 lingua
488 2415 580 2509 genas
608 2428 673 2490 eius
702 2429 881 2492 emaculans.
928 2429 1029 2491 liores
1057 2428 1184 2492 bestiam
1211 2427 1390 2509 relinquent,

236 2530 339 2594 mentia
360 2530 539 2593 naturalium
560 2529 755 2610 permanebit.
798 2530 866 2591 Non
888 2529 1081 2593 obhviscetur
1107 2530 1187 2594 idem
1213 2529 1390 2598 naturalium

236 2630 406 2714 pabulordm,
430 2630 633 2693 ¹'naturalium
648 2620 864 2706 remediorum,
886 2631 1063 2693 naturalium
1079 2640 1244 2707 terrorum3
1267 2638 1297 2694 et
1311 2629 1339 2692 si
1353 2629 1392 2692 de

236 2730 366 2808 tbubus,
390 2732 467 2796 etsi
489 2733 527 2795 de
547 2731 690 2812 placentis
713 2732 814 2812 regina
836 2732 863 2794 ei
886 2731 1043 2808 obtulerit,
1066 2749 1186 2795 carnem
1201 2729 1392 2806 desiderabit,

238 2835 297 2897 etri
317 2833 468 2914 languenti
491 2831 651 2895 theriacam
673 2832 891 2912 composuerit,
914 2832 1030 2896 simiam
1054 2831 1101 2896 leo
1123 2831 1289 2916 required,
1314 2839 1344 2896 et
1364 2831 1392 2895 si

198 2924 199 2987 ἦ
238 2934 329 2998 utum
351 2935 393 2997 illi
415 2934 590 2996 venabulum
612 2933 823 3008 '‘affirmabiti,
847 2935 953 3015 gallum
977 2936 1075 2998 tamen
1089 2932 1289 2998 formidabit¹¹.
1318 2934 1393 2997 Per·
1486 3002 1490 3009 ¹

238 3029 289 3098 'ude
308 3045 338 3098 et
360 3035 472 3097 homini
502 3035 633 3096 omnium
663 3035 785 3097 lorsitan
814 3022 1046 3098 obliviosissimo
1073 3037 1261 3099 inobliterata
1287 3053 1394 3116 persea

198 3160 199 3179 ¹
239 3137 332 3200 veuit
353 3136 416 3199 sola
440 3137 563 3198 scicntia
585 3136 779 3210 naturalium,
814 3148 848 3198 ut
869 3137 933 3198 sola
957 3138 1069 3199 scilicet
1090 3137 1248 3209 naturalis,
1280 3154 1397 3198 memor

240 3234 339 3319 tdoaper
359 3237 555 3300 manducandi
579 3238 608 3298 in
631 3237 731 3298 esurie
754 3244 784 3298 et
804 3236 924 3299 bibendi
947 3237 1060 3312 insiti,
1083 3247 1113 3300 et
1127 3238 1221 3300 oculis
1235 3235 1395 3297 videndum

240 3338 392 3401 taunbus
414 3338 592 3400 audiendum
615 3347 645 3399 et
665 3337 787 3399 naribus
811 3338 997 3399 odorandum
1025 3346 1056 3399 et
1084 3356 1138 3400 ore
1160 3335 1336 3416 gustandum
1365 3341 1395 3396 et

240 3452 308 3502 nou
330 3439 583 3502 contrectandum.
623 3438 661 3498 lli
684 3447 754 3499 sunt
775 3447 857 3500 certe
879 3457 1005 3512 sensus,
1028 3456 1104 3517 quos
1127 3435 1317 3518 philosophia
1339 3434 1395 3496 de-

239 3540 328 3613 necat
347 3540 587 3603 intellectualium
610 3540 802 3619 praelatione.
847 3539 938 3618 igitur
960 3538 987 3600 si
1009 3537 1151 3599 naturalis
1175 3535 1299 3598 scientia
1321 3552 1420 3611 sen·,

241 3641 346 3704 urium
369 3647 540 3723 permanet,
569 3640 719 3719 quomodo
749 3638 1004 3712 intellectualium,
1033 3656 1109 3717 quae
1136 3637 1238 3718 potior
1258 3634 1395 3709 babetur,

242 3732 423 3805 “hterciditi
455 3741 539 3803 Unde
562 3759 639 3802 nunc
661 3741 727 3820 ipsa
749 3739 793 3801 vis
817 3739 975 3802 oblivionis
990 3738 1192 3804 antecedentis
1207 3733 1395 3800 recordatio-

242 3841 313 3905 ent
347 3842 392 3904 En
414 3841 611 3913 multitudine,
634 3842 690 3914 ait,
714 3840 869 3920 temporis.
903 3841 981 3903 Satis
1004 3840 1234 3921 ¹‘inprospecte
1267 3834 1395 3910 Quanti-

243 3940 273 4002 δι
291 3944 368 4007 enim
391 3943 535 4024 temporis
557 3961 617 4003 non
640 3940 801 4021 pertinebit
822 3939 860 4001 ad
880 3959 944 4002 eam
967 3959 1030 4002 rem
1052 3958 1128 4020 quae
1150 3940 1251 4002 innata
1272 3937 1396 4012 dicatur,

243 4083 331 4147 llttee
348 4110 379 4145 ne
397 4096 445 4146 boc
461 4095 487 4147 1.
541 4095 580 4145 12.
600 4094 680 4144 amisit
697 4094 737 4143 db.
792 4091 832 4142 13.
851 4092 885 4142 lto
903 4095 982 4143 caat.
1043 4092 1083 4142 ll.
1102 4093 1196 4143 excidet
1211 4093 1252 4143 dd.
1288 4090 1399 4141 excidant

240 4158 315 4228 'diest
357 4162 397 4214 lh.
416 4162 560 4213 omuraliom
580 4162 742 4213 remediorum
761 4161 842 4210 omi.
884 4158 923 4211 tc.
942 4159 1074 4210 olllrmabit
1089 4161 1115 4211 t.
1150 4157 1289 4211 obfirmabit
1304 4158 1398 4223 reliqui.

198 4292 199 4303 γ
241 4216 411 4281 ¹lhtercidet
428 4232 453 4281 1.
507 4231 547 4281 18.
567 4231 591 4279 io
609 4229 748 4294 prospectis
764 4227 808 4278 td.
1020 4242 1025 4250 ·

263 4342 283 4378 ι
299 4327 378 4393 Plato]
396 4331 457 4380 Plat.
476 4331 566 4380 Phileb.
588 4346 611 4393 p.
621 4329 654 4379 tt
664 4345 701 4393 sq.
873 4327 898 4377 b.
917 4327 1011 4377 simiam
1030 4325 1069 4376 leo
1087 4320 1207 4391 requirat]
1234 4323 1326 4375 delion.
1345 4324 1362 4375 Ι.
1373 4325 1399 4384 1.,

263 4395 286 4445 d.
308 4396 403 4460 Cicero]
430 4399 480 4448 Cic.
507 4399 540 4448 lle
564 4399 630 4448 Orat.
656 4397 674 4456 l,
690 4397 714 4446 5.
749 4394 787 4445 Cl.
839 4391 1110 4455 intercluserunt.
1132 4392 1192 4442 l’liu.
1212 4391 1401 4454 tertullio.

235 4448 364 4538 Qudne.
384 4466 511 4516 bedeima
530 4481 582 4529 cap.
595 4464 634 4515 12.
654 4463 787 4521 etiarnll,
839 4463 950 4513 imbros.
968 4461 1067 4511 Herem.
1084 4459 1155 4522 ll,d.

232 4512 481 4664 ὴῖιρξιιέωἰήωω]
501 4600 578 4665 Supra
598 4615 651 4664 cap·
665 4598 703 4649 19·
841 4556 1051 4682 teiieifflmbn]
1069 4559 1247 4612 idesttlrmonr
1260 4560 1339 4622 locist,
1357 4558 1402 4611 ds-

266 4660 422 4734 i-mgpesto]
447 4668 548 4717 Ornata.
585 4667 621 4718 Gi.
648 4681 710 4732 quae
733 4664 788 4716 dedi
924 4666 931 4680 '

232 4720 263 4772 ¹1
285 4727 423 4785 badoronis
441 4751 494 4800 cap.
507 4735 545 4784 13.
876 4731 899 4780 1.
917 4729 1007 4793 pallum
1025 4738 1106 4781 tamen
1118 4723 1280 4795 formidabit]
1298 4726 1324 4778 V.
1340 4724 1401 4775 l'lio.

232 4795 421 4929 Ε,ειιῧιῦιιὲιιίθιιιι
430 4802 532 4854 alicuius
541 4794 652 4865 reginae]
665 4801 690 4850 1.
699 4799 790 4852 helian.
843 4796 859 4848 l.
874 4796 891 4848 l.
926 4798 987 4849 item
1005 4798 1115 4849 imbros.
1134 4796 1150 4847 l.
1165 4798 1181 4847 l.

232 4926 239 4939 ¹
269 4940 422 5001 ΙΙ’ῐιιιιιιιιιιι
432 4968 486 5003 ora.
496 4968 534 5000 ιιι.
547 4966 646 5000 enarra.
665 4950 765 4999 remit.
1215 4942 1249 4997 88
