3242 5775
541 665 690 712 menaeus
710 665 956 713 vusmimeuos.
1274 651 1339 720 397

163 813 318 880 nucum
352 821 386 880 et
414 814 618 890 formationis,
655 816 805 896 mutium
832 816 1050 898 perpetuitatis.
1102 816 1210 881 Filium
1238 827 1338 884 autem

164 917 345 982 ntimnnt
365 914 638 998 adprehensibilem
658 917 765 999 patris.
799 917 987 991 ¹⁸Quomodo
1008 926 1109 982 umen
1129 919 1338 1000 adprehenda-
1442 997 1450 1006 ⁸

163 1025 194 1082 1
212 1021 283 1082 tnm
315 1015 455 1098 prolatus
477 1009 614 1082 Christus
643 1017 771 1081 edocuit
824 1017 955 1102 Spiritus
982 1037 1055 1082 vero
1075 1018 1176 1083 Sancti
1204 1020 1338 1102 propria,
1442 1075 1446 1083 .

106 1192 107 1202 χ
161 1115 204 1182 'u
222 1117 266 1182 de
290 1117 455 1182 doetrinae
475 1117 575 1183 studio
600 1137 704 1182 omnes
724 1119 896 1200 peraequati
918 1120 1079 1200 qratiamm
1098 1119 1247 1185 achonem
1260 1139 1337 1202 pro-

105 1209 110 1292 [
159 1219 227 1302 qai
250 1226 414 1291 nossent,
437 1227 468 1282 et
487 1239 588 1284 reram
609 1220 823 1284 inducerentur
844 1219 999 1301 quietem‘.

223 1321 347 1402 ltaque
370 1337 477 1384 omnes
505 1322 600 1384 torma
630 1330 660 1384 et
681 1320 841 1386 ¹soientia·
866 1330 1103 1404 peraequantur,
1135 1324 1204 1387 lacti
1231 1341 1337 1390 omnes
1357 1343 1470 1407 ceant
1502 1363 1506 1370 ·

105 1416 109 1426 '
151 1421 222 1503 ped
245 1420 486 1502 unusquisqu03
508 1441 597 1485 nemo
621 1422 719 1496 aliud,
742 1421 810 1503 quia
831 1421 934 1486 'alteri
956 1424 1092 1487 omnes⁸.
1128 1424 1339 1490 Relunduntur

148 1523 251 1604 'ndns
277 1540 413 1597 omnes,
434 1522 464 1585 in
480 1522 640 1598 Homines,
662 1522 870 1598 in'lhelstos,
891 1523 1001 1604 'aeque
1015 1524 1159 1598 laminae,
1181 1525 1230 1588 ⁴in
1240 1525 1337 1606 Siqua,

146 1624 297 1699 ibon,
324 1622 359 1686 in
381 1622 547 1700 Ecclesias,
573 1623 621 1687 'in
642 1624 834 1698 Fortumtas,
863 1632 897 1687 nt
918 1624 1043 1689 Ovidius
1063 1625 1337 1708 ‘heumorphoses

145 1743 209 1792 ne
232 1723 428 1800 delevisset,
449 1724 477 1786 si
498 1724 587 1788 hodie
608 1725 753 1788 maiorem
774 1725 974 1806 cognovisset
1011 1724 1126 1789 Exinde
1139 1725 1338 1812 relectisunt,

146 1824 398 1892 ammobilia
426 1832 514 1900 sunt,
548 1834 578 1889 et
604 1825 636 1888 in
663 1825 798 1907 requiem
826 1844 862 1888 ex
889 1826 1024 1889 veritate.
1041 1825 1201 1907 compositi
1226 1843 1337 1908 magico
1435 1861 1441 1868 ·

145 1947 206 1994 fle
223 1925 339 2011 gandii
354 1926 469 1988 buctn‘
490 1925 609 2007 hymnis
630 1935 743 2007 patrem
766 1927 937 1990 concinunt
972 1927 1197 1992 Diffundebatur
1219 1934 1251 1990 et
1268 1927 1337 2011 ipse
1454 1933 1458 1946 '

146 2029 276 2103 helitia,
302 2025 427 2107 'utique
450 2024 535 2090 bene·
548 2027 735 2090 cantantibus
758 2027 826 2091 liliis
849 2035 879 2090 et
892 2027 1064 2110 nepotibus.
1099 2027 1209 2101 Quidni
1224 2027 1336 2092 dillon-

147 2129 271 2194 h'atnr
297 2127 384 2190 omni
405 2126 602 2203 iocunditate,
623 2128 791 2192 Pleromate
805 2127 975 2192 liberatoli
1011 2128 1087 2201 Quis
1101 2129 1259 2193 nauclerus
1273 2147 1359 2210 non,
1404 2177 1407 2182 .

143 2231 233 2308 etiem
257 2247 335 2294 mm
360 2228 506 2292 dedecore
520 2228 667 2293 laetaturi
697 2229 836 2292 Videmus
851 2229 984 2309 quotidie
999 2230 1186 2294 nauticorum
1199 2229 1336 2294 lascivias

150 2333 364 2412 mdionamt
405 2329 509 2410 ltaque
530 2338 564 2393 ut
583 2339 690 2393 nautae
711 2331 749 2392 ad
777 2329 941 2411 symbolam
962 2349 1081 2411 semper
1100 2329 1249 2405 exultam,
1277 2329 1337 2394 tale

152 2433 257 2516 ffipid
277 2439 314 2495 et
326 2429 463 2504 Aeones,
486 2449 578 2493 unum
600 2431 658 2492 iam
680 2448 785 2493 omnes
808 2431 896 2493 etiam
911 2431 1023 2505 lorma,
1045 2431 1154 2495 nedum
1170 2429 1336 2506 sententiaa

154 2529 407 2598 oenrenientibns
429 2531 505 2612 ipsis
526 2532 662 2613 ⁸quoque
683 2533 769 2594 novis
791 2532 933 2595 iratribus
955 2541 985 2595 et
999 2531 1148 2612 magistris
1163 2531 1283 2597 Christo
1305 2539 1337 2597 et
1409 2517 1416 2528 ⁸

157 2685 192 2738 ib.
209 2683 454 2818 wohiimm
471 2684 532 2735 Aac,
586 2686 625 2736 19.
644 2685 708 2736 unde
726 2685 849 2735 doctrinae
865 2684 928 2736 ABG.

392 2750 415 2802 1.
434 2753 553 2802 sententia
572 2770 592 2805 e.
624 2753 741 2815 sapientia
760 2754 784 2802 d.
825 2751 849 2802 2.
869 2753 938 2803 elteri
955 2766 1049 2803 oman.
1067 2751 1236 2804 belunduetor
1248 2751 1335 2806 lelius

159 2834 245 2880 nn,
264 2819 432 2879 inllominee,
450 2819 600 2871 in'lbeletos
619 2837 669 2886 eqo.
704 2821 773 2870 alteri
791 2835 883 2870 omnes.
908 2819 1109 2870 llelneduntnrin
1122 2819 1182 2881 llus,
1199 2819 1335 2872 inSermo·

159 2902 204 2951 aas,
221 2891 247 2940 la
268 2888 400 2947 Homines,
418 2889 442 2938 in
461 2888 568 2939 Philetas
587 2891 609 2939 d.
651 2889 720 2939 alter.
746 2889 838 2941 Omnes
855 2889 1015 2939 retunduntur
1033 2890 1056 2938 io
1074 2887 1133 2949 llue,
1152 2889 1175 2938 in
1193 2888 1335 2949 Sermones,

160 2970 238 3009 aneae
256 2956 285 3006 in
303 2955 433 3016 Homines,
451 2956 474 3005 in
492 2955 602 3006 Christos
620 2973 639 3006 e.
686 2956 755 3007 alter.
786 2957 876 3007 Omnes
894 2957 1055 3007 retundantur
1072 2956 1097 3005 in
1114 2955 1177 3015 Nun,
1204 2969 1292 3005 omnes
1308 2956 1335 3007 in

161 3022 282 3083 hieu,
299 3024 325 3073 in
346 3023 455 3072 reiteres
472 3024 505 3081 (a.
522 3027 548 3073 le
564 3039 635 3086 mcrq.
655 3025 722 3074 babet
739 3023 847 3085 Teletos)
865 3026 902 3074 eb.
938 3024 1007 3074 alteri
1026 3038 1112 3074 omnes
1130 3023 1334 3073 relouduntnr·in

162 3090 214 3153 h,
231 3104 324 3142 ornnes
344 3090 368 3141 io
387 3090 511 3149 Homines,
531 3093 554 3140 in
574 3091 680 3140 Philetus
697 3091 757 3141 lec.
810 3090 834 3141 3.
853 3107 929 3155 aeque
951 3093 1012 3142 illd.
1054 3099 1078 3141 et
1094 3092 1266 3157 quaereliqsi
1307 3089 1333 3143 4.

161 3160 267 3223 ἰδίμ
285 3159 343 3209 abd.
378 3158 403 3207 iu
421 3159 489 3207 Siras
508 3159 531 3210 d.
567 3160 656 3207 insciae
672 3159 716 3208 AB.
752 3158 891 3208 inbletbiae
909 3175 939 3220 e„
958 3160 1097 3209 ealreeaeo.
1143 3158 1167 3207 b.
1185 3159 1209 3208 in
1228 3157 1334 3221 Spiritus

163 3241 185 3286 e,
200 3242 231 3278 a
247 3228 357 3277 brem.
410 3223 435 3274 e.
460 3226 676 3290 metamorphoseis
702 3226 785 3276 cabod.
830 3226 1034 3289 metamorphosis
1050 3227 1095 3277 All.
1155 3224 1180 3273 7.
1204 3233 1229 3274 et
1250 3226 1335 3289 utique
1367 3252 1381 3267 ·

161 3294 213 3344 ild.
238 3293 385 3410 Prebsltflg'r.
398 3292 487 3411 liberius.
541 3291 565 3343 8.
582 3308 679 3357 quoqne
697 3293 764 3342 noris
781 3292 926 3353 (nobisld.)
943 3291 1058 3343 iratribus
1077 3292 1177 3344 lllobed
1194 3292 1334 3343 Gorriertaia

163 3374 252 3427 qaeqee
270 3361 308 3410 tra
361 3373 390 3409 aa
426 3394 433 3408 .

189 3460 341 3511 hetaeum
351 3460 523 3510 inducerentur
533 3456 660 3538 quietem]
669 3459 720 3508 lre·
772 3460 884 3522 quentiae
919 3458 1120 3520 „Diffundebatur
1152 3466 1176 3508 at
1200 3457 1253 3522 ipse
1281 3458 1334 3510 laa-

163 3539 244 3579 ωε
270 3520 329 3582 „td
354 3521 386 3576 dd
408 3520 441 3577 ἓν
456 3526 565 3605 πνεῦμα
590 3520 621 3575 τὸ
640 3539 722 3591 αγιον
772 3527 850 3576 titia.“

164 3584 341 3649 Macer
363 3584 464 3648 αὖτοὺς
485 3608 591 3647 norece
614 3585 721 3660 εὖχαρι-
807 3594 829 3642 d.
855 3592 991 3643 Pleromate
1008 3588 1145 3658 liberetoil
1162 3593 1222 3644 Nam
1240 3593 1335 3643 Aeones

165 3661 230 3712 trab
246 3655 367 3718 illidaris,
385 3656 433 3710 aei
449 3657 501 3723 τὴν
509 3655 643 3721 ἀληθινὴν
657 3653 722 3709 ἀνά·
773 3660 884 3709 Pleroma
903 3670 1085 3721 concurrerant,
1111 3660 1186 3724 Bytho
1211 3661 1334 3723 negotium

277 3722 287 3743 ⁸
320 3721 329 3739 '
415 3734 435 3758 as
599 3744 605 3756 .
679 3730 706 3740 ··
854 3728 859 3738 ¹
903 3729 908 3740 ·
1142 3729 1147 3739 ·
1192 3726 1197 3739 ·
1321 3752 1335 3765 ,

164 3731 740 3862 malta·‚iellzll‘zrllt‘l¹
772 3729 917 3860 lsltlll
940 3728 1334 3860 llltltl'llsllll.

166 3866 245 3924 mee
264 3878 339 3929 egere
356 3864 448 3926 docuit,
475 3874 499 3915 et
516 3879 594 3914 veram
613 3866 721 3928 requiem
773 3866 887 3912 Sanctum
917 3863 1054 3913 constitutis
1086 3862 1207 3914 leonibus
1240 3861 1354 3913 nullam·

167 3932 276 3983 'niv‘
773 3930 878 3994 emplius
895 3930 1031 3994 perieulum
1049 3929 1335 3990 eratl’leromati.(llbe·

190 3998 251 4065 Cep.
267 3998 321 4050 xtl.
347 3995 636 4064 useieutiellreuaens:
655 3988 722 4053 „oii-
774 4000 840 4057 nan.)
874 3997 931 4047 Vide
955 4013 985 4048 ne
1010 3999 1101 4049 rectius
1124 4000 1156 4048 ait
1178 3995 1333 4048 scribendum

168 4074 212 4119 ter
235 4078 266 4117 aa
375 4059 465 4133 ῇκαὶ
487 4058 584 4132 γνώμῃ
612 4058 722 4119 ieeur.“
773 4074 845 4129 alque
863 4065 1057 4127 distinguendum
1082 4065 1189 4127 „Quidni
1212 4063 1334 4114 dillunde·
1435 4066 1444 4081 ‘

169 4128 296 4199 ffiprae:
324 4170 341 4194 „
364 4141 373 4183 t
398 4134 434 4184 eie
458 4134 535 4184 lorma
557 4142 581 4184 et
604 4134 721 4183 sententia
773 4128 861 4182 retur?
887 4133 957 4181 Omni
975 4134 1144 4184 interseditste
1160 4131 1261 4182 liberato
1279 4131 1334 4196 pla·

169 4199 269 4251 ὕει’*
287 4208 346 4252 cett.
773 4208 866 4250 ramale
885 4200 939 4264 quis
958 4199 1087 4250 nauclerus
1111 4213 1159 4249 noa
1183 4200 1254 4249 etiam
1279 4212 1333 4249 earn

194 4266 216 4320 b.
240 4282 317 4319 eemo
342 4267 418 4328 aliud,
448 4268 502 4331 qnia
529 4268 598 4318 elteri
616 4263 723 4334 omues]
773 4267 893 4318 dedecore
912 4262 1052 4317 laetaturr‘
1086 4266 1158 4317 hedit
1181 4267 1243 4317 enlm
1262 4280 1334 4317 roca·

170 4331 248 4387 θιύ
264 4344 326 4387 eant
342 4335 423 4394 alteri,
442 4349 490 4385 non
508 4336 581 4385 aliod.
617 4337 668 4386 lloc
686 4343 723 4385 est
773 4335 831 4385 bulo
849 4326 901 4394 alei
920 4346 991 4400 ωμα,
1018 4332 1081 4383 ouda
1104 4333 1212 4384 sanderi
1235 4334 1334 4384 mendo.
1417 4394 1420 4399 Ι

169 4412 242 4455 tues
259 4412 320 4456 eant
338 4402 480 4463 Sermones,
497 4418 582 4453 omnes
599 4412 656 4453 snut
671 4403 722 4453 llo·
774 4404 861 4462 „Com
908 4402 1011 4451 edeeore
1038 4408 1117 4452 antem
1144 4400 1252 4452 laetari“
1275 4400 1333 4467 quid

169 4470 249 4533 liare,
284 4484 374 4523 omnes
400 4460 502 4530 Phileti,
530 4485 615 4521 omnes
642 4472 722 4533 Sigae,
772 4470 908 4532 siqnillcere
925 4468 997 4518 vellet
1013 4468 1105 4520 dixerat
1120 4482 1204 4532 supra,
1232 4467 1334 4519 diffundi

105 4543 110 4551 '
168 4547 242 4590 mee
258 4538 334 4590 zoae.
370 4538 454 4601 ltaque
473 4540 566 4602 primns
587 4546 624 4588 est
642 4539 722 4587 Phile·
773 4538 883 4587 videlicet
900 4536 999 4596 laetitia,
1023 4542 1049 4587 et
1073 4535 1192 4599 siquideet
1208 4536 1271 4587 inira
1289 4549 1334 4601 per

105 4618 110 4630 ·
169 4608 206 4663 Ι.
221 4607 349 4659 malm
360 4605 422 4655 alter
432 4605 547 4665 Philetus,
565 4606 649 4657 tectius
661 4606 724 4655 alter
772 4604 902 4666 „lasciuiae
920 4602 1089 4666 pandioromf‘

106 4669 111 4697 ²
169 4666 272 4735 Hans,
305 4682 330 4724 ee
348 4673 385 4724 eie
403 4671 434 4722 de
457 4675 551 4723 ceteris.
593 4674 634 4722 Sle
658 4674 721 4722 enim
807 4686 828 4721 e.
848 4671 959 4721 Videmus
993 4668 1332 4722 notldienentleernmlaaei·

106 4754 115 4764 ·
169 4750 239 4794 thee
261 4742 345 4803 altari,
369 4741 475 4804 ideoque
493 4755 541 4790 non
569 4740 643 4790 aliud.
670 4740 722 4800 (lli-
771 4739 822 4788 vias
840 4686 1002 4803 qacdioremffi
1020 4739 1054 4789 lla
1071 4736 1331 4790 bocloootideel'er·
1425 4790 1439 4819 ⁶

105 4808 117 4819 '
167 4809 222 4871 aab.)
772 4805 900 4856 tullianum
924 4807 997 4857 maria
1021 4806 1096 4857 luisse
1113 4806 1230 4865 accolam,
1255 4810 1282 4853 et
1306 4802 1332 4853 ln

193 4891 211 4927 e.
227 4892 285 4930 eam
310 4875 396 4942 gandii
420 4872 512 4938 tracto]
541 4874 666 4925 lllnstraut
682 4888 722 4925 ee-
774 4874 956 4937 Carthaginensi
975 4888 1033 4937 earo
1050 4880 1192 4926 versantem.
1204 4867 1334 4933 (liberae.)
