3242 5775
221 1966 223 1970 ’
311 1950 512 2032 prehensibile
544 1969 614 2012 vero
647 1950 711 2012 eius
744 1950 944 2028 generationis
978 1950 1094 2012 illorum
1132 1960 1162 2013 et
1194 1951 1383 2014 formationis
1416 1971 1485 2015 esse
1516 2012 1519 2018 .

315 573 379 637 396
468 641 473 656 ,
568 589 670 640 numm
694 589 825 633 sersaau
848 589 1012 634 saonensis
1036 589 1279 634 renronuuur‘

315 746 405 802 ctum.
437 736 676 817 'Turpissimum
698 747 800 818 putem
822 739 949 800 duorum
970 737 1200 802 masculorum.
1236 739 1294 801 hut
1309 740 1418 803 femina
1432 742 1491 803 erit
1518 799 1526 843 ἶ

314 839 446 920 Spiritus
468 836 608 911 Sanctus,
632 846 662 899 et
682 839 852 902 annornm
873 858 888 901 a
911 839 1019 901 lomina
1034 840 1209 902 masculus⁸.
1245 840 1380 903 'Numen
1395 842 1426 903 in
1441 842 1490 905 his
1517 904 1526 947 Ι

314 941 401 1003 datur
423 958 531 1011 unum,
553 939 731 1018 'procurare
753 939 1028 1003 concinnationem‘
1041 941 1184 1004 aleonum.
1214 940 1270 1003 Ἐἰ
1292 941 1328 1003 ab
1351 941 1417 1003 eius
1441 944 1490 1004 ol·
1517 1006 1521 1018 ,

314 1041 373 1103 licii
395 1040 537 1103 societate
559 1040 634 1102 duae
663 1041 783 1103 scholae
810 1042 966 1122 protinus,
998 1033 1072 1104 duae
1099 1041 1270 1116 cathedrae,
1302 1043 1491 1122 inauguratio
1516 1031 1521 1047 ’

314 1141 457 1223 quaedam
486 1141 659 1203 dividendae
688 1143 839 1224 doctrinae
868 1142 1023 1204 Valentini.
1073 1142 1182 1204 Christi
1210 1150 1274 1205 erat
1299 1142 1491 1205 ¹⁰induoere¹
1517 1209 1525 1220 ι

312 1243 430 1305 Aeonas
457 1249 600 1304 naturam'
620 1243 826 1323 coniugiorum
854 1244 948 1319 (vides
976 1262 1063 1324 quam
1092 1263 1155 1307 rem
1184 1243 1312 1323 ¹¹plane)
1338 1252 1367 1305 et
1394 1245 1491 1307 innati
1517 1223 1526 1252 ¹

314 1344 575 1417 coniectationem,
598 1352 627 1406 et
649 1344 775 1406 idoneos
798 1344 916 1407 ellicere
938 1345 1099 1425 generandi
1119 1346 1148 1407 in
1172 1364 1206 1407 se
1228 1344 1409 1425 agnitionem
1430 1365 1488 1426 pa·
1516 1315 1526 1374 ἦ

313 1446 384 1518 tris,
417 1445 497 1524 quod
518 1463 624 1525 capere
646 1464 713 1528 eum
741 1464 800 1508 non
831 1445 871 1508 sit
898 1465 994 1526 neque
1023 1446 1292 1527 comprehendere,
1327 1464 1388 1508 non
1421 1414 1526 1509 visu“

313 1546 460 1626 denique,
494 1564 555 1607 non
577 1546 680 1608 auditu
707 1546 865 1626 compotiri
892 1547 975 1621 eius,
1007 1547 1067 1609 nisi
1093 1566 1148 1628 per
1171 1546 1405 1626 ”Monogenem
1451 1547 1488 1610 Et
1508 1519 1526 1638 Δ·

314 1656 411 1710 tamen
434 1646 567 1709 tolerabo
590 1646 670 1725 quod
691 1646 732 1707 ita
747 1646 925 1710 ¹³disserunt
945 1655 1059 1729 patrem
1074 1667 1192 1722 nosse,
1207 1648 1271 1710 ¹⁴ne
1286 1667 1344 1710 uos
1360 1656 1390 1710 et
1405 1648 1485 1711 illud.
1509 1625 1526 1708 ’,Ε

312 1748 405 1829 blagis
422 1747 591 1810 denotaboh
613 1746 766 1810 doctrinae
780 1747 1021 1828 perversitatem,
1045 1749 1125 1828 quod
1143 1748 1325 1811 docebantur
1341 1749 1486 1811 ¹‘incom·
1508 1725 1526 1767 ἡ

310 1849 511 1931 prehensibile
525 1849 644 1929 quidem
659 1848 750 1928 patris
765 1867 884 1911 causam
899 1868 968 1911 esse
983 1850 1189 1930 perpetuitatis
1205 1850 1349 1929 ipsorum,
1373 1851 1485 1913 ¹⁶com·
1508 1821 1526 1973 ἶ

311 2053 468 2114 rationem.
500 2051 563 2113 llac
584 2051 661 2112 enim
683 2050 881 2131 dispositione
903 2051 992 2126 illud,
1015 2052 1138 2132 opinor,
1161 2051 1339 2126 insinuatur,
1364 2053 1484 2134 ¹⁷expe-
1521 2034 1526 2074 ¹

312 2137 376 2215 dire
402 2154 489 2215 ileum
517 2171 578 2214 non
606 2151 804 2231 adprehendi,
843 2152 989 2232 siquidem
1016 2152 1287 2233 inadprehensibile
1318 2154 1382 2215 eius
1411 2172 1483 2233 per·
1517 2134 1526 2177 Ι

311 2253 463 2335 potuitatis
491 2262 538 2315 est
565 2271 669 2325 causa,
703 2252 940 2332 adprehensibile
971 2261 1068 2315 autem
1091 2272 1152 2315 non
1173 2254 1395 2335 perpetuitatis,
1431 2256 1485 2318 sed
1512 2231 1526 2381 ἔ

311 2407 336 2457 6.
354 2407 521 2471 turpissimum
540 2413 622 2469 putem
639 2405 744 2457 rotate.
779 2406 945 2468 turpissimum
964 2421 1008 2469 par
1026 2408 1059 2469 d.,
1079 2423 1108 2456 en
1117 2408 1227 2457 emendat.
1237 2409 1323 2457 latinii
1341 2416 1363 2458 et
1371 2410 1417 2458 loe.
1427 2410 1483 2459 Seo-
1516 2437 1523 2477 i

242 2528 245 2534 ,
311 2476 386 2539 lipari.
428 2474 452 2522 ’1.
470 2488 558 2524 nomen
577 2475 600 2522 in
620 2473 728 2523 hislllc.
763 2473 856 2523 Numen
875 2474 913 2523 his
930 2476 1024 2538 reliqui.
1073 2473 1097 2524 8.
1116 2489 1244 2539 procreare
1261 2477 1287 2524 Α.
1328 2476 1353 2525 9.
1372 2485 1396 2525 et
1414 2477 1482 2526 dabis

294 2542 386 2592 ‘cilicii
404 2541 543 2591 societatem
560 2541 622 2591 Aac.
682 2540 720 2591 10.
739 2541 803 2590 enim
828 2540 915 2590 docere
940 2541 1075 2590 Faltonius.
1136 2541 1174 2590 11.
1200 2542 1271 2605 plane
1294 2543 1373 2593 luca.
1418 2545 1483 2607 piam
1514 2539 1526 2583 Ε

310 2611 404 2674 reliqui.
459 2607 497 2657 12.
516 2608 664 2671 llooogenen
688 2608 792 2658 ldohed.
834 2622 952 2670 monogen
978 2609 1003 2659 B.
1057 2608 1096 2657 13.
1120 2609 1242 2659 disserunt
1265 2626 1316 2673 epo.
1357 2611 1484 2661 discedunt

310 2676 373 2727 Aac.
408 2676 504 2725 discunt
520 2678 587 2725 ohad.
631 2675 756 2726 discebant
778 2676 900 2738 llipoltius.
954 2674 993 2724 14.
1013 2690 1042 2724 ue
1061 2690 1106 2726 nos
1124 2685 1148 2725 et
1165 2676 1233 2726 illud.
1263 2676 1337 2739 llapis
1362 2678 1483 2728 denotabo
1516 2687 1524 2720 ῑ

311 2743 436 2793 doctrinae
454 2745 553 2793 distinxi
571 2759 620 2806 eoo,
640 2745 752 2793 libroruin
768 2744 811 2792 AB.
831 2750 852 2792 et
870 2746 939 2793 tuom
956 2744 1115 2793 latiomorum
1131 2746 1229 2807 oestiyio
1247 2752 1346 2795 sendus.
1388 2760 1420 2795 ne
1438 2760 1483 2796 nos
1523 2747 1526 2793 l

309 2818 335 2861 et
352 2810 411 2860 illud
431 2811 514 2873 magis.
538 2810 663 2859 benotabo
681 2810 804 2860 doctrinae
822 2811 943 2873 Ripaltios.
990 2824 1020 2859 ne
1044 2825 1088 2860 nos
1112 2819 1136 2861 et
1159 2811 1219 2861 illud
1238 2813 1323 2873 magis.
1353 2812 1483 2863 Doctrinae
1518 2816 1526 2858 a

311 2878 431 2929 denotabo
451 2878 475 2929 C.
510 2893 540 2926 ne
558 2886 666 2928 nossent.
692 2877 760 2927 lllam
779 2878 855 2940 magis
872 2877 993 2928 denotabo
1011 2880 1087 2939 obed„
1107 2895 1137 2929 es
1153 2880 1265 2930 emendo.
1283 2880 1394 2932 llbeeoes'.
1442 2881 1483 2932 15.
1520 2898 1526 2929 a

310 2946 580 3012 incomprehensibilem
597 2946 659 2997 Aac.
714 2945 753 2995 lb.
771 2945 1016 3009 comprehensibilem
1033 2945 1094 2996 ABG.
1148 2947 1187 2996 l'l.
1206 2948 1309 3012 experiri
1325 2947 1388 2999 Aac.

309 3062 364 3097 eres
388 3047 444 3096 dum
469 3047 605 3097 incubando
629 3046 723 3110 pallum
750 3047 868 3095 emittunt.
920 3047 1027 3097 clarasse
1052 3061 1147 3111 quoqne
1175 3047 1198 3097 in
1223 3049 1258 3098 eis
1277 3048 1354 3098 Petris
1377 3050 1483 3112 agnitio·
1523 3098 1526 3119 1

309 3115 370 3165 l’lin.
393 3114 422 3164 ll.
441 3114 470 3164 N.
494 3113 521 3174 x,
539 3113 572 3164 53
598 3114 739 3173 „Quaedam
766 3114 871 3175 gallinae
920 3113 993 3164 nem“
1012 3121 1066 3164 cett.

309 3184 390 3234 omnis
408 3183 502 3244 gemina
521 3196 563 3231 ova
581 3183 687 3244 pariunt,
713 3189 736 3230 et
760 3182 869 3243 geminos
954 3181 978 3230 h.
997 3183 1028 3231 ita
1046 3182 1169 3232 disserunt
1186 3191 1278 3246 patrem
1295 3196 1378 3245 nosse,
1397 3197 1482 3236 nenos
1524 3236 1526 3241 ,

309 3250 428 3301 interdum
447 3249 593 3300 exeluduat“
610 3257 665 3299 cett.
697 3249 757 3298 lbid.
776 3247 870 3312 oephi
921 3256 944 3297 et
968 3247 1035 3299 illud.
1071 3248 1144 3310 Magis
1168 3245 1300 3315 denotabo]
1327 3250 1363 3299 lte
1387 3265 1435 3301 nos
1458 3260 1483 3303 et

308 3318 437 3380 „Celerius
463 3318 618 3368 exeluduntur
646 3316 730 3365 calidis
756 3314 869 3365 diebus.“
920 3315 988 3375 illud,
1014 3330 1048 3365 se.
1066 3331 1122 3365 reos
1140 3331 1195 3365 esse
1213 3317 1301 3367 dicant.
1322 3317 1371 3370 ,lta
1388 3319 1483 3369 correxi

309 3386 357 3437 Cio.
376 3386 404 3434 Ν.
423 3386 450 3434 ll.
475 3386 511 3443 ll,
528 3383 569 3434 52.
615 3384 778 3434 Tertullianus
806 3383 868 3432 inira
919 3391 990 3446 atque
1017 3384 1121 3433 distinxi.
1168 3384 1291 3433 Sententia
1324 3392 1362 3434 est
1388 3395 1481 3448 aperta.

308 3453 405 3517 capilli
423 3452 494 3502 huius
517 3452 572 3502 libri
598 3452 686 3512 „istam
706 3465 733 3500 ea
752 3451 821 3501 Patre
845 3458 868 3499 et
918 3450 1035 3510 Rigaltiue
1053 3460 1155 3501 veterem
1165 3452 1282 3516 principis
1293 3451 1408 3501 editionis
1418 3454 1481 3503 seri·

307 3520 399 3570 Eunaia
418 3520 470 3568 eius
488 3517 636 3570 eselosom.“
918 3525 1013 3581 ptnrrm
1032 3517 1156 3581 amplexus
1179 3522 1280 3575 (tantom
1305 3519 1371 3582 qnod
1390 3522 1483 3571 eomas

341 3607 365 3654 d·
384 3604 559 3668 Turpissimum
570 3602 760 3666 pabemdum'um
771 3615 867 3650 mam·
919 3585 1016 3634 mumib
1040 3585 1064 3634 lu
1089 3587 1217 3645 discebam)
1243 3587 1267 3635 ln
1291 3585 1356 3635 hunc
1381 3588 1482 3638 modum

308 3668 399 3737 lorum]
428 3673 486 3721 llem
511 3678 592 3734 putem
617 3671 780 3733 turpissimam
799 3668 865 3717 imm
917 3653 1070 3717 interpretari
1089 3661 1189 3702 conatus
1207 3660 1259 3702 est:
1278 3652 1331 3714 „lle
1349 3652 1483 3706 petrariis

307 3740 409 3789 duorum
430 3738 592 3788 masmim
611 3737 797 3801 copupapjonem,
918 3720 1039 3782 agnitione
1075 3720 1111 3769 sic
1145 3719 1283 3797 tradebant¹
1306 3720 1482 3774 Valentiniani:

918 3786 987 3845 Quod
1007 3801 1093 3851 cepere
1111 3802 1165 3837 eum
1189 3801 1238 3837 non
1263 3794 1296 3836 sit
1314 3801 1394 3851 neque
1412 3802 1483 3839 oom-

306 3970 361 4006 ⁰⁰⁰¹
380 3962 498 4032 P⁰le⁸¹⁸¹²
516 3955 644 4032 ⁰ffl⁰¹⁰q⁰9
663 3954 778 4018 ''mm'‘
814 3954 866 4004 ΗΜ
917 3989 983 4047 Oeae
1002 3989 1109 4039 doctrina
1128 3997 1288 4038 consentanea
1300 3990 1347 4038 iam
1360 3997 1413 4040 tarn
1429 4001 1484 4041 erat

305 4030 587 4118 ⁸²q¹¹⁰¹¹¹¹⁸f¹¹⁸⁸f¹¹¹¹¹¹¹
606 4023 711 4085 (affl)
814 4096 823 4116 ,
854 4095 863 4115 ,
915 4056 1048 4106 catholicae
1066 4064 1090 4105 et
1107 4055 1257 4105 authenticae
1266 4057 1373 4118 regulae.
1397 4058 1483 4122 ltaque

317 4108 356 4184 ,b
381 4104 601 4183 ⁶⁰⁰⁰¹fl⁰⁸1¹qss⁰ffll
619 4107 755 4185 ernflfiuffi
785 4117 851 4170 ”W
915 4123 948 4172 ait
965 4123 1127 4173 Tertullianus
1144 4124 1191 4173 hoo
1209 4138 1236 4173 se
1248 4124 1352 4173 libenter
1364 4125 1483 4187 tolerare,

306 4189 346 4223 ων
361 4172 582 4239 *αῑαρῑωθηναι
598 4187 662 4226 '⁰¹²5
677 4172 819 4224 A‘wmff‘
915 4191 979 4254 qnod
1003 4192 1035 4241 ita
1062 4191 1186 4240 discebant
1210 4190 1305 4240 Patrem
1333 4205 1418 4252 nosse,
1451 4208 1483 4243 ne

339 4270 362 4319 ρ.
381 4254 647 4372 inducerzllrenaeus:
665 4249 863 4323 „adopeivydp
915 4272 959 4307 nos
978 4266 1001 4307 et
1019 4258 1078 4308 illud
1098 4259 1181 4320 magis.
1210 4257 1260 4307 lloc
1278 4265 1316 4307 est
1332 4272 1363 4307 ne
1376 4273 1423 4309 noa
1439 4276 1483 4311 ca·

353 4317 430 4372 ιστὸν
463 4320 482 4371 d
509 4319 572 4380 ἄξαι
605 4315 703 4378 αὐτοὺς
735 4318 865 4387 συζυγίας
914 4325 996 4375 tholici
1022 4325 1109 4375 melios
1135 4325 1199 4375 istud
1225 4325 1362 4386 discamus,
1386 4327 1484 4379 seilicet

305 4403 401 4459 φυσιν,
434 4385 583 4455 &yemalem
605 4387 760 4454 κατάληψιν
781 4384 864 4456 γινώ·
915 4393 1009 4442 Patrem
1035 4406 1117 4452 nosse,
1144 4393 1184 4456 qni
1209 4393 1322 4441 nimirum
1350 4393 1425 4444 hodie
1450 4394 1481 4445 de

305 4473 429 4515 σκοντας,
455 4453 562 4512 ἱκανοὺς
579 4447 658 4515 εἶναι,
679 4451 866 4525 ἀναγορεῦσαί
916 4460 961 4510 deo
979 4461 1043 4510 scire
1060 4460 1213 4524 potissimam
1231 4459 1373 4520 debeamus,
1392 4461 1483 4512 harna-

303 4542 333 4578 τε
356 4519 386 4576 ἰν
409 4519 502 4579 αὐτοῖς’
524 4521 575 4586 τὴν
599 4525 648 4575 τοῦ
677 4522 782 4593 πατρὸς
808 4519 864 4576 lut·
915 4527 953 4576 nie
971 4529 1073 4589 ingeniis
1092 4527 1190 4577 minime
1208 4527 1385 4590 comprehendi
1396 4542 1482 4594 posse.

301 4601 431 4661 γνωσιν“
456 4604 510 4645 eett.
558 4596 694 4659 interpres:
723 4597 864 4657 „Christum
915 4594 1006 4644 Deinde
1039 4596 1148 4658 sequitur
1183 4593 1327 4653 „lienotabo
1352 4595 1481 4647 doctrinae

303 4667 366 4715 enim
390 4664 502 4713 docuisse
526 4678 568 4712 eos
594 4665 768 4725 coniunctionis
793 4672 864 4714 natu·
914 4663 1104 4725 perversitatem,
1136 4661 1200 4725 qnod
1227 4661 1398 4713 docebantur“
1423 4670 1480 4713 cett.

294 4747 363 4793 ram,
374 4733 448 4795 innati
458 4731 699 4795 comprehensionem
713 4745 863 4794 eognoscen-
914 4730 963 4781 lam
982 4731 1046 4778 enim
1064 4743 1147 4780 sanam
1166 4728 1300 4779 doctrinam
1312 4730 1482 4796 perfidaeon-

302 4806 338 4848 tea
361 4799 509 4850 sufficientes
533 4797 582 4848 sire
604 4797 706 4849 idoneos
730 4814 793 4862 esse,
818 4799 862 4850 de·
912 4795 1038 4863 sequentia
1056 4795 1270 4863 depravabanw‘,

341 3837 363 3871 e.
381 3821 519 3870 rrrlnerator
532 3836 545 3869 a
557 3822 644 3870 lomina
659 3815 802 3884 masculus]
821 3819 865 3868 ot-
