3242 5775
456 633 606 678 manases
628 634 803 680 melones
824 639 883 683 nra.
899 640 937 684 iv.
1231 634 1289 698 llll

197 802 232 846 rs.
268 782 593 866 lacuturnenses
616 786 699 847 risus
721 797 752 849 et
772 788 861 851 lletus
882 790 1057 869 praedicans
1078 793 1197 858 risuros
1219 799 1289 878 plo-

197 892 229 947 *α
246 884 320 965 prior
339 885 418 948 dixit
461 886 556 966 Igitur
577 885 659 966 ”qui
682 906 698 948 a
721 889 928 953 consolatione
950 911 1115 973 pauperum
1138 904 1168 957 et
1188 897 1289 961 bumi-

197 1007 200 1046 ι
218 994 243 1048 et
261 987 447 1049 esurientium
469 996 499 1050 et
520 988 656 1050 llentium
672 1007 798 1052 exorsus
815 999 876 1065 est,
901 993 1001 1054 statim
1016 1013 1050 1055 se
1065 995 1148 1057 illum
1163 1016 1288 1078 reprae-

197 1105 235 1148 tre
252 1086 364 1166 gestivit
383 1107 472 1168 quem
495 1089 752 1151 demonstraverat
779 1110 834 1170 per
855 1092 989 1155 Esaiam:
1018 1094 1149 1175 Spiritus
1172 1097 1441 1168 domininenxraa.

197 1207 282 1262 rme,
304 1197 427 1269 propter
449 1190 529 1269 quod
550 1189 667 1252 ”unxit
687 1209 736 1252 me
757 1192 795 1253 ad
810 1195 1069 1274 evangelizandum
1090 1200 1283 1278 pauperibus.
1297 1197 1392 1294 {gg-,E-

212 1289 352 1362 mendici,
386 1290 527 1370 quoniam
555 1291 674 1353 illorum
703 1301 752 1353 est
778 1312 901 1373 regnum
931 1297 1097 1372 caelorum3
1132 1299 1216 1361 misit
1235 1319 1284 1364 me

197 1409 211 1452 c
230 1389 359 1452 obtritos
375 1391 482 1454 corde:
504 1392 601 1467 beati,
626 1393 677 1472 qui
693 1395 846 1469 esuriunt,
869 1397 1008 1475 quoniam
1024 1396 1283 1477 ³⁰saturabuntur,

197 1505 261 1554 are·
282 1492 478 1571 languentes:
510 1494 610 1567 Beati,
634 1494 684 1573 qui
706 1495 841 1575 plorant,
870 1496 1010 1575 quonium
1033 1498 1185 1574 ridebunt3
1214 1502 1284 1565 dare

197 1592 267 1654 ibus
292 1593 398 1654 Sionis
421 1594 544 1674 gloriam
567 1594 626 1657 ³¹et
647 1615 703 1676 pro
725 1597 826 1658 cinere
857 1598 1000 1676 unguenti
1021 1598 1231 1662 iocunditatem
1254 1611 1285 1663 et

197 1693 367 1756 ebabitum
390 1714 445 1775 pro
468 1697 575 1776 spiritu
596 1696 696 1758 taedii.
748 1697 829 1760 llaec
850 1699 877 1759 si
898 1698 997 1759 statim
1020 1698 1170 1762 admissus
1193 1702 1281 1764 Chri-

197 1795 423 1871 tdministrarit,
445 1808 497 1859 aut
517 1798 583 1877 ipse
606 1799 724 1877 estqui
746 1817 780 1860 se
801 1798 929 1861 adhaec
949 1808 1106 1861 uenturum
1127 1801 1282 1881 praedica-

197 1904 228 1957 nt
249 1898 277 1958 si
301 1897 439 1959 nondum
460 1898 540 1960 venit
561 1899 612 1979 qui
640 1900 834 1983 praedicavit,
862 1900 1002 1974 ridicule,
1033 1900 1088 1962 sed
1114 1902 1284 1964 necessarie
1310 1919 1315 1930 ’
1403 1957 1406 1962 .

197 2016 224 2060 m
245 1999 397 2072 fortasse,
426 1998 609 2061 mandaverit
631 2000 751 2062 Christo
773 2002 948 2076 Marcionis,
976 2001 1059 2062 Beati
1088 2001 1185 2073 eritis,
1214 2014 1433 2067 commertar.

197 2097 245 2160 dio
267 2099 424 2161 habebunt
443 2099 580 2163 homines
603 2112 633 2163 et
654 2101 891 2181 exprobrabunt,
918 2111 948 2163 et
969 2102 1078 2164 eicient
1097 2120 1207 2163 nomen
1227 2121 1281 2164 ve-

203 2247 213 2276 ,
234 2201 317 2262 velut
337 2200 477 2262 ³'malum
498 2209 623 2282 propter
643 2202 737 2264 filium
758 2204 900 2264 hominis.
950 2203 1012 2265 Eae
1039 2203 1283 2283 pronuntiatione

198 2301 288 2364 dnbio
318 2301 357 2362 ad
388 2301 574 2364 tolerantiam
608 2304 789 2365 exhortatur.
843 2303 923 2377 Quid
950 2303 1050 2365 minus
1083 2311 1200 2365 creator
1227 2321 1283 2384 per

197 2401 243 2465 n?
279 2403 325 2464 Ne
348 2403 515 2465 metueritis
536 2403 728 2481 ignominiam
751 2405 787 2466 ab
810 2404 996 2477 bominibus,
1020 2412 1051 2466 et
1071 2403 1282 2466 nullificatione
1295 2414 1406 2465 10³·th

197 2521 265 2567 ane
294 2504 481 2565 minuamini.
532 2503 615 2577 Quae
642 2506 819 2584 ignominia,
853 2524 929 2586 quae
960 2503 1156 2568 nullificatio?
1200 2505 1283 2579 Quae

197 2613 287 2666 ierat
308 2613 435 2684 propter
456 2604 550 2667 sutum
571 2606 712 2667 hominis.
751 2607 848 2679 Quem
870 2605 985 2670 istum?
1023 2605 1081 2680 Qui
1104 2615 1150 2668 est
1171 2624 1281 2668 secun·

205 2713 379 2768 creatorem.
428 2705 513 2768 Unde
543 2705 759 2786 probabimus?
808 2708 930 2769 Excidio
964 2708 996 2769 in
1030 2708 1129 2787 ipsum
1162 2725 1282 2788 quoque

197 2805 287 2879 italo,
316 2808 396 2868 sicut
423 2825 478 2887 per
498 2806 617 2868 Esaiam
645 2809 680 2868 ad
708 2816 847 2869 auctores
869 2808 959 2871 ³³odii
981 2808 1123 2870 ludaeos:
1155 2807 1284 2889 Propter
1295 2800 1434 2905 110*έῇὅὴ

197 2907 402 2988 tlnspbematur
424 2928 535 2970 nomen
559 2928 656 2971 meum
684 2912 715 2971 in
737 2910 926 2984 nationibus,
959 2919 989 2971 et
1017 2910 1100 2972 alibi:
1133 2910 1282 2972 ²”Sancite

200 3009 243 3087 qui
263 3009 482 3071 circumscribit
503 3010 630 3071 animam
660 3029 761 3082 suam,
795 3011 846 3090 qui
868 3021 1095 3091 aspernamento
1117 3011 1243 3073 babetur
1265 3029 1282 3073 a

197 3108 288 3183 ulus,
311 3111 430 3172 lamulis
455 3121 485 3173 et
506 3111 737 3190 magistratibus.
776 3111 807 3173 Si
831 3112 909 3174 enim
932 3112 1033 3173 odium
1048 3113 1078 3173 in
1093 3112 1175 3174 illum
1191 3112 1282 3173 lilium

197 3209 236 3271 ris
255 3212 483 3292 praedicabatur
505 3213 555 3291 qui
578 3215 740 3274 secundum
756 3221 919 3275 creatorem
937 3223 997 3286 est,
1022 3213 1204 3291 evangelium
1217 3231 1281 3274 au-

197 3328 296 3374 nomen
318 3313 576 3389 Christianorum,
599 3315 700 3394 utique
722 3333 739 3374 a
762 3313 881 3374 Christo
905 3315 1079 3386 deductum,
1109 3313 1178 3374 odio
1201 3314 1284 3374 lutu-

201 3422 377 3475 tontestatur
398 3423 525 3494 propter
552 3415 643 3476 lilium
670 3414 819 3487 bominis,
852 3415 932 3493 quod
960 3422 1007 3475 est
1028 3413 1181 3484 Christus,
1215 3430 1284 3472 eum

197 3514 349 3577 abominis
372 3515 403 3576 in
425 3535 516 3578 causa
538 3516 599 3576 odii
620 3517 775 3578 constituit
795 3515 874 3593 ³⁵qui
897 3522 958 3575 erat
981 3512 1144 3575 secundum
1166 3519 1284 3573 creato·

197 3612 241 3679 .”Ι
259 3635 348 3695 quem
373 3617 478 3679 odium
499 3618 733 3698 praedicabatur.
768 3617 807 3677 Et
827 3616 929 3695 utique
952 3616 979 3677 si
994 3615 1127 3675 nondum
1143 3613 1284 3686 venisset,

200 3717 336 3793 potuisset
357 3718 491 3779 nominis
507 3718 624 3792 odium,
647 3719 727 3798 quod
742 3719 838 3797 agitur
852 3718 958 3792 hodie,
980 3734 1139 3796 personam
1154 3714 1284 3775 nominis

197 3817 314 3879 unse.
359 3818 434 3880 Nam
457 3827 489 3879 et
508 3818 670 3880 ”sancitur
691 3838 784 3899 penes
806 3836 881 3893 nos,
911 3827 942 3880 et
968 3818 1095 3879 animam
1118 3835 1202 3878 suam
1224 3815 1283 3876 cir·

197 3916 293 3991 tabit,
325 3929 452 4000 propter
473 3938 532 3980 nos
554 3938 620 3981 eam
640 3922 774 3999 ponens,
808 3929 839 3982 et
865 3927 1093 3999 aspernamento
1121 3917 1285 3979 babetura

197 4002 286 4081 ¹Sus.
340 4020 382 4082 Et
407 4021 457 4100 qui
486 4030 574 4081 natus
603 4029 663 4095 est,
698 4022 764 4101 ipse
792 4021 850 4083 erit
875 4020 954 4082 lilius
981 4018 1129 4094 hominis,
1162 4025 1287 4099 propter

197 4126 250 4180 ΙΙ
268 4138 382 4183 nomen
403 4130 543 4182 nostrum
564 4130 731 4183 recusatur.

197 4301 263 4365 F'l'·
279 4309 358 4358 duod
372 4324 395 4358 a.
413 4308 480 4371 qnia)
499 4324 512 4357 a
531 4308 698 4357 consolatione
716 4309 794 4369 abed,
815 4308 978 4358 ecGorriecsi.
1012 4321 1059 4370 qua
1077 4305 1243 4356 consolatione
1263 4304 1285 4354 0.

197 4374 379 4426 -luioneE
427 4374 469 4425 29.
488 4376 597 4425 misitll.
642 4376 683 4426 30.
703 4377 749 4440 ipsi
767 4377 941 4437 saturabuntur
958 4375 983 4424 E.
1027 4373 1068 4424 31.
1087 4382 1202 4424 etomc.
1245 4370 1287 4421 32.

197 4446 224 4487 Ι
240 4442 262 4491 d
281 4444 404 4493 l'aticam
422 4445 489 4493 allen
549 4442 590 4492 33.
615 4445 663 4494 odii
689 4444 792 4493 ludaeos
817 4443 862 4503 cd,
887 4459 918 4492 ea
934 4444 1007 4492 altero
1029 4443 1144 4492 Vaticano.
1185 4439 1287 4489 ludaeos

197 4504 216 4555 Ι’
254 4508 293 4561 u
310 4512 461 4561 sanctificate
480 4512 555 4561 codes
576 4513 697 4563 Vaticanus
716 4513 779 4577 apud
797 4511 919 4560 Pumelium
936 4518 958 4560 et
975 4511 1098 4560 Latinium.
1142 4507 1244 4558 sanctita
1261 4506 1287 4555 B.

197 4582 270 4637 Μ
284 4580 419 4630 malum
437 4596 470 4640 n,
489 4582 516 4628 in
533 4583 644 4644 margine.
697 4580 740 4630 36.
758 4578 920 4630 canctillcatur
938 4579 1012 4630 codes
1027 4578 1148 4628 Vaticanus
1165 4576 1228 4641 apud
1244 4573 1288 4623 ra-

197 4646 377 4699 'dubia
414 4647 534 4698 uncdtur
551 4647 577 4696 Β.

203 4774 306 4849 bue]
328 4784 382 4837 an
405 4791 445 4835 eet
463 4782 598 4834 consolari.
632 4785 674 4835 Sic
727 4778 857 4833 calmffl
897 4783 933 4833 cl.
958 4781 1050 4832 adnott.
1076 4777 1106 4827 ad
1130 4778 1166 4827 lie
1188 4773 1288 4824 Patient

197 4848 285 4911 ¹3¹⁵
301 4853 359 4905 dicit
383 4853 579 4918 „mendicorum
603 4854 675 4903 odro—
729 4866 782 4914 cip.
796 4850 834 4900 ll.
853 4857 877 4902 et
894 4851 924 4900 ad
943 4850 976 4901 lie
994 4848 1077 4900 Pudie.
1095 4842 1198 4909 cipli.
