3242 5775
295 451 358 514 576
553 464 654 516 omnrv
679 461 808 505 ssrrnm
831 461 997 507 reoannrrs
1019 460 1218 540 pearsonum

293 633 386 696 pones
409 612 636 692 chrysippum,
659 612 746 673 etiam
769 612 799 672 in
822 629 927 672 novem
950 628 1043 690 penes
1064 609 1339 689 ‘Apollophansm
1368 610 1455 672 sedet

294 717 325 778 in
347 713 540 776 'duodecim·
562 714 639 792 apud
661 713 806 792 quosdam
831 712 1017 783 Stoicorum,
1040 705 1071 773 et
1091 710 1123 771 in
1144 711 1220 772 duas
1244 711 1373 791 amplius
1393 710 1456 790 apud

295 815 505 887 Posidonium,
528 814 596 894 ”qui
618 833 633 874 a
657 813 774 875 duobus
797 832 923 874 exorsus
947 812 1058 885 titulis,
1086 810 1259 892 principali,
1289 813 1368 892 qnod
1388 812 1459 874 aiunt

294 909 522 1001 'prepararem
555 923 585 975 et
605 933 622 975 a
643 913 796 984 rationali,
830 913 937 992 ¹⁰qu0d
965 914 1049 974 aiunt
1074 909 1222 994 λογικὸν,
1258 913 1289 974 in
1319 913 1418 976 decem
1436 922 1460 974 et

296 1025 412 1097 septem
440 1016 545 1077 exinde
574 1015 741 1095 prosecuit,
771 1014 788 1045 ¹¹
799 1014 838 1075 ita
867 1013 940 1075 aliae
962 1033 996 1074 ex
1019 1013 1084 1075 aliis
1107 1016 1224 1092 species
1247 1014 1385 1077 dividunt
1403 1013 1460 1074 ani·

296 1137 384 1180 mam.
428 1117 606 1178 Huiusmodi
629 1124 726 1177 autem
749 1133 810 1175 non
835 1123 893 1176 tam
915 1124 1014 1193 partes
1036 1114 1151 1175 animae
1172 1115 1365 1177 habebuntur
1385 1131 1461 1194 quan

296 1220 375 1281 vires
399 1226 429 1280 ct
450 1217 596 1278 eiiicaciae
619 1224 649 1277 et
670 1235 795 1295 operae,
818 1215 895 1276 sicut
912 1215 949 1275 de
965 1216 1139 1292 quibusdam
1156 1225 1187 1277 et
1200 1216 1380 1278 Aristoteles
1394 1214 1461 1277 iudi-

297 1317 395 1382 cuvio.
438 1319 505 1379 Non
527 1317 605 1378 eninr
628 1317 761 1377 membra
784 1324 856 1377 suut
877 1315 1058 1377 substantiae
1080 1315 1232 1390 animalis,
1262 1317 1318 1378 sed
1347 1315 1462 1395 ingenia,

297 1429 331 1482 ut
346 1420 522 1489 motorium,
546 1425 579 1479 ut
593 1418 752 1490 actorium,
776 1425 808 1477 ut
823 1416 1047 1495 cogitatorium,
1071 1416 1148 1478 etsi
1171 1435 1229 1495 qna
1251 1418 1283 1478 in
1305 1418 1386 1478 bunc
1404 1435 1462 1478 mo

298 1520 368 1582 dum
385 1519 607 1598 ¹²distingpunt,
631 1528 663 1579 ut
678 1527 707 1579 et
721 1517 780 1596 ipsi
795 1516 837 1578 ilii
860 1515 1017 1596 ”quinque
1040 1516 1218 1578 ¹·¹notissimi
1236 1536 1359 1593 sensus,
1381 1519 1462 1589 visus,

297 1621 433 1694 auditus,
456 1627 575 1698 gustus,
599 1627 712 1692 tactus,
736 1618 889 1679 odoratus.
928 1616 1043 1689 Quibus
1067 1617 1204 1679 omnibus
1227 1618 1285 1680 etsi
1307 1629 1387 1681 certa
1407 1617 1462 1679 sin·

298 1721 374 1800 gulis
398 1720 543 1782 domicilia
565 1720 596 1780 in
620 1738 746 1798 corpore
768 1719 1055 1788 determinaverunt,
1082 1737 1142 1779 non
1165 1719 1277 1780 idcirco
1301 1719 1376 1782 baec
1395 1737 1461 1798 quo·

298 1840 355 1900 qne
377 1821 547 1882 distributio
570 1820 684 1881 animae
706 1820 742 1880 ad
765 1818 881 1879 animae
910 1819 1060 1881 sectiones
1088 1818 1265 1898 pertinebit,
1296 1820 1412 1900 quando
1431 1835 1461 1879 nc

298 1922 398 2001 ipsum
419 1921 537 2000 quidem
560 1940 670 2000 corpus
693 1920 733 1980 ita
756 1919 902 1980 dividatur
930 1920 960 1980 in
990 1919 1121 1980 membra
1149 1929 1182 1982 ut
1209 1920 1260 1982 isti
1281 1921 1385 1983 volunt
1405 1917 1459 1980 ani-

298 2041 387 2084 mam.
430 2022 538 2101 Atquin
565 2040 601 2083 ex
630 2020 816 2083 multitudine
844 2020 1048 2082 membrorum
1077 2037 1167 2081 unum
1196 2039 1309 2101 corpus
1337 2021 1457 2088 efficitur,

298 2131 332 2186 ut
353 2123 503 2185 concretio
526 2122 566 2183 sit
587 2122 686 2201 potius
708 2122 772 2201 ipsa
787 2121 904 2183 divisio.
937 2120 1043 2200 Specta
1059 2121 1354 2199 portentosissimam
1365 2117 1456 2182 tred-

297 2225 394 2286 medis
417 2223 664 2296 munificentiam,
686 2242 828 2303 organum
845 2222 1066 2301 hydraulicum
1089 2221 1173 2296 dico,
1196 2231 1243 2284 tot
1258 2222 1403 2292 membru,
1421 2222 1455 2278 tot

298 2335 416 2406 partes,
439 2333 485 2386 tot
505 2324 711 2404 compagines,
733 2333 776 2386 tot
791 2324 897 2385 itinera
912 2340 1034 2394 vocum,
1057 2331 1102 2383 tot
1116 2320 1293 2402 compendia
1319 2333 1453 2387 sonorum,

298 2435 344 2486 tot
365 2424 542 2485 commercia
563 2426 736 2491 modorum,
765 2430 811 2481 tot
832 2423 911 2481 acies
933 2421 1086 2493 tibiarum,
1118 2431 1148 2480 ct
1177 2438 1234 2480 una
1263 2421 1359 2483 moles
1384 2423 1452 2481 erunt
1489 2425 1491 2456 ³

299 2520 409 2582 omnia.
455 2519 505 2580 Sic
527 2528 557 2581 et
578 2521 718 2599 spiritus,
749 2520 799 2599 qui
821 2519 881 2580 illic
902 2519 939 2580 de
962 2526 1111 2580 tormento
1134 2536 1227 2598 aquae
1250 2521 1382 2594 anbeiat,
1406 2533 1449 2580 non
1486 2509 1491 2650 1

299 2621 368 2683 ideo
391 2620 577 2700 separabitur
592 2620 621 2682 in
637 2629 756 2700 partes,
779 2620 847 2700 qnia
863 2637 917 2698 per
931 2629 1030 2698 partes
1045 2619 1283 2695 administratur,
1308 2615 1448 2694 substantia

300 2722 418 2801 quidem
439 2720 570 2794 solidus,
594 2739 685 2801 opera
706 2740 776 2782 vero
798 2720 923 2782 divisus.
960 2720 1026 2781 Non
1041 2720 1129 2799 longe
1143 2721 1201 2781 boc
1215 2723 1381 2802 exemplum
1394 2720 1449 2780 ''eti

300 2840 315 2882 a
333 2821 473 2882 Stratone
488 2829 519 2883 et
531 2822 728 2884 Aenesidemo
745 2829 774 2882 et
788 2820 955 2897 Heraclito;
977 2840 1045 2883 nam
1067 2831 1097 2882 ct
1118 2821 1177 2902 ipsi
1200 2824 1344 2886 unitatem
1358 2820 1448 2884 anintt

299 2931 436 2996 tuentur,
458 2941 533 3002 quae
556 2924 584 2984 in
608 2932 703 2985 totum
725 2941 835 3003 corpus
853 2923 998 2997 ¹⁰diliusa,
1022 2931 1051 2984 et
1064 2923 1174 3003 ubique
1191 2925 1268 3004 ipsa,
1291 2924 1447 2987 velntuuu

222 3022 228 3031 '
298 3024 329 3087 in
351 3025 462 3087 calamo
484 3043 539 3104 per
561 3043 718 3098 cavernas,
741 3025 780 3085 ita
801 3043 856 3103 per
879 3025 1027 3085 sensualia
1049 3025 1138 3086 variis
1154 3026 1253 3088 modis
1268 3028 1384 3101 emicet,
1402 3031 1447 3083 not

299 3133 359 3189 iam
381 3125 608 3205 concisaqnam
631 3126 812 3205 dispensata.
861 3126 942 3187 ilaec
971 3125 1069 3185 omnia
1097 3125 1204 3204 quibus
1235 3127 1329 3190 titulis
1355 3136 1446 3187 nunon-

298 3236 422 3308 pentur,
456 3238 485 3289 et
506 3227 614 3306 quibus
643 3247 678 3288 ex
708 3247 742 3288 se
770 3225 967 3287 divisionibus
997 3226 1227 3300 ¹'detineantun
1262 3237 1293 3290 et
1313 3217 1445 3309 quibus'n

298 3348 426 3410 corpore
448 3327 659 3390 metationibus
689 3334 932 3406 sequestrentur,
966 3327 1072 3388 medici
1094 3327 1194 3406 potius
1217 3329 1312 3391 ¹'curn
1333 3326 1444 3409 potino·
1488 3390 1491 3409 ἱ

297 3432 365 3509 pbis
388 3429 634 3502 considerabunt,
657 3428 745 3490 nobis
768 3446 861 3509 pauca
882 3427 1069 3489 convenient.
1488 3412 1491 3491 l

246 3664 250 3675 ·
298 3648 322 3697 ii.
341 3648 499 3710 ipolpbaneu
517 3651 542 3698 A.
601 3649 624 3697 ’1.
644 3649 771 3699 duodecim
789 3649 869 3712 ilimp.
911 3647 994 3699 desem
1012 3648 1086 3699 Bi'ud.
1147 3647 1171 3698 8.
1189 3650 1245 3712 qnia
1264 3648 1395 3700 dnobnsd.
1426 3634 1444 3685 9·

298 3714 473 3775 hegemonicon
491 3720 515 3763 A.
557 3707 719 3781 ἡγεμονικόν
742 3716 817 3766 licui.
881 3715 920 3764 10.
948 3716 1011 3779 quod
1039 3719 1186 3765 alonim...
1201 3717 1285 3767 decem
1310 3727 1394 3781 septen
1414 3703 1445 3765 ii·

299 3782 363 3843 quod
383 3782 450 3828 aiunt
460 3817 602 3831 .................
611 3783 695 3833 decem
713 3784 868 3848 septemip.
904 3784 968 3846 qnod
987 3784 1053 3832 aiunt
1071 3774 1237 3849 ἡγεμονικὸν
1254 3784 1404 3835 induodecin
1417 3772 1445 3823 ti·

301 3847 339 3895 ll.
359 3849 390 3896 ita
409 3847 527 3898 eliasib.
569 3851 600 3898 ita
620 3851 643 3899 in
662 3850 833 3915 aiirsrelipur'.
894 3849 931 3899 12.
956 3851 1089 3912 distingunt
1105 3853 1148 3913 ip.
1211 3850 1250 3901 13.
1275 3855 1299 3902 in
1325 3835 1447 3918 quinques*

301 3913 340 3963 14.
359 3915 481 3965 novissimi
500 3918 549 3981 Αφ.
598 3917 637 3967 15.
656 3920 788 3968 antemi.
840 3917 878 3966 lli.
897 3918 981 3967 delusa
999 3920 1040 3969 to.
1086 3918 1125 3967 17.
1144 3917 1297 3970 detineantur
1314 3920 1388 3983 Adno-
1414 3908 1446 3958 l‘·

299 3982 403 4032 riventur
420 3984 513 4048 reliqui.
567 3984 606 4033 18.
624 3993 675 4033 tum
693 3985 834 4049 philosophi
854 3985 893 4035 Co.

333 4150 356 4198 d.
375 4152 398 4199 in
413 4158 467 4200 octo
479 4148 737 4218 penestrvsippum]
757 4153 781 4202 1.
789 4152 857 4213 illog.
910 4152 1008 4201 landum
1027 4154 1050 4202 in
1067 4168 1093 4202 re
1104 4153 1288 4217 piansincerta,
1306 4142 1448 4216 rescriptiiim

298 4217 376 4265 Locri.
396 4218 443 4275 l'll,
460 4218 502 4275 63.
525 4219 581 4268 110.
605 4227 639 4284 tp.
655 4220 696 4269 59.
726 4221 763 4269 ed.
782 4221 859 4283 lips.)
910 4220 950 4269 bic
976 4222 1107 4284 quindecim
1132 4236 1176 4285 pro
1202 4223 1333 4285 duodecim,
1361 4233 1409 4273 non·
1430 4210 1449 4286 ,⁸¹

299 4298 352 4332 cum
372 4293 421 4333 not.
441 4286 548 4348 Menapii.
577 4288 642 4336 tuoe
661 4287 733 4337 Varro
747 4289 858 4350 bebiug.
910 4288 1031 4337 Pometios
1050 4298 1072 4337 et
1085 4289 1201 4349 nigrities
1217 4291 1336 4352 iecerunt,
1353 4284 1450 4340 unates·

298 4352 348 4400 bat.
369 4353 406 4411 lll,
418 4351 459 4401 30.
478 4353 559 4402 bineli.
909 4369 954 4419 pro
973 4358 1050 4405 decem
1068 4364 1153 4421 septem
1170 4356 1242 4405 inira.

333 4467 354 4500 c.
374 4450 513 4513 duodecim]
532 4454 591 4502 Cum
602 4454 655 4503 iibri
666 4464 757 4504 veteres
774 4457 798 4504 in
813 4456 859 4505 boc
945 4439 962 4489 l·
980 4441 1158 4489 1111191011119
1177 4438 1312 4505 1111111111]
1332 4440 1357 4492 V·
1371 4430 1450 4489 mm

297 4535 398 4569 numero
417 4522 563 4582 «increpent,
583 4525 712 4583 putaverim
729 4525 766 4572 bic
782 4524 858 4583 magis
911 4506 945 4555 ⁰⁶
962 4508 1044 4556 Animi
1065 4508 1082 4567 ¹¹
1095 4507 1119 4556 5·
1137 4507 1168 4567 Π,
1180 4506 1203 4557 ²·
1215 4508 1239 4557 3·
1251 4509 1275 4559 ⁴·
1456 4514 1462 4523 ’

298 4602 369 4650 quam
389 4588 445 4635 aiibi
465 4590 859 4654 qivaerendamessecorrvrptelae
945 4606 966 4652 g.
986 4605 1102 4651 organum
1128 4588 1308 4660 hydraulicum]
1333 4593 1367 4643 Ci.
1390 4583 1451 4637 ⁶⁸²⁰

297 4655 383 4704 borum
403 4656 530 4704 verborum
549 4656 640 4705 sedem.
675 4658 699 4706 Si
718 4659 775 4722 qnid
793 4660 858 4708 ario·
911 4657 1199 4721 t'nruv.arenit.1x,9.
