3242 5775
292 607 355 676 tos
530 587 651 679 'nnmrr
675 591 806 668 sue‘rnm
827 619 993 666 rnonnnms
1016 621 1216 676 rsnrnccuru

175 795 275 855 emur.
377 773 519 853 Sequitur
537 772 637 852 itaque
664 780 712 846 ut,
745 779 892 850 quatenus
919 771 1155 833 circumcisionis
1184 771 1309 834 camelis
1339 781 1369 834 et
1396 773 1474 852 legis

292 873 402 956 petens
424 874 546 936 abolitio
569 881 730 953 expuncta·
753 872 817 934 suis
840 871 1023 952 temporibus
1046 872 1287 947 demonstratur,
1318 874 1376 935 ¹ita
1400 874 1473 935 sab-

292 975 354 1039 bati
386 989 505 1055 quoque
538 973 707 1036 observatio
734 972 931 1052 'temporaria
960 973 1054 1034 luisse
1083 973 1314 1036 demonstretur.
1366 974 1476 1036 Dicunt

295 1069 375 1140 'enim
396 1075 496 1139 ludaei
517 1074 596 1154 qnod
619 1092 635 1136 a
657 1074 823 1154 primordio
847 1072 1075 1135 sanctificaverit
1103 1074 1177 1135 deus
1199 1075 1277 1136 diem
1293 1075 1474 1156 septimum,

292 1176 508 1257 requiescendo
530 1178 561 1236 in
583 1192 620 1236 eo
643 1174 679 1236 ab
702 1174 842 1236 omnihus
864 1174 1008 1255 operibus
1035 1175 1099 1237 suis
1128 1194 1203 1254 quae
1225 1175 1309 1247 lecit,
1346 1183 1376 1236 et
1406 1177 1474 1237 indc

192 1275 263 1320 ²²⁰⁴·
296 1278 384 1342 eliam
406 1278 526 1356 lloysen
554 1276 668 1337 dixisse
694 1276 731 1335 ad
759 1275 917 1354 populum,
951 1275 1132 1337 Mementote
1161 1276 1239 1336 diem
1268 1275 1474 1351 sabbatorum,

164 1326 495 1441 ¹¹⁹⁸'qq'2sanctiucare
517 1395 603 1450 enm,
640 1393 729 1437 omne
751 1393 828 1454 opus
849 1375 956 1436 servile
978 1394 1039 1436 non
1061 1376 1175 1438 iacietis
1198 1376 1229 1435 in
1252 1394 1306 1450 eu,
1335 1385 1472 1457 praetcr-

295 1496 383 1559 quam
405 1476 484 1557 qnod
507 1476 543 1538 ad
571 1476 698 1538 animam
724 1476 865 1556 pertinet.
918 1475 1002 1537 Unde
1030 1495 1086 1537 nos
1114 1476 1312 1555 intellegimus
1341 1476 1473 1557 'imagis

297 1577 479 1641 sabbatizare
501 1594 558 1637 nos
580 1574 635 1637 ‘ab
657 1577 739 1637 omni
761 1594 853 1656 opere
874 1576 975 1637 servili
991 1594 1111 1656 semper
1125 1577 1261 1647 ‘dehere
1284 1585 1314 1637 et
1328 1596 1391 1637 non
1408 1587 1473 1639 tan-

295 1688 359 1742 tum
382 1677 509 1757 septimo
531 1694 650 1756 quoque
671 1676 736 1750 die,
760 1676 813 1737 sed
835 1694 891 1755 per
912 1694 1000 1737 omne
1016 1685 1144 1757 tempus.
1181 1679 1223 1737 Ac
1236 1695 1290 1756 per
1305 1677 1364 1739 hoc
1379 1697 1473 1758 quae-

295 1780 422 1841 rendum
443 1778 532 1840 nohis
554 1777 634 1856 quod
657 1760 812 1838 sabbatum
834 1794 890 1838 nos
906 1777 980 1838 deus
996 1777 1083 1839 vellet
1097 1776 1271 1840 custodire?
1303 1776 1377 1838 llam
1403 1778 1474 1840 sah-

297 1879 397 1942 hatum
419 1887 572 1941 aeternum
595 1885 625 1939 et
644 1875 799 1939 sabbatum
826 1877 987 1956 temporale
1010 1879 1175 1958 scripturae
1197 1877 1364 1956 designant.
1400 1877 1474 1941 llicit

181 1995 286 2048 neuls.
300 1981 378 2043 euim
393 1973 497 2041 Esaias
519 1978 678 2058 propheta,
701 1976 829 2039 Sabbata
850 1984 949 2038 vestra
972 1978 1034 2040 odit
1056 1980 1150 2040 anima
1171 1996 1253 2051 mca3
1276 1979 1386 2040 etalio
1410 1980 1476 2041 loeo

195 2078 283 2175 {ffi-
301 2081 387 2155 dicit,
418 2079 548 2150 ¹Sabbata
569 2079 650 2141 ⁰uteo
671 2077 863 2158 profanastis.
906 2077 990 2140 Unde
1012 2079 1195 2140 dinoscimus
1219 2078 1373 2141 sabbatum
1398 2089 1475 2141 tem-

253 2160 401 2261 ”porule
422 2199 492 2243 esse
512 2179 688 2253 humanum,
718 2187 748 2239 et
769 2177 925 2240 sabbatum
946 2188 1099 2241 aeternum
1122 2180 1237 2241 censeri
1260 2180 1410 2254 divinum,
1439 2181 1477 2241 de

144 2294 360 2363 secutumque
381 2300 435 2361 per
455 2280 574 2342 Esaiam
601 2279 765 2360 praedicat:
791 2264 837 2340 'tu
863 2280 935 2354 erit,
963 2279 1075 2358 inquit,
1107 2281 1219 2341 mensis
1248 2299 1283 2341 ex
1312 2297 1420 2348 mense
1448 2288 1478 2343 et

298 2380 364 2444 uss
386 2382 423 2443 de
445 2381 494 2443 die
515 2391 546 2442 et
566 2380 721 2442 sabbatum
743 2380 780 2441 de
801 2379 941 2453 sabbato,
965 2387 995 2440 et
1017 2380 1115 2442 reniet
1136 2381 1233 2442 omnis
1256 2398 1325 2441 caro
1348 2382 1476 2443 adorare

298 2482 330 2544 ill
351 2482 550 2555 Hierusalem,
573 2479 643 2542 dicit
663 2480 814 2542 dominus.
852 2479 940 2552 Quod
962 2481 1159 2559 intellegimus
1182 2481 1373 2561 adimpletum
1399 2491 1474 2544 tem-

297 2582 422 2663 poribus
445 2582 572 2654 Christi,
605 2581 722 2660 quando
745 2580 843 2643 omnis
866 2598 951 2653 earo,
985 2581 1014 2641 id
1037 2588 1085 2643 cst
1107 2581 1203 2642 omnis
1226 2600 1314 2660 gens,
1349 2584 1476 2646 adorare

254 2711 264 2720 ’
293 2682 330 2767 Ι111
345 2682 528 2743 Hierusalem
550 2681 646 2755 venit,
668 2681 756 2743 deum
778 2688 910 2761 patrem,
932 2700 987 2762 per
1001 2681 1098 2744 lesum
1115 2681 1264 2743 Christum
1287 2683 1379 2744 lilium
1399 2684 1473 2756 eins,

157 2800 280 2847 nauum
298 2781 377 2845 sieut
397 2795 451 2860 per
471 2782 647 2861 prophetam
667 2781 679 2813 ⁷
686 2782 868 2861 praedictum
891 2790 950 2844 est:
978 2782 1054 2845 Eece
1075 2775 1218 2862 proselyti
1238 2801 1294 2863 per
1315 2804 1364 2845 me
1387 2786 1424 2846 ad
1446 2793 1476 2847 te

298 2882 394 2946 ibunt.
439 2881 488 2944 Sic
508 2882 599 2961 igitur
620 2891 687 2945 ante
708 2881 767 2944 hoc
795 2881 950 2946 sabbatum
979 2884 1142 2964 temporale
1170 2894 1234 2947 erat
1262 2895 1291 2947 et
1318 2886 1474 2949 sabbatum

283 2990 453 3046 ‘betemum
474 2990 702 3064 praeostensum
725 2992 754 3044 et
781 2985 978 3063 praedictum,
1013 2986 1163 3065 quomodo
1191 2996 1227 3047 et
1248 2995 1317 3048 ante
1345 2982 1476 3050 circum·

301 3083 444 3147 eisiouem
466 3084 612 3146 cumulem
634 3084 690 3145 luit
710 3094 741 3146 ct
761 3084 902 3164 spiritalis
925 3086 1111 3147 circumcisio
1133 3098 1338 3165 praeostensa.
1383 3090 1475 3151 lieni·

299 3200 359 3264 que
379 3185 520 3272 doceant,
549 3185 636 3247 'sicuti
657 3185 715 3247 iam
737 3185 898 3264 praelocuti
922 3204 1043 3261 sumus,
1072 3187 1162 3249 hdam
1186 3188 1402 3264 sabbatizasse,
1425 3198 1477 3252 aut

203 3288 206 3296 '
299 3285 373 3347 Abel
395 3286 523 3347 hostiam
545 3285 602 3347 deo
626 3294 756 3348 sanctam
786 3288 961 3347 offerentem
990 3287 1102 3349 sabbati
1131 3288 1291 3368 'religione
1312 3291 1473 3371 placuisse,

301 3395 352 3450 aut
365 3387 468 3448 Enoch
491 3387 665 3450 unuslatum
688 3387 802 3449 sabbati
818 3387 967 3448 cultorem
982 3390 1091 3468 lpisse,
1107 3374 1163 3451 'aut
1176 3391 1255 3465 Noe,
1279 3409 1366 3454 areae
1381 3391 1475 3454 tahri·

299 3497 447 3560 retorem,
480 3495 604 3568 propter
632 3486 771 3549 diluvium
796 3488 979 3550 immensum
1013 3490 1166 3553 sabbatum
1197 3491 1393 3567 observasse,
1426 3502 1477 3555 aut

300 3589 445 3663 Abraham
468 3590 499 3650 in
521 3589 730 3651 observatione
751 3587 865 3650 sabbati
889 3589 970 3651 lsaac
995 3590 1086 3652 lilium
1115 3609 1202 3653 suum
1231 3593 1392 3668 obtulisse,
1426 3601 1479 3655 aut

300 3687 514 3751 Melchisedech
537 3690 568 3750 in
591 3707 647 3751 suo
670 3689 838 3751 sacerdotio
860 3689 955 3770 legem
970 3691 1085 3753 sabbati
1100 3693 1259 3773 accepisse.
1291 3693 1351 3754 Sed
1368 3693 1475 3757 dicturi

299 3798 371 3850 suut
384 3789 503 3861 ludaei,
526 3808 561 3850 ex
583 3806 642 3869 quo
664 3790 722 3850 hoc
742 3800 933 3871 praeceptum
955 3793 1055 3854 datum
1078 3802 1124 3854 est
1139 3812 1193 3874 per
1207 3795 1344 3874 bloyscn,
1369 3794 1475 3856 exinde

300 3888 516 3951 obseruandum
545 3889 649 3951 luisse.
702 3889 888 3953 blanilestum
917 3899 965 3953 est
996 3893 1096 3973 itaque
1124 3913 1199 3970 non¹
1218 3904 1372 3957 aeternum
1402 3895 1478 3958 ⁹nec

301 3988 448 4068 spiritale,
483 3990 535 4050 sed
559 3990 720 4070 temporale
742 3991 838 4053 luisse
863 4006 1070 4073 praeceptum,
1103 3994 1181 4073 quod
1203 3996 1383 4076 quandupue
1405 4014 1473 4059 ees-

300 4096 391 4150 umet.
434 4088 567 4169 benique
588 4091 662 4153 adeo
685 4109 746 4152 non
768 4092 798 4153 in
822 4094 973 4155 vacatione
995 4094 1154 4168 ¹⁰sahhati,
1188 4096 1217 4156 id
1240 4106 1287 4157 cst
1311 4097 1400 4160 ¹¹diei
1422 4116 1474 4159 se·

299 4188 401 4271 primi,
429 4186 502 4251 haec
524 4189 708 4253 sollemnitas
731 4191 907 4254 celebranda
930 4204 991 4269 est,
1025 4204 1056 4258 ut
1077 4197 1162 4257 lesus
1184 4197 1278 4270 Nare,
1308 4197 1372 4259 ¹'eo
1396 4207 1477 4261 tem·

145 4298 376 4369 10·.r1‚rm·pore
410 4310 468 4368 quo
496 4291 636 4353 lliericho
670 4294 816 4355 civitatem
850 4294 1028 4369 debellabat,
1064 4307 1255 4379 praeceptum
1284 4299 1343 4360 sibi
1371 4318 1388 4361 a
1416 4299 1474 4360 deo

369 4442 427 4503 Cap.
446 4443 481 4491 lll.
525 4444 546 4492 l.
565 4444 644 4508 itaque
662 4446 705 4497 ΑΒ.
757 4444 781 4494 2.
800 4440 946 4510 t'emporeria
964 4446 1004 4497 ld.
1045 4450 1190 4513 temporalia
1209 4454 1233 4500 Α.
1276 4451 1419 4516 temporalis
1437 4466 1474 4500 re-

299 4508 366 4572 liqui.
419 4508 442 4559 3.
461 4511 607 4560 sanctilleale
626 4514 648 4561 d.
703 4511 748 4562 bb.
768 4526 812 4562 nos
832 4517 906 4576 magis
925 4517 1074 4566 sabbatizare
1093 4519 1122 4566 ah
1141 4524 1165 4568 Α.
1218 4517 1241 4566 1.
1261 4520 1291 4566 nh
1310 4522 1407 4569 emet.
1448 4519 1471 4566 5.

300 4574 490 4641 dehereeias.
543 4578 638 4628 brues
657 4586 736 4630 cml.
789 4581 812 4629 l.
832 4582 994 4644 praedicatum
1013 4586 1067 4634 led.
1088 4587 1159 4635 Velie.
1204 4587 1294 4634 dictum
1314 4589 1336 4636 1.
1389 4586 1412 4636 8.
1432 4595 1470 4635 re2

299 4640 459 4704 ligionelcd.
500 4645 641 4707 religionem
665 4650 757 4712 reliqui.
816 4648 841 4698 9.
864 4664 909 4697 nec
932 4652 1041 4714 spiritale
1060 4668 1104 4702 om.
1115 4652 1138 4702 1.
1204 4654 1240 4702 10.
1266 4654 1361 4704 sabbati
1386 4654 1410 4703 id
1436 4660 1477 4702 est

234 4744 251 4773 0
300 4709 401 4760 omit.
457 4710 494 4760 11.
514 4714 610 4775 septimi
629 4715 675 4763 diei
693 4718 718 4764 A.
772 4715 930 4784 123suohe.

295 4820 303 4829 '
335 4809 393 4875 Cap.
412 4811 447 4859 lll.
482 4827 505 4862 a.
523 4811 652 4878 expuncto}
675 4815 702 4865 ld
720 4823 758 4866 est
774 4817 894 4880 absoluta,
913 4827 1085 4870 consummate.
