3242 5775
509 629 574 674 -on
596 630 843 676 axsexaxerrons
864 629 981 676 meum.
1281 617 1346 686 us

197 777 311 840 mnibus
331 778 461 858 praeibit
481 777 587 841 carnit
630 779 725 855 Quale
747 787 794 842 est
819 780 872 843 'et
898 780 1002 844 eadem
1023 781 1120 844 anima
1141 800 1218 862 qnae
1236 781 1268 846 io
1289 785 1346 850 bac

197 897 259 940 erne
279 886 376 941 tetum
391 878 467 940 ritae
483 879 617 941 ordinem
633 880 811 955 decucurrit,
834 899 910 962 quae
923 882 954 943 in
969 881 1025 943 bac
1038 899 1128 944 carne
1141 883 1230 945 dcem
1244 883 1348 948 didicat

198 978 371 1042 ,Christum
394 978 492 1041 induit
512 988 542 1042 et
563 999 648 1061 spem
671 981 776 1043 salnes
805 981 978 1057 seminarit,
1010 981 1042 1044 io
1072 981 1128 1044 alie
1154 1001 1259 1046 nesae
1286 1002 1346 1066 qna

199 1087 262 1142 etat
282 1077 435 1142 truceumt
477 1079 539 1142 Nae
567 1081 616 1143 illa
642 1080 878 1161 'gratiosissima
904 1100 974 1145 care
1006 1081 1054 1144 cui
1074 1082 1166 1162 gratis
1187 1084 1247 1147 rita
1267 1099 1345 1148 een·

198 1180 271 1244 abit.
317 1179 433 1253 Quodsi
455 1198 517 1241 non
538 1189 570 1243 et
589 1181 687 1244 anima
715 1183 893 1257 metebitur,
925 1183 1069 1268 iamnes
1094 1182 1212 1246 animae
1236 1203 1344 1250 resur·

197 1281 263 1344 ctio
286 1288 350 1356 est;
377 1299 433 1343 nec
453 1280 517 1361 ipsa
540 1282 620 1343 enim
640 1283 846 1347 resurrexisse
866 1283 1037 1358 ‘credetnm
1065 1282 1093 1345 ei
1114 1301 1176 1346 nen
1197 1283 1253 1347 alia
1273 1285 1345 1350 ’re-

197 1382 346 1444 urexerit
1100 1425 1105 1434 ι

252 1482 331 1544 Hinc
351 1481 409 1544 iam
431 1482 479 1545 illa
496 1483 640 1563 'vulgaris
655 1483 870 1547 incredulitatis
884 1484 1014 1564 'argutia
1029 1494 1087 1548 est.
1114 1485 1158 1560 Si,
1177 1485 1342 1568 'inquient
1359 1511 1489 1572 mene

198 1601 231 1646 sa
254 1583 417 1662 eademque
439 1584 604 1648 substantia
619 1593 774 1648 revocatur
788 1603 855 1648 cuna
875 1603 930 1649 sua
944 1588 1055 1661 torma,
1076 1585 1171 1662 linea,
1193 1587 1344 1668 godium,

197 1703 240 1764 go
263 1693 296 1747 et
316 1702 384 1746 cum
405 1683 572 1764 insignibus
594 1686 659 1747 seis
680 1686 815 1765 reliquis.
851 1687 954 1767 ltaque
975 1694 1007 1748 et
1026 1686 1106 1749 caeci
1127 1695 1157 1749 et
1177 1687 1291 1752 ‘claudi
1312 1695 1346 1754 et
1450 1725 1463 1742 ,

197 1783 337 1865 rralytici,
367 1794 397 1847 et
417 1793 451 1847 nt
472 1787 538 1865 quis
560 1786 686 1866 insignis
709 1786 887 1862 excesserit,
915 1787 955 1850 ita
983 1795 1015 1849 et
1039 1794 1216 1850 revertetur.
1265 1787 1346 1864 enit

197 1904 266 1960 nnc,
295 1885 354 1947 etsi
377 1886 416 1947 ita
439 1885 608 1967 dedignaris
630 1895 742 1949 tanum
764 1888 887 1967 gratiam
916 1887 1129 1969 qualiscunque
1150 1905 1167 1949 a
1189 1887 1247 1950 dee
1268 1905 1345 1952 cen·

197 1984 281 2067 equi?
317 1986 385 2047 Non
407 1987 485 2049 enim
509 1995 540 2048 ot
559 2005 639 2050 nunc
665 1989 781 2050 animae
809 1987 904 2050 solius
926 1987 1085 2051 admittens
1106 1988 1232 2050 salutm
1253 1987 1345 2052 etni-

197 2086 259 2149 iatis
281 2086 454 2150 bominibus
477 2088 618 2150 ‘eandem
640 2086 810 2152 adscribis?
844 2088 924 2161 Quid
946 2095 993 2152 est
1006 2087 1131 2150 medere
1143 2089 1345 2153 monento·
1476 2085 1480 2092 '

197 2207 255 2262 ens,
276 2187 337 2249 nisi
359 2188 503 2269 integram
527 2187 671 2252 credere?
708 2189 742 2251 Si
763 2190 843 2251 enim
865 2207 935 2251 caro
957 2190 994 2251 de
1008 2187 1207 2252 dissolutione
1220 2195 1346 2271 lepora-

197 2287 265 2364 itnr,
293 2288 388 2351 multe
415 2290 510 2369 magis
538 2292 576 2352 de
596 2289 770 2353 ‘vexatione
798 2289 996 2352 revocabitur.
1038 2289 1205 2354 itineribus
1231 2290 1345 2354 maiore
1443 2271 1457 2346 '.

197 2388 388 2451 asscribunt
432 2389 641 2471 Cuiuscunque
663 2390 788 2452 membri
810 2390 995 2452 detruncatio
1021 2390 1217 2453 rel-obtusio
1243 2407 1346 2454 nenne
1375 2441 1378 2446 .

197 2507 253 2551 iorx
274 2489 400 2550 membri
424 2488 495 2551 est?
537 2491 569 2552 Si
592 2490 766 2552 universalis
794 2509 878 2552 mers
905 2490 1130 2553 resurrectione
1154 2491 1346 2567 rescinditur,

197 2587 240 2650 eid
260 2588 464 2669 portionalis?
508 2590 539 2651 Si
562 2591 749 2652 demutamur
770 2591 801 2651 in
823 2590 966 2668 gloriam,
992 2599 1102 2671 quomo
1125 2591 1220 2671 magis
1240 2591 1273 2652 in
1294 2590 1347 2654 iu-

197 2687 395 2752 ›lnmitateml
428 2690 548 2752 Vitiatio
570 2708 729 2770 corporum
750 2690 887 2753 accidens
902 2708 953 2752 res
968 2699 1034 2765 est,
1054 2690 1209 2769 integritas
1223 2691 1347 2773 propria

197 2797 228 2852 st.
269 2789 304 2851 ln
325 2790 382 2852 bac
403 2790 562 2852 nascimur.
606 2790 701 2852 Etiam
725 2790 752 2852 si
774 2791 804 2851 in
828 2800 914 2853 utero
936 2790 1113 2865 'vexamen
1134 2792 1193 2854 iam
1214 2791 1347 2855 beminis

197 2892 352 2972 stpassio.
389 2892 476 2953 Prius
498 2900 544 2954 est
566 2910 660 2971 genus
683 2911 770 2972 quam
793 2911 890 2955 casus.
934 2893 1093 2966 Quomodo
1114 2892 1172 2954 rita
1194 2894 1348 2956 conlertnr

211 2992 286 3067 dee,
309 2992 349 3054 ita
371 3001 402 3054 et
423 2995 560 3055 retertur.
605 2994 716 3066 Quales
739 3012 805 3055 eam
826 2993 1004 3073 accipimus,
1026 2994 1100 3055 tales
1122 3002 1153 3055 et
1173 2994 1347 3076 recipi-us.

197 3100 314 3166 sturae,
336 3111 399 3153 nen
421 3093 547 3155 iniuriae
568 3094 736 3168 reddimen
769 3094 849 3173 quod
872 3094 1039 3169 nascimur,
1065 3111 1128 3154 nou
1149 3095 1228 3174 qued
1248 3094 1346 3157 laedi-

200 3212 252 3269 ur,
284 3194 503 3256 reviviscimus.
552 3194 583 3256 Si
612 3213 673 3255 nen
694 3195 826 3273 integros
856 3195 930 3255 deus
959 3193 1100 3268 suscitat,
1131 3212 1194 3255 nen
1222 3196 1348 3258 suscitat

198 3302 319 3357 ortnes.
357 3295 432 3368 Quis
456 3295 535 3356 euim
558 3307 694 3357 mortuus
717 3296 846 3373 integer,
870 3295 925 3356 etsi
948 3293 1064 3373 integer
1085 3293 1234 3356 meritur?
1269 3294 1346 3368 Quis

197 3394 330 3457 icolumis
353 3395 403 3475 qui
426 3394 594 3457 exanimis?
628 3394 715 3468 Quod
738 3412 849 3473 cerpus
871 3394 1021 3468 illaesum,
1043 3411 1109 3454 cum
1124 3393 1347 3472 interemptum,

197 3512 238 3559 exn
253 3495 403 3574 trigidum,
427 3514 493 3557 cum
510 3495 697 3575 expallidum,
720 3512 786 3555 cum
802 3495 938 3567 edurum,
961 3511 1027 3555 cum
1043 3490 1191 3554 cadaveri
1218 3492 1345 3567 Quando

198 3596 265 3677 agie
285 3596 378 3658 bomo
400 3597 523 3669 debilis,
553 3597 611 3658 nisi
635 3614 701 3657 eum
725 3592 849 3657 totum?
894 3594 1019 3667 Quando
1040 3592 1135 3671 magis
1156 3594 1345 3675 paralyticus,

198 3697 229 3759 si
243 3716 310 3759 cem
326 3695 512 3759 immobilis?
545 3697 605 3758 ‘lta
627 3696 701 3757 nihil
722 3696 801 3758 aliud
824 3703 872 3757 est
893 3702 1041 3757 mertuum
1064 3695 1235 3757 resuscitari
1256 3711 1345 3775 quam

197 3806 315 3879 ugrum
339 3798 420 3871 deri,
443 3816 481 3859 ne
504 3817 538 3859 ex
563 3817 596 3859 ea
618 3805 702 3878 parte
724 3805 861 3858 mortuus
883 3794 979 3857 adhuc
1001 3796 1040 3857 sit
1062 3813 1098 3857 cx
1112 3812 1170 3875 qua
1191 3812 1254 3856 nou
1273 3793 1345 3856 ‘re-

197 3898 341 3960 trrexerit
380 3898 509 3959 idoneus
532 3899 607 3959 deus
629 3899 751 3959 reficere
773 3897 853 3976 qued
877 3897 955 3958 lecit
993 3896 1077 3981 Hanc
1098 3914 1183 3957 seam
1205 3902 1236 3956 et
1254 3901 1345 3975 pote·

197 4000 277 4061 Μαι
299 4006 330 4060 et
351 3998 556 4061 liberalitatem
578 3998 651 4059 satis
675 3998 760 4059 ¹⁰iam
782 3998 813 4059 in
836 3997 956 4060 Christe
984 3996 1162 4077 spopondit,
1195 3996 1287 4057 immo
1316 4003 1347 4058 et

197 4099 303 4162 uude
323 4116 386 4160 non
410 4108 522 4160 tantum
547 4098 818 4161 ''resuscitatorem
840 4097 955 4171 carnis,
978 4115 1080 4159 rerum
1103 4097 1191 4159 etiam
1213 4095 1347 4158 redinte-

197 4206 329 4275 retorem
374 4199 469 4279 Atque
492 4199 566 4261 adeo
589 4209 620 4260 et
641 4199 811 4279 apestolus,
840 4198 879 4260 Et
899 4197 1027 4270 mertui,
1055 4196 1164 4276 inquit,
1186 4204 1496 4277 resurgenttcormssa,

197 4338 338 4403 [nond.
391 4351 415 4398 l.
434 4352 621 4412 generosissima
641 4350 664 4400 s
719 4350 742 4400 8.
762 4350 869 4401 creditor
885 4350 929 4401 AB.
980 4349 1005 4399 ll.
1023 4348 1158 4399 resurrexit
1174 4348 1218 4399 ts.

243 4418 298 4484 Cap.
318 4418 387 4468 ertt.
427 4418 445 4466 l.
466 4419 575 4480 vulgares
594 4417 767 4468 incredulitatis
785 4419 893 4480 argutiae
911 4419 986 4468 sedec
1002 4417 1174 4467 testemur.
1232 4414 1256 4465 2.
1273 4430 1346 4479 argn-

199 4476 268 4535 bld.
303 4486 328 4537 ³.
348 4487 401 4549 ipsa
421 4486 531 4548 inquient
549 4486 632 4534 eadem
651 4486 785 4535 substantia
802 4486 846 4536 AB.
897 4484 923 4534 4.
941 4483 1004 4534 clodi
1023 4484 1097 4534 codes
1113 4483 1286 4533 lectorensis.
1321 4482 1347 4533 b.

197 4550 275 4603 fldem
292 4557 331 4605 cd
349 4561 397 4603 tres
416 4554 525 4602 Vaticani.
562 4568 614 4601 esna
633 4555 670 4603 ob.
706 4553 790 4601 eadem
807 4552 900 4616 reliqui.
962 4551 987 4601 d.
1010 4551 1131 4600 vitiatione
1148 4550 1286 4602 deliniet.
1322 4548 1346 4599 l.

197 4617 284 4670 diener
301 4637 332 4682 c,
352 4622 382 4670 de
400 4622 451 4670 cod.
470 4621 502 4669 le.
516 4620 644 4670 Clementis.
703 4617 870 4669 biretulis.
930 4617 954 4668 9.
978 4618 1110 4669 resurrexit
1132 4618 1177 4669 ns.
1236 4617 1276 4668 10.
1299 4617 1346 4667 lam

197 4690 260 4739 ιι
315 4687 356 4737 ll.
376 4695 566 4737 resurrecterem
585 4688 611 4737 s.

209 4819 264 4889 Cep.
280 4820 352 4874 tert.
387 4836 409 4871 a.
427 4822 480 4872 nisi
492 4837 545 4874 cum
564 4816 661 4887 totosl]
688 4821 739 4871 lloc
757 4826 794 4870 eet
811 4832 866 4871 coro
883 4826 949 4871 tetes
966 4826 1003 4872 est
1019 4818 1116 4871 debills.
1133 4816 1240 4887 (Rigalt)
