3242 5775
691 471 730 515 na
752 472 858 549 mma..
1295 463 1361 528 583

174 638 253 701 erga
275 618 371 700 ipsam
391 619 567 699 prudentiae
588 620 842 700 possessionem?
873 622 1019 685 Utrumne
1040 623 1283 705 impedimentum
1305 629 1362 692 erit

175 739 312 800 corpus,
335 739 373 781 an
394 739 473 793 non,
497 722 524 782 si
546 724 614 801 quis
636 722 708 784 illud
730 723 845 785 socium
869 725 1066 804 assumpserit
1085 727 1116 787 in
1131 728 1361 807 quaestionem?

177 821 253 885 Tale
274 821 345 901 quid
367 822 452 894 dico,
476 822 603 884 habetne
624 824 776 886 veritatem
799 825 926 905 aliquam
948 826 1025 888 visio
1049 836 1079 889 et
1100 828 1212 890 auditio
1228 829 1360 892 homini·

178 922 257 997 bus,
289 942 326 983 an
350 922 434 985 non?
477 925 521 984 dn
543 924 622 985 ⁴non
646 925 734 986 etiam
757 932 865 1005 poetae
888 926 961 988 haec
982 928 1069 990 nobis
1093 948 1213 1009 semper
1235 929 1361 992 obmus-

182 1034 264 1097 sant,
295 1025 374 1103 qnod
397 1043 494 1103 neque
523 1026 678 1087 audiamus
701 1035 814 1088 certum
843 1045 940 1106 neque
969 1027 1144 1090 videamus?
1187 1029 1363 1094 Meminerat

183 1126 296 1188 scilicet
311 1134 342 1187 et
355 1125 522 1204 Epicharmi
530 1127 542 1162 ¹¹
559 1127 687 1188 Comici:
710 1127 835 1188 Animus
851 1127 963 1199 cernit,
986 1128 1103 1188 animus
1126 1130 1224 1203 audit,
1248 1130 1361 1211 reliqua

183 1228 273 1289 surda
296 1236 326 1289 et
348 1246 432 1288 caeca
455 1237 534 1289 sunt.
573 1229 674 1307 ltaque
697 1247 803 1289 rursus
829 1228 909 1288 illum
932 1247 1004 1306 ergo
1027 1229 1068 1290 ait
1089 1249 1288 1310 supersapere
1310 1232 1362 1311 qui

181 1338 281 1391 mente
304 1328 430 1389 maxime
453 1329 557 1406 sapiat,
579 1348 675 1409 neque
691 1330 835 1391 visionem
851 1348 1023 1408 proponens
1038 1349 1136 1410 neque
1150 1332 1259 1393 ⁵ullum
1275 1333 1360 1396 eins·

106 1435 112 1516 l
180 1431 260 1492 modi
283 1430 424 1490 ⁶sensum
447 1431 599 1492 attrahens
622 1432 738 1503 animo,
773 1432 827 1492 sed
856 1431 920 1510 ipsa
949 1440 1047 1492 mente
1075 1433 1191 1493 sincera
1213 1441 1300 1495 utens
1329 1432 1361 1494 in

177 1530 390 1609 ⁷recogitando
419 1531 455 1591 ad
483 1531 658 1609 capiendum
687 1532 837 1592 sincerum
867 1532 1006 1610 quodque
1033 1550 1149 1605 rerum,
1183 1533 1359 1613 'segressus

173 1633 373 1712 potissimum
396 1630 432 1691 ab
455 1632 548 1692 oculis
572 1641 601 1693 et
623 1632 743 1694 auribus
774 1641 819 1704 et,
851 1631 949 1711 ‘quod
979 1633 1136 1694 dicendum
1166 1634 1221 1707 sit,
1255 1642 1359 1708 atoto

167 1752 324 1813 corpore,
349 1740 380 1793 ut
403 1732 539 1794 turbante
562 1744 591 1794 et
613 1752 671 1794 non
695 1735 884 1813 permittente
904 1734 1019 1794 animae
1033 1734 1190 1813 possidere
1206 1734 1360 1797 veritatem

169 1844 270 1916 atque
294 1834 498 1913 prudentiam,
531 1836 649 1913 quando
677 1835 884 1896 communicat.
928 1834 1069 1895 Videmus
1099 1835 1188 1913 igitur
1216 1836 1359 1898 adversus

161 1955 292 1999 sensus
314 1935 486 2012 corporales
509 1934 594 1996 aliam
616 1936 754 2015 portendi
771 1944 955 2013 paraturam,
980 1936 1039 1996 ¹⁰ut
1055 1936 1146 1997 multo
1163 1936 1358 2011 idoniorem⁸,

161 2038 258 2099 vires
281 2036 395 2097 scilicet
416 2036 546 2108 animae,
570 2036 751 2097 intellectum
775 2045 934 2114 operantes
958 2036 1023 2097 eius
1045 2037 1177 2099 ueritatis
1200 2037 1284 2099 cuius
1305 2056 1357 2099 res

158 2155 239 2201 non
264 2139 326 2199 sint
348 2155 447 2197 coram
470 2156 525 2198 nec
554 2137 725 2198 subluceant
753 2136 958 2215 corporalibus
988 2138 1145 2211 sensibus,
1179 2138 1232 2199 sed
1260 2137 1358 2200 absint

155 2237 267 2319 longe
289 2257 306 2299 a
329 2240 478 2299 communi
501 2239 680 2299 conscientia
703 2239 732 2298 iu
754 2256 861 2298 arcano
894 2246 924 2298 et
945 2239 976 2298 in
997 2238 1204 2316 superioribus
1227 2245 1258 2300 et
1279 2238 1357 2318 apud

154 2337 278 2421 ipsum
295 2340 395 2400 deum.
425 2339 490 2400 Vult
513 2340 592 2400 enim
615 2340 697 2399 Plato
721 2357 790 2399 esse
812 2339 953 2417 quasdam
976 2339 1158 2400 substantias
1181 2338 1356 2408 invisibiles,
1456 2381 1458 2386 -

155 2438 431 2521 ¹¹incorporales,
455 2440 728 2519 supermundiales,
760 2440 874 2500 divinas
897 2447 928 2499 et
948 2450 1100 2514 aeternas,
1130 2458 1202 2519 quas
1230 2440 1357 2520 appellat

155 2539 277 2617 ideas,
301 2542 331 2603 id
355 2551 401 2603 est
424 2541 578 2615 ¹²lormas,
609 2541 741 2619 exempla
763 2550 793 2601 et
816 2559 920 2602 causas
942 2542 1117 2603 naturalium
1141 2542 1268 2603 istorum
1290 2560 1355 2604 ma·

154 2644 356 2705 nilestorum
379 2652 409 2703 et
432 2642 645 2703 subiacentium
669 2641 873 2721 corporalibus
895 2642 1055 2715 sensibus,
1087 2651 1117 2703 et
1143 2643 1208 2704 illas
1237 2642 1355 2722 quidem

160 2760 248 2807 esse
270 2744 426 2814 veritates,
450 2745 522 2804 haec
544 2752 641 2804 antem
665 2743 809 2821 imagines
833 2761 945 2804 earum.
979 2742 1161 2805 Relucentne
1177 2743 1233 2804 iam
1250 2743 1355 2806 haere·

157 2846 235 2908 tica
257 2845 373 2908 semina
396 2844 605 2906 Gnosticorum
628 2854 658 2905 et
681 2842 975 2906 Valentinianorum?
1013 2844 1087 2906 llinc
1109 2843 1189 2906 enim
1211 2844 1357 2925 arripiunt

160 2947 376 3009 differentiam
400 2947 596 3024 corporalium
627 2965 769 3006 sensuum
798 2954 827 3006 et
849 2946 1089 3007 intellectualium
1112 2947 1236 3020 virium,
1269 2965 1356 3025 quam

165 3049 266 3109 etiam
296 3048 454 3127 parabolae
482 3047 583 3107 decem
607 3048 752 3126 uirginum
782 3055 996 3125 attemperant,
1031 3055 1064 3107 ut
1091 3046 1220 3126 quinque
1248 3049 1355 3109 stultae
1370 3038 1503 3146 ffifflgqq·

164 3164 287 3212 sensus
311 3150 482 3228 corporales
505 3150 709 3227 figuraverint,
741 3147 849 3207 stultos
877 3147 1013 3207 videlicet
1035 3147 1102 3225 qnia
1125 3147 1262 3226 deceptui
1283 3148 1356 3210 laci·

163 3242 240 3323 les,
262 3250 414 3329 sapientes
438 3259 535 3310 autem
558 3248 798 3310 intellectualium
822 3249 927 3308 virium
944 3256 1044 3308 notam
1061 3245 1280 3325 expresserint,
1306 3265 1356 3306 sa·
1414 3316 1421 3330 ‚

167 3351 323 3426 pientiam
360 3352 472 3412 scilicet
506 3352 572 3430 quia
606 3348 840 3428 contingentium
875 3348 1028 3408 veritatem
1057 3346 1134 3406 illam
1164 3363 1299 3405 arcanam
1328 3355 1358 3407 et

170 3465 342 3533 supernam
375 3461 405 3513 et
435 3453 511 3531 apud
546 3453 678 3531 pleroma
707 3449 913 3520 constitutam,
951 3447 1166 3507 haereticorum
1197 3444 1356 3507 ¹³idearum

170 3562 374 3617 sacramenta.
424 3555 488 3615 lloc
517 3555 596 3614 enim
626 3563 697 3613 sunt
726 3550 783 3610 uet
804 3551 921 3610 Aeones
951 3557 980 3608 et
1008 3545 1197 3625 genealogiae
1227 3546 1354 3608 illorum.
1456 3580 1461 3586 ·

166 3645 280 3736 Itaque
304 3666 334 3716 et
356 3641 477 3716 sensum
500 3655 643 3725 dividunt,
667 3663 696 3714 et
717 3649 963 3713 intellectualibus
987 3649 1106 3727 quidem
1127 3666 1141 3707 a
1159 3647 1284 3726 spiritali
1299 3667 1354 3709 suo

169 3759 309 3830 semine,
344 3757 531 3817 sensualibus
563 3776 630 3816 vero
659 3756 694 3815 ab
724 3752 858 3824 animali,
891 3751 959 3829 quia
988 3750 1131 3829 spiritalia
1159 3748 1354 3810 nullomodo

168 3860 272 3939 captat
296 3867 325 3919 et
346 3858 425 3918 illius
449 3858 566 3936 quidem
590 3876 659 3916 esse
681 3854 855 3926 invisibilia,
890 3852 977 3912 huius
1006 3870 1075 3912 vero
1099 3850 1223 3912 visibilia
1246 3858 1274 3911 et
1296 3849 1354 3911 hu-

167 3962 256 4023 milia
279 3970 310 4021 et
331 3959 519 4038 temporalia,
544 3976 619 4037 quae
642 3975 734 4018 sensu
757 3954 971 4016 conveniantur
993 3953 1023 4013 in
1039 3951 1216 4030 imaginibus
1238 3950 1354 4012 consti·

168 4110 269 4163 inan
288 4115 396 4175 emm.
450 4114 472 4161 5.
493 4113 560 4160 illnm
580 4113 641 4173 Bmg.
695 4109 718 4158 li.
737 4122 836 4158 sensnm
855 4107 977 4155 attrahens
996 4106 1076 4153 animo
1095 4105 1187 4167 Bmpob.
1231 4102 1355 4152 attrahens

169 4183 258 4230 {nimo
280 4182 303 4231 0.
348 4182 471 4230 attrahens
490 4183 594 4228 animum
613 4179 657 4228 AB.
710 4177 734 4225 'l.
753 4176 880 4237 cogitando
900 4176 924 4224 Α.
980 4172 1004 4222 8.
1022 4187 1150 4233 segressus
1169 4174 1191 4221 b.
1232 4171 1355 4232 siegras·

168 4251 313 4300 :istacin
367 4248 498 4310 liquor.
555 4248 592 4295 10.
613 4245 695 4294 aritli.
737 4245 832 4305 utidfl.
889 4242 925 4290 ll.
950 4240 1117 4302 incorporales
1144 4236 1355 4302 supermundiales

169 4321 262 4367 md.
318 4315 356 4365 12.
381 4319 472 4364 formas
498 4315 648 4377 exemplares
674 4322 697 4362 et
715 4313 772 4362 sca.
834 4309 874 4360 13.
899 4310 997 4358 dearum
1016 4307 1206 4372 dlm.pr.)3mg.
1267 4305 1307 4355 tc
1331 4311 1356 4352 et

174 4392 269 4434 teones
286 4388 326 4435 ts.
363 4393 387 4433 et
405 4376 501 4434 αἰῶνες
518 4385 611 4446 reliqui.

215 4484 237 4533 b.
255 4480 404 4550 Epicharmi]
428 4486 521 4535 Dictum
540 4482 676 4547 Epicharmi
695 4482 742 4531 hoc
793 4470 893 4528 r'dttn
910 4471 993 4543 κωφὰ
1010 4471 1055 4524 καὶ
1068 4470 1194 4540 τυφλά.“
1216 4472 1288 4522 Plura
1302 4469 1355 4520 ride

176 4558 297 4603 memorat
319 4564 416 4618 praeter
441 4554 502 4602 alios
529 4554 600 4601 etium
627 4551 688 4599 Plut.
708 4551 741 4598 lle
794 4565 831 4613 ap.
851 4548 969 4611 Wyttenb.
988 4547 1017 4594 ad
1038 4545 1096 4594 l‘lat.
1117 4544 1205 4593 l‘haad.
1223 4539 1337 4615 plot„

182 4612 283 4669 Fortuna
301 4638 324 4686 p.
336 4622 377 4671 98.
397 4630 420 4670 et
439 4622 472 4669 lle
489 4622 552 4669 tter.
566 4621 621 4667 virt.
641 4629 663 4666 et
676 4619 740 4666 Fort.
828 4632 848 4665 c.
868 4613 1015 4678 idoniorem]
1034 4614 1172 4664 Cladnott.
1191 4608 1221 4660 ad
1234 4604 1354 4659 Dal’allto

186 4685 282 4742 2336:
309 4688 406 4746 „Nede
424 4683 473 4755 ὁρῇ
491 4682 537 4736 καὶ
554 4686 618 4740 νοῦς
636 4679 738 4741 ἀκούει,
794 4699 847 4748 cap.
859 4683 882 4732 3.
