3242 5775
576 468 615 512 ns
637 469 881 514 nssnsnscnrons
904 471 1019 517 cannis.
1318 463 1381 526 ote

291 615 424 678 Eandem
448 617 558 679 ¹adbuc
579 618 756 681 sententiam
777 621 950 699 exsequitur
971 623 1228 687 remunerationes
1249 628 1382 689 vexabo—
1401 650 1516 707 canani.

198 715 300 777 nibus
329 717 510 795 praeferens.
560 717 678 779 Scimus
708 720 802 793 enim,
832 721 943 799 inquit,
976 721 1133 802 ²(ruteniam
1163 725 1220 786 etsi
1248 724 1521 798 'terrenanconnn

204 816 319 878 domus
341 816 453 878 ⁴nostri
476 818 564 880 buius
588 820 768 880 tabernaculi
790 820 984 896 dissolvatur,
1012 822 1156 885 habemus
1178 825 1299 886 domum
1322 845 1384 887 non

206 936 299 978 manu
322 918 427 978 iactam
450 928 598 980 aeternam
622 921 651 979 in
674 920 778 993 caelis,
808 922 838 981 id
862 932 909 982 est
929 923 1000 1002 ⁶per
1021 924 1079 985 boc
1101 925 1179 1002 quod
1202 926 1383 988 dissolvetur

206 1036 277 1079 caro
300 1028 405 1080 nostra
427 1038 480 1097 per
502 1021 657 1098 passiones
678 1020 876 1082 ⁶domicilium
898 1024 1086 1085 consecuturi
1110 1043 1214 1086 sumus
1236 1026 1383 1089 incaelis.

207 1117 383 1180 Meminerat
397 1120 579 1197 evangelicae
593 1121 807 1181 ⁷detinitionis:
827 1122 918 1196 Beati,
942 1125 992 1202 qui
1008 1126 1246 1203 persecutionem
1262 1127 1382 1205 patiun-
1396 1142 1529 1197 samnio

210 1224 255 1279 tur
277 1228 402 1299 propter
417 1221 568 1293 iustitiam,
592 1222 660 1299 quia
675 1222 792 1283 illorum
810 1233 856 1283 est
871 1242 995 1301 regnum
1011 1224 1169 1285 caelorum.
1203 1225 1269 1286 Non
1285 1234 1383 1289 tamen

111 1369 120 1374 ..
211 1320 304 1380 carnis
327 1320 563 1381 ‘restitutionem
586 1322 711 1399 negarit,
734 1323 760 1383 si
776 1324 1052 1400 compensationem
1070 1326 1215 1387 mercedis
1231 1327 1384 1406 opposuit,

106 1446 115 1481 r
213 1436 272 1479 eum
301 1420 361 1497 ipsi
387 1423 589 1498 compensatio
619 1422 760 1482 debeatur
788 1423 835 1482 cui
863 1424 1021 1485 dissolutio
1048 1424 1234 1504 ”reputatum
1271 1427 1384 1488 scilicet

213 1521 299 1581 tarni.
332 1520 390 1582 Sed
413 1522 480 1598 quia
503 1523 623 1583 domum
647 1523 761 1583 dixerat
776 1541 910 1595 carnem,
935 1524 1085 1602 eleganter
1099 1525 1193 1586 voluit
1210 1534 1240 1586 et
1253 1527 1283 1586 in
1299 1544 1381 1587 mer-

214 1621 289 1681 edis
305 1622 526 1698 comparatione
542 1623 684 1683 vocabulo
701 1623 808 1685 domus
828 1624 880 1694 uti,
904 1622 960 1701 ipsi
983 1625 1084 1686 domui
1106 1644 1180 1703 quae
1203 1625 1384 1688 dissolvetur

106 1718 119 1750 ’·’·
205 1734 259 1793 per
280 1722 454 1800 passionem
477 1723 631 1784 meliorem
659 1724 781 1784 domum
809 1724 1020 1802 repromittens
1050 1745 1104 1804 per
1130 1726 1382 1788 resurrectionem

108 1831 111 1835 “
204 1820 285 1888 (nam
308 1831 340 1882 et
361 1822 500 1882 dominus
522 1824 629 1883 multas
651 1824 822 1884 mansiones
854 1823 937 1902 quasi
966 1825 1072 1887 domus
1094 1826 1171 1904 apud
1193 1835 1307 1904 patrem
1329 1843 1380 1888 re·
1394 1822 1507 1875 ΝΜ·

192 1922 370 1994 promittit,
392 1941 567 2001 quamquam
592 1924 649 1983 ¹⁰et
670 1924 706 1983 de
730 1923 879 1983 domicilio
903 1922 1004 1985 mundi
1026 1933 1128 2003 potest
1149 1924 1293 2004 intellegi,
1322 1943 1382 2005 quo

188 2016 352 2083 dissoluto
375 2031 494 2083 aeterna
518 2025 606 2085 sedes
629 2024 854 2102 repromittatur
881 2025 912 2084 in
935 2024 1040 2097 caelis,
1074 2026 1142 2103 quia
1171 2032 1201 2085 ct
1226 2043 1301 2102 quae
1330 2042 1381 2086 se·

178 2131 338 2196 (luuntur
360 2123 396 2183 ad
418 2142 535 2184 carnem
559 2123 715 2184 manifeste
737 2123 916 2202 pertinentia
939 2124 1128 2185 ¹¹ostendunt
1148 2125 1248 2204 priora
1267 2142 1329 2185 non
1345 2125 1382 2186 ad

170 2234 325 2284 carnem
358 2223 537 2301 pertinere):
575 2225 750 2285 divisionem
783 2223 862 2283 enirn
890 2223 959 2284 lacit
986 2225 1140 2302 apostolus
1170 2243 1235 2286 cum
1265 2224 1383 2298 subicit,

160 2311 279 2384 Nam
302 2331 332 2383 et
355 2322 413 2382 '²in
435 2323 493 2385 boe
514 2324 735 2402 ingemiscimus
758 2323 940 2384 domicilium
962 2333 1114 2397 nostrum,
1138 2325 1217 2403 quod
1240 2325 1277 2385 de
1300 2324 1380 2385 caelo
1396 2323 1483 2428 ,Ἥ

159 2431 263 2496 est,
276 2423 452 2502 superindui
467 2425 682 2496 desiderantes,
708 2423 855 2501 siquidem
872 2423 978 2483 ¹³exuti
994 2442 1054 2484 non
1072 2424 1144 2484 nudi
1161 2425 1382 2498 ¹‘inveniamun

153 2510 238 2584 id
259 2532 307 2585 est
328 2532 397 2585 ante
418 2524 553 2584 volumus
578 2523 819 2600 ¹⁶superinduere
847 2524 984 2583 virtutem
1014 2525 1170 2585 caelestem
1199 2524 1383 2586 aeternitatis

157 2630 294 2698 qnam
317 2642 405 2685 carne
428 2642 579 2684 eruamur.
634 2624 728 2684 Huius
752 2624 831 2683 enim
855 2624 965 2701 gratiae
986 2624 1171 2703 privilegium
1194 2624 1261 2684 illos
1284 2633 1385 2687 manet

155 2725 257 2798 qui
278 2725 315 2785 ab
338 2724 465 2785 adventu
487 2724 598 2784 domini
622 2724 883 2802 deprehendentur
904 2725 934 2785 in
958 2742 1046 2785 carne
1068 2733 1097 2785 et
1118 2732 1242 2803 propter
1258 2724 1382 2785 duritias

156 2819 374 2905 teuriporum
397 2824 559 2884 antichristi
585 2825 778 2884 merebuntur
799 2825 977 2904 compendio
1000 2824 1105 2886 mortis
1127 2843 1182 2905 per
1202 2825 1381 2887 demutatio·

156 2927 274 2987 llem
297 2934 476 3005 expunctae·
500 2945 676 2986 concurrere
699 2946 764 2986 curn
779 2926 1016 3003 resurgentibus,
1039 2925 1116 2986 sicut
1131 2925 1383 2987 Thessalonicen-

164 3026 291 3088 sibus
322 3026 442 3088 scribit:
477 3027 542 3086 Hoc
564 3027 641 3085 enim
665 3027 790 3086 dicimus
812 3026 899 3085 vobis
922 3027 952 3085 in
976 3043 1114 3085 sermone
1142 3026 1270 3097 domini,
1304 3025 1383 3103 quod

164 3130 264 3187 nos
285 3129 336 3206 qui
359 3127 492 3197 vivimus,
516 3127 565 3204 qui
589 3145 777 3186 remanemus
794 3126 824 3185 in
842 3126 1024 3185 ¹⁰adventum
1041 3125 1248 3195 dominnnon
1264 3125 1380 3202 ¹⁷prae-

166 3228 359 3288 veniemus
383 3246 436 3287 eos
465 3227 514 3304 qui
543 3227 741 3287 dormierunt:
774 3226 922 3297 Quoniam
950 3227 1014 3302 ipse
1041 3225 1179 3284 dominus
1210 3224 1267 3282 ¹⁸in
1296 3224 1382 3284 iussu
1395 3225 1513 3329 ,illm

276 3413 332 3475 Cap.
352 3412 409 3462 ilbi.
448 3412 469 3458 1.
489 3412 517 3458 ad
538 3413 583 3460 boc
605 3413 642 3460 Ca.
685 3410 707 3458 2.
728 3409 912 3473 quomodotll.
955 3405 978 3455 3.
999 3407 1130 3455 terraml.
1173 3405 1383 3456 4.nostribnins

181 3475 354 3529 tabernaculi
374 3481 424 3528 eod.
444 3480 476 3527 lo.
493 3479 619 3526 Clementis.
664 3487 746 3526 nostra
772 3477 842 3524 liuius
868 3474 1014 3523 tabernaculi
1040 3475 1074 3523 cd.
1117 3480 1214 3520 nostrae
1239 3472 1383 3523 tabernacu-

185 3535 299 3595 lunl.
335 3546 411 3595 nostri
431 3546 578 3594 tabernaculi
596 3548 689 3608 reliqui.
749 3545 771 3592 5.
793 3557 837 3607 per
855 3545 909 3604 lpro
929 3541 960 3598 b.)
980 3543 1026 3589 boc
1044 3540 1109 3603 qnod
1134 3541 1185 3588 bed.
1204 3547 1250 3587 tres
1272 3541 1383 3590 Vaticani.

187 3613 397 3676 Probocqnod
418 3615 440 3662 C.
478 3629 522 3673 pro
543 3615 627 3661 boec.
649 3613 880 3661 Gerziensiscedec.
917 3607 1168 3671 qrrodperboceill.
1210 3606 1233 3655 6.
1253 3607 1318 3670 quod
1337 3606 1383 3656 do·

192 3677 298 3728 milinm
319 3681 357 3730 Cn.
411 3681 434 3728 l.
453 3680 603 3728 diffinitionis
622 3681 698 3728 neca.
751 3678 773 3727 8.
798 3679 1002 3726 resurrectionem
1021 3676 1047 3725 a.
1099 3674 1123 3723 9.
1142 3675 1334 3735 deputatnred.,
1355 3676 1383 3725 de

194 3746 449 3797 ‘oblectamentis
504 3748 543 3795 10.
563 3756 585 3795 et
604 3748 632 3794 de
650 3747 722 3796 Anne.
758 3747 788 3792 de
809 3745 847 3794 Ca.
884 3759 928 3792 nee
947 3745 976 3790 de
995 3745 1026 3802 d.,
1048 3758 1078 3792 en
1091 3741 1383 3791 einendnt.FeleiiUrsini.

201 3807 253 3857 ῙΙ.
269 3816 394 3863 ostendunt
413 3817 493 3876 priora
514 3830 560 3862 rion
580 3816 680 3873 (veron.
700 3813 804 3869 necta.)
824 3811 852 3859 ad
873 3825 968 3859 carnem
987 3811 1109 3872 pertinere
1125 3809 1212 3858 tenea.
1230 3808 1383 3870 Hirsnugien-

204 3876 248 3922 *θ’*
267 3885 343 3931 codes.
385 3883 545 3931 ostenduntur
572 3883 633 3938 Cter
650 3882 828 3938 Paterniocensi,
852 3880 899 3926 nisi
916 3878 995 3940 fallor,
1023 3879 1101 3935 libro).
1143 3875 1274 3923 ostendunt
1300 3877 1383 3937 priora

206 3949 304 3998 omnino
323 3950 352 3998 ad
372 3964 467 3998 earnem
487 3951 609 4012 pertinere
629 3951 661 4008 d,
682 3964 711 3996 ee
729 3948 839 3995 emendet.
859 3946 935 3993 Fuluii
951 3945 1035 3992 Ursini.
1079 3940 1118 3991 12.
1138 3943 1160 3990 in
1180 3943 1226 3991 boe
1244 3943 1383 4003 ingemisci·

212 4015 265 4058 ΠΗ
280 4019 323 4076 ed,
343 4019 372 4066 de
390 4018 440 4065 cod.
458 4018 490 4065 lo.
504 4018 632 4065 Clementis.
669 4017 714 4063 boc
732 4015 851 4075 gemimus
869 4014 961 4074 reliqui.
1017 4008 1055 4058 13.
1075 4011 1151 4059 induti
1169 4010 1202 4070 d.,
1223 4025 1252 4057 ere
1271 4011 1383 4059 emendet

214 4068 283 4131 Fttlrii
303 4085 388 4133 Ursini.
443 4084 482 4131 14.
502 4084 650 4131 inveniemur
668 4083 711 4131 ΑΒ.
766 4082 804 4130 15.
824 4078 1014 4140 superinducere
1031 4078 1075 4126 ΑΒ.
1129 4074 1169 4124 16.
1188 4075 1314 4125 adrentum
1333 4091 1383 4139 ego.

218 4135 328 4252 etl-repro
347 4149 448 4214 enp24.
491 4151 592 4199 adventu
616 4151 671 4199 libri
695 4164 781 4198 omncs.
844 4146 883 4195 l'l.
910 4145 1093 4209 praeveniamus
1118 4144 1143 4192 Α.
1204 4142 1242 4192 18.
1267 4145 1292 4191 in
1315 4143 1382 4192 iussn

221 4213 292 4265 een.
311 4220 332 4268 b.

246 4374 374 4446 Cannu,
411 4400 432 4433 a.
452 4384 596 4446 compendio
623 4382 708 4431 mortis
727 4396 770 4444 per
822 4379 920 4443 plicuit:
950 4377 1093 4436 „lucrifacta
1114 4382 1192 4424 morte
1210 4389 1255 4438 per
1272 4375 1383 4424 vicariam

220 4430 395 4500 deldotationem
414 4447 558 4514 expunctae]
584 4451 610 4498 ld
629 4458 665 4499 est
684 4449 769 4497 mortis
822 4445 1039 4496 demutationem.“
1068 4444 1109 4502 (ba
1135 4443 1231 4501 Corda.)
1276 4442 1383 4490 Eandem

114 4534 122 4539 ·
218 4510 345 4577 P‘Flunctae
373 4534 416 4581 per
441 4521 552 4567 sicariam
572 4518 770 4575 demutationem,
823 4515 946 4562 materiam
966 4512 1098 4574 eademque
1116 4511 1220 4573 apostoli
1239 4508 1309 4584 rerba
1327 4521 1384 4569 per-

106 4594 123 4614 ·-
216 4572 297 4633 'illicet
314 4587 486 4634 substitutione
510 4588 581 4634 buius
600 4585 770 4633 demutationis
823 4589 908 4630 tractat
931 4579 1095 4629 Tertullianus
1118 4579 1215 4627 Adsere.
1239 4576 1384 4626 Marcionem

108 4654 126 4683 ἰ·
214 4644 251 4691 1³¹0
277 4663 368 4715 morte;
396 4656 473 4717 capite
498 4660 615 4718 sequente
634 4654 710 4714 magis
729 4665 769 4699 es·
824 4648 848 4710 V,
861 4647 899 4696 12·
