3242 5775
314 641 382 688 mv

317 794 427 848 Christus
445 791 474 842 nb
492 790 639 850 horninibus,
658 804 705 841 non
723 790 876 855 aspiritibnr
925 789 1042 842 Christus
1061 789 1160 854 quinto
1180 790 1286 842 decimu
1304 804 1368 841 anno
1375 788 1469 854 inperii.»

350 860 481 912 immundis
493 859 587 909 roiebat
598 872 625 909 rc
638 859 713 908 ttttun
724 858 761 909 dei
775 859 874 922 ngnoeoi

349 929 404 980 Acir.
419 929 488 977 Herc.
499 925 536 985 ΙΙΙ,
546 926 571 976 8.

316 1020 349 1033 -
368 995 461 1060 respuit
473 993 588 1043 immundi
601 993 701 1057 spiritns
711 995 876 1057 praeconium,

351 1065 390 1114 cni
407 1063 483 1113 uncti
496 1061 649 1112 attondebunt
658 1061 712 1111 Λᾶν.
722 1061 792 1112 itare
803 1062 839 1121 tv,
851 1061 875 1112 8.

316 1146 381 1180 -s
405 1129 539 1196 primordio
563 1131 610 1191 erit
634 1130 658 1178 in
682 1133 757 1193 patris
778 1131 876 1180 nomine

350 1200 406 1249 Ado.
425 1198 496 1248 Herc.
506 1198 543 1257 tt,
556 1196 593 1247 to.

317 1292 351 1303 -
369 1267 461 1330 accepit
480 1281 492 1314 e
511 1273 579 1329 patre
597 1265 734 1325 homiuem,
753 1266 833 1315 cernis
853 1273 877 1316 et

351 1336 444 1386 auinaue
462 1341 579 1382 tertnrnnu
609 1332 643 1382 De
662 1333 799 1383 Resurreot.
816 1333 876 1384 Car·

352 1404 390 1453 nie
409 1401 448 1451 ³4.

316 1483 417 1519 -nun
442 1467 589 1530 glorificatos
613 1474 667 1517 auto
684 1470 824 1532 passionem
843 1467 877 1517 De

352 1538 450 1587 Resurr.
468 1535 539 1585 Corn.
550 1534 590 1584 tt.

318 1631 349 1642 -
370 1619 414 1668 per
429 1612 554 1667 tropaeum
568 1604 647 1652 crucis
657 1601 809 1666 triumphnrit
819 1602 875 1655 Acir.

352 1669 526 1731 itanclfflii.
619 1675 633 1706 ⁸

317 1763 351 1780 ·-
370 1740 458 1798 homo,
483 1739 537 1803 quia
558 1751 632 1795 coro.
657 1752 705 1788 non
723 1739 778 1803 qnia
796 1738 875 1788 anima

352 1807 386 1858 sse
405 1808 502 1857 Resurr.
520 1804 644 1856 cnuto

317 1902 351 1914 -
371 1877 439 1925 iesus
457 1873 589 1925 catholicus
605 1874 679 1938 putris
694 1873 810 1924 sacerdos
820 1872 876 1923 tur.

352 1943 424 1993 liare.
436 1941 473 2000 ΙΙΙ,
487 1941 512 1992 9.

317 2037 350 2048 —
375 2011 415 2075 qui
450 2017 563 2058 uenturus
594 2016 630 2058 eut
659 2022 688 2058 sn
713 2009 759 2058 inm
787 2008 878 2057 uenerit

351 2078 408 2129 Acir.
426 2076 538 2127 iunii.-

318 2167 351 2182 -
369 2159 417 2195 non
435 2151 530 2208 poteret
546 2145 608 2193 inter
622 2143 732 2194 homines
746 2143 791 2193 nisi
803 2143 876 2192 humo

351 2213 425 2264 rideri
444 2212 478 2261 De
496 2212 574 2261 Carne
592 2212 649 2262 Chr.
666 2211 703 2262 ΙΙ.

316 2301 352 2318 -
369 2296 412 2331 eur
430 2280 502 2330 horno
521 2288 545 2328 et
563 2279 626 2329 titius
644 2278 758 2342 hominis,
776 2279 796 2328 ei
816 2278 875 2327 ninii

352 2349 457 2399 hominis
475 2357 498 2397 ct
516 2347 574 2396 nihii
594 2362 622 2397 er
640 2348 738 2397 nomine
756 2346 829 2396 habet
843 2346 877 2396 De

354 2418 432 2469 Cerne
451 2416 507 2465 Chr.
517 2416 542 2465 5.

317 2510 351 2522 -
370 2485 427 2549 quid
451 2499 464 2532 u
489 2490 557 2547 patre
581 2484 702 2547 acceperit
726 2481 760 2531 De
778 2481 876 2534 Resurr.

353 2552 425 2604 Caro.
441 2551 481 2601 34.

318 2645 350 2659 ·-
370 2621 414 2671 etsi
442 2620 466 2668 iu
490 2618 594 2668 hominis
618 2618 693 2679 ssgurn
715 2623 878 2681 proposuerat

353 2688 442 2746 latere,
461 2686 519 2735 nihil
535 2694 613 2734 tannen
627 2685 657 2733 de
671 2684 817 2747 impatientia
830 2684 877 2733 ho·

352 2755 423 2804 minis
441 2753 546 2802 imitatus
565 2759 601 2800 est
620 2751 652 2799 De
672 2752 772 2801 Patient.
784 2750 808 2803 3.

318 2847 352 2858 -
370 2829 439 2870 natus
458 2834 486 2869 ex
504 2819 593 2880 virgine
611 2818 644 2867 De
664 2819 741 2867 Carne
760 2819 817 2869 Cirr.
830 2818 854 2867 3.

318 2915 352 2925 -
370 2904 418 2953 quo
436 2903 500 2937 enno
518 2902 607 2951 passus
624 2888 679 2936 Λᾶν.
698 2888 750 2938 lud.
762 2886 785 2937 8.

320 2981 351 2994 -
370 2963 440 3006 nocte
471 2962 560 3013 natue,
591 2953 629 3002 lna
661 2956 766 3004 rerrtatis
790 2956 877 3004 tuturis

353 3023 501 3085 ignorantiae
520 3021 626 3070 tenebris
644 3020 700 3070 Acir.
719 3022 790 3071 ituro.
807 3021 832 3079 V,
851 3021 876 3073 9.

318 3105 451 3141 -rerum
470 3090 508 3139 dei
527 3089 643 3153 tempium
662 3089 717 3138 Λᾶν.
737 3090 788 3140 iod.
802 3088 840 3139 tt.

319 3187 348 3199 -
370 3161 437 3210 iesus
463 3159 486 3208 in
511 3158 564 3221 ipso
589 3157 693 3206 nominis
716 3167 876 3218 sacramento,

352 3243 422 3278 verns
445 3236 469 3278 et
486 3240 595 3275 summus
614 3225 729 3275 secerdos
748 3229 823 3290 patris
842 3234 876 3276 est

352 3297 410 3346 tur.
429 3294 500 3346 Marc.
512 3294 552 3354 ΙΙΙ,
564 3294 588 3343 Ι.

319 3390 352 3403 -
370 3364 519 3427 cogitabatur
532 3363 604 3412 humo
618 3362 722 3420 iuturus,
736 3363 832 3425 qnando
846 3361 876 3410 ii-

352 3430 875 3496 mucotprimebotoriieResurrect.Cnrn.6.

318 3529 347 3539 -
369 3502 432 3551 iliius
456 3500 494 3549 dei
511 3498 612 3548 risibilis
630 3512 675 3561 pro
695 3498 792 3548 ruodulo
811 3499 875 3547 deri·

351 3571 452 3619 rationis
469 3568 525 3618 Acir.
544 3565 662 3617 Prax.13.

317 3663 349 3675 -
369 3651 444 3701 eguus
462 3636 500 3685 dci
519 3636 548 3685 ab
567 3636 656 3686 loanne
670 3630 806 3697 appelletur
820 3632 878 3683 ide.

352 3704 471 3755 tranat.

317 3795 347 3809 -
368 3773 398 3820 ab
423 3771 496 3819 Adanu
523 3783 599 3832 usqne
623 3769 652 3817 ud
677 3769 827 3832 patriarchas
852 3776 876 3817 et

351 3837 498 3902 prophetas,
524 3836 669 3895 inrisione,
688 3838 710 3884 in
730 3850 832 3895 somno,
851 3838 874 3885 in

351 3904 460 3968 speculo,
480 3906 503 3951 in
521 3903 663 3962 aenigmate,
681 3902 789 3953 ordinem
804 3918 874 3953 suum

351 3980 507 4036 praestruens
534 3967 563 4015 ob
591 3968 657 4017 initio
685 3984 783 4034 semper
817 3971 873 4022 Λᾶν.

352 4039 419 4088 Prnr.
442 4036 479 4086 to.

317 4132 350 4143 -
368 4121 398 4155 au
417 4118 503 4153 nornen
521 4104 561 4163 sit,
580 4113 602 4155 et
620 4119 666 4154 nou
686 4106 817 4170 appellatio
827 4123 872 4172 po·

351 4174 397 4223 tius
415 4174 471 4222 Acir.
491 4173 558 4221 Prnx.
573 4171 613 4222 28.

315 4264 347 4279 «-
366 4241 435 4304 ponis
453 4256 522 4306 quern
542 4250 610 4305 pater
622 4242 741 4306 praestitit
754 4242 783 4293 de
804 4243 871 4293 coeio

350 4310 406 4357 Ado.
426 4310 490 4358 Prau.
505 4308 545 4359 tt.

315 4400 348 4413 ·-
367 4377 479 4427 ricarium
502 4393 528 4427 se
554 4380 628 4441 putris
653 4378 800 4436 ostenderet,
828 4393 872 4442 per

350 4459 420 4508 quern
450 4453 516 4507 peter
535 4455 558 4494 et
575 4447 693 4495 rideretur
711 4448 734 4497 in
754 4445 824 4495 tectis
848 4456 871 4496 et

349 4513 471 4562 audiretur
489 4514 512 4561 in
531 4513 617 4573 uerbis,
643 4523 664 4563 et
684 4523 870 4577 cognosceretur

350 4581 372 4630 in
391 4582 449 4634 tttto.
468 4582 527 4629 iactu
547 4590 569 4630 et
588 4583 656 4630 rerba
675 4583 750 4646 patris
766 4583 870 4633 admini-

348 4656 439 4699 strante
457 4649 512 4697 Acir.
533 4649 597 4698 Prar.
612 4649 651 4699 at.

313 4742 348 4752 -
365 4718 433 4766 exirit
451 4732 463 4764 s
482 4724 558 4779 putre,
577 4725 601 4765 ut
620 4718 701 4767 radius
719 4733 746 4768 ex
764 4718 825 4779 soie,
845 4726 870 4768 nt

348 4787 410 4834 riuus
435 4799 462 4832 ex
487 4786 560 4843 tonte,
585 4794 609 4835 nt
627 4787 703 4836 frutex
727 4801 754 4837 eu
777 4787 869 4837 semiue

347 4853 404 4902 Λᾶν.
424 4853 490 4901 Pron.
506 4850 546 4902 22.

960 857 1023 907 herii
1043 872 1146 922 passus
1166 867 1210 909 est
1228 859 1291 908 Acir.
1311 858 1395 912 loss.

925 951 959 964 -·
977 925 1047 976 fliius
1074 925 1131 976 init
1147 926 1176 978 in
1197 928 1242 978 dei
1261 935 1289 977 et
1305 927 1369 988 reris
1385 935 1405 976 et
1416 927 1470 976 tm

960 993 1153 1111 pmnippltentis
1174 1003 1202 1044 et
1219 996 1339 1046 aitiorirni
1350 994 1470 1046 manete

979 1074 1031 1110 raa.
1080 1096 1087 1111 .

928 1154 958 1164 -
978 1128 1107 1178 hnmanae
1143 1138 1259 1182 naturae
1291 1131 1421 1182 sononia·
1439 1129 1468 1178 tir

961 1196 1031 1246 Pru.
1051 1196 1097 1248 29.

926 1290 960 1300 -
978 1272 1198 1383 pppraesentatop
1214 1269 1300 1385 patpr'do
1317 1267 1375 1386 Alcipd
1387 1263 1467 1384 Pppuit

928 1357 959 1370 -
1005 1346 1036 1382 ns
1055 1348 1142 1397 aquae
1162 1349 1234 1384 rrae
1294 1351 1315 1385 r.
1376 1371 1383 1384 .

928 1400 1089 1464 Cirrpaippns,
1111 1401 1276 1452 rnietndinis
1294 1403 1468 1467 corruptetantr

960 1468 1071 1531 spiratus
1079 1467 1115 1519 ari
1127 1468 1284 1522 elieborum
1296 1471 1467 1533 urrunnun·

962 1539 1131 1600 tienscunque
1158 1541 1309 1588 sententies
1331 1555 1385 1590 snas
1404 1538 1467 1587 aar}

960 1602 1094 1665 teilcsscbat
1115 1603 1156 1654 De
1176 1608 1274 1656 Anima
1293 1606 1318 1656 fe

929 1695 959 1707 -—
977 1672 1130 1733 sanguinent
1159 1675 1394 1726 circumcordiaien
1406 1683 1465 1722 renat

962 1740 1144 1804 interpretatus
1164 1751 1207 1791 est
1229 1742 1267 1793 De
1286 1744 1370 1793 Aniura
1387 1742 1419 1792 Ιὶ

927 1831 960 1842 -
981 1807 1005 1855 iu
1029 1814 1086 1856 octo
1114 1818 1208 1870 purten
1235 1812 1348 1862 euirnarn
1369 1804 1464 1860 nuth

959 1874 1053 1924 Anima.
1076 1873 1119 1923 14.

927 1967 960 1977 -
979 1941 1012 1990 {ie
1030 1941 1139 1992 Testim.
1161 1944 1277 1995 Animae
1296 1944 1321 1996 3.

929 2009 959 2060 ris
976 2007 1043 2059 Cibis
1070 2011 1092 2058 ai
1121 2011 1163 2060 iex
1183 2013 1288 2076 aliquid
1306 2011 1461 2064 tornitrui*

963 2077 1052 2125 munda
1071 2080 1230 2141 pronuntiat
1249 2084 1366 2132 aninratir
1384 2083 1461 2142 ctat*

963 2145 1061 2208 quondo
1080 2144 1221 2198 benedicta
1243 2159 1315 2208 sont,
1332 2149 1466 2202 cursim.

961 2211 1081 2261 ereeudee
1091 2215 1276 2267 continentiae
1286 2215 1460 2280 inteiiernss*

960 2293 1005 2330 nos
1024 2281 1161 2344 impositor
1182 2283 1223 2333 iiii
1244 2286 1322 2347 gntae
1334 2293 1461 2348 musnet!

962 2361 1015 2397 cunt
1034 2362 1125 2411 panem
1146 2352 1306 2414 angelornm
1324 2356 1404 2412 ederet.
1419 2361 1460 2400 nt*

962 2429 1042 2465 nterea
1061 2424 1085 2464 et
1103 2431 1228 2481 pepones
1248 2424 1412 2488 Aegyptium
1424 2419 1460 2468 E·

961 2483 1061 2533 durabat
1078 2484 1140 2534 Acir.
1158 2486 1241 2539 hiare.
1262 2490 1348 2551 ll‚18.

928 2552 1012 2602 Cibum
1031 2551 1148 2602 Christus
1168 2555 1337 2614 desiderarit.
1354 2568 1377 2608 at
1390 2551 1459 2606 Μ*

961 2627 999 2668 rot
1017 2619 1149 2683 discipulis
1169 2637 1199 2672 sc
1220 2627 1301 2676 etinrn
1320 2621 1460 2678 turem

960 2687 1015 2735 Acir.
1036 2685 1107 2735 Marc
1128 2687 1157 2747 V,
1171 2689 1218 2740 43.

928 2755 1012 2806 Cicero
1031 2755 1118 2804 citatus
1138 2756 1176 2806 De
1194 2761 1291 2813 Aoirna
1307 2762 1349 2812 ΙΙ.

929 2822 1101 2940 Cippr'pirpappe
1121 2837 1233 2878 menses
1254 2829 1292 2880 De
1309 2831 1390 2883 trina
1403 2819 1460 2876 ΙΙΙ

928 2959 1036 3009 Cimonis
1061 2958 1126 3008 ntiae
1153 2962 1180 3011 in
1200 2972 1306 3027 patrern
1325 2962 1461 3027 notuerit

962 3027 995 3075 Ad
1014 3026 1077 3076 Nntt.
1096 3026 1128 3085 il,
1140 3027 1168 3078 9.

928 3094 1024 3145 Cincius
1042 3094 1148 3144 &terne
1159 3097 1261 3151 'sinistri
1280 3102 1349 3153 dedit
1364 3098 1460 3151 ruth

962 3162 1084 3226 quomodo
1103 3167 1299 3227 responderent
1318 3166 1459 3223 cnrnw

962 3230 1050 3280 dimitti
1067 3242 1173 3293 possent
1192 3236 1232 3284 tu
1253 3238 1331 3303 Scap.
1346 3239 1370 3289 t.

928 3298 1077 3348 Circensium
1097 3298 1218 3351 ludorum
1235 3319 1333 3371 pomp.
1351 3294 1458 3367 nosen?

928 3366 989 3416 Circi
1008 3376 1150 3415 ornamento
1166 3384 1297 3433 qrrnenarn
1317 3370 1459 3437 [insperati

927 3457 960 3469 -
980 3433 1074 3483 insanie
1091 3436 1199 3499 tpoiog.
1212 3436 1261 3489 38.
1280 3442 1342 3492 Ado.
1353 3430 1459 3493 lert-¹2¹2

927 3524 959 3535 -
978 3501 1104 3551 maledieta
1123 3502 1149 3552 itt
1163 3504 1295 3559 Caesares
1313 3498 1458 3561 Adliatffl'r

927 3569 1084 3689 Cirlcurucaisio
1109 3584 1140 3619 an
1166 3584 1263 3635 purget
1293 3578 1407 3629 nonne·
1425 3570 1458 3619 ΙΙ·

973 3637 1011 3687 ud.
1049 3673 1054 3683 .

926 3729 958 3739 —
977 3712 1032 3753 note
1051 3705 1175 3754 seruitutis
1193 3709 1260 3760 Ado.
1281 3713 1355 3765 Uare.
1370 3710 1419 3769 Μ

926 3796 957 3807 -
978 3772 1069 3835 populo
1088 3773 1110 3821 in
1129 3775 1233 3835 signum
1255 3779 1324 3844 data,
1352 3794 1395 3831 noa
1407 3780 1457 3827 '¹¹⁹

961 3838 1033 3889 intem
1052 3840 1109 3889 tun.
1129 3840 1184 3891 ini.
1203 3843 1231 3895 3.

925 3907 1140 3958 circumcisionem
1151 3926 1292 3975 acceperat
1301 3916 1457 3972 annuunt*

960 3984 1023 4024 esset
1041 3976 1064 4025 in
1083 3977 1182 4038 signnm
1201 3988 1331 4046 temporis
1348 3985 1413 4037 iiiia&
1428 3986 1458 4025 Ἀ

959 4044 983 4093 iu
1000 4043 1087 4097 astutis
1105 4051 1309 4109 praerogativam
1328 4054 1382 4103 tir.
1396 4040 1457 4099 tut-²

925 4111 1008 4161 Circus
1026 4112 1077 4160 Soti
1097 4113 1276 4179 principaliter
1289 4110 1458 4171 crrrrsccraifl'R

958 4180 1069 4242 Spectao.
1084 4179 1109 4229 8.

923 4272 956 4283 ·-
974 4261 986 4296 n
1005 4246 1074 4296 Circe
1092 4248 1172 4299 dictus
1191 4251 1227 4302 De
1246 4254 1399 4319 Spectanti.

923 4314 1037 4365 Claudios
1068 4315 1246 4371 iiermiuianna
1285 4326 1311 4375 in
1339 4314 1456 4387 cuppane

956 4391 1092 4446 postquem.
1104 4386 1205 4448 indigne
1218 4390 1456 4443 tennemonn*

955 4451 985 4500 ad
1003 4451 1155 4502 Christianos
1182 4462 1317 4519 transisse.
1342 4458 1455 4513 consor*

956 4519 1085 4568 crudeliter
1103 4526 1223 4581 tractavit,
1243 4543 1326 4591 poene
1341 4524 1455 4580 Citn'rtit!⁵

954 4587 1058 4636 decessit
1075 4588 1110 4636 tt
1130 4590 1205 4656 Scap„
1222 4592 1238 4643 3

921 4678 953 4690 -
972 4656 1115 4705 Saturninae
1139 4658 1170 4707 de
1192 4661 1303 4714 Coronis
1325 4666 1412 4725 actioni
1427 4666 1452 4701 ΙΙ

954 4737 1055 4786 sumque
1074 4724 1200 4788 orisitres,
1226 4746 1331 4788 musra.
1348 4738 1426 4793 spectet
1436 4726 1452 4797 fi

954 4792 1121 4909 ppteffinippee
1140 4795 1277 4851 edisseruit
1297 4801 1331 4851 lte
1348 4798 1425 4849 Cornu
1438 4812 1451 4831 ι·
