3242 5775
274 704 316 768 52
530 718 637 771 uetust-
655 708 785 764 Sfflllll
805 717 972 762 nonensis
994 716 1192 762 ssusutttsttt

273 866 389 944 excidet
402 866 461 929 iam
475 868 513 930 de
527 886 644 931 summo
658 886 777 949 magno,
799 833 830 907 ’.Β
838 868 981 931 translato
995 868 1026 930 iu
1041 868 1140 950 deum.
1175 866 1242 930 Hoc
1254 866 1282 929 si
1297 867 1348 942 ita,
1370 886 1452 949 quo·

273 968 364 1032 modo
385 968 479 1031 uteris
502 969 566 1031 eius
588 968 631 1032 rei
653 970 788 1050 exemplo
810 969 847 1031 ad
868 969 918 1032 dci
940 969 1190 1051 comparationem
1206 987 1298 1049 quae,
1320 968 1395 1032 dum
1413 969 1451 1032 ad
1484 1041 1491 1056 ,

273 1069 525 1149 comparationem
547 1070 673 1145 aceedit,
695 1068 862 1133 amittitur?
912 1070 989 1144 Quid
1011 1089 1106 1144 nuno,
1134 1070 1161 1132 si
1181 1088 1239 1132 neo
1259 1070 1339 1133 inter
1361 1088 1451 1151 reges

271 1170 456 1252 plurifarium
477 1170 569 1233 rideri
590 1181 688 1251 potest
709 1190 859 1234 summum
880 1189 1035 1258 magnum,
1065 1171 1119 1234 sed
1146 1171 1266 1234 unicum
1288 1179 1319 1233 et
1340 1169 1450 1251 singn-

272 1268 352 1346 lare,
375 1271 453 1352 apud
475 1290 543 1334 eum
564 1273 677 1335 scilicet
698 1273 748 1353 qui
768 1291 823 1335 rex
843 1291 946 1353 regum
969 1272 1007 1334 ob
1022 1270 1221 1334 summitatem
1235 1271 1452 1352 magnitudinis

274 1379 305 1433 et
325 1370 540 1435 subiectionem
561 1381 728 1435 ceterorum
750 1373 893 1453 graduum
915 1375 997 1453 quasi
1022 1372 1138 1435 odmen
1160 1372 1374 1435 dominationis
1395 1391 1451 1435 ex·

273 1471 403 1553 cipitur?
435 1473 494 1536 Sed
516 1474 604 1536 etiam
626 1474 747 1537 alterius
770 1476 883 1537 lormae
897 1493 1000 1554 reges,
1023 1475 1073 1554 qui
1095 1473 1261 1553 singulares
1282 1473 1313 1535 in
1335 1473 1452 1537 unione

272 1571 391 1654 imperii
412 1583 567 1654 praesunt,
590 1576 633 1638 ‘si
656 1575 864 1650 minutalibus,
887 1583 919 1639 ut
940 1576 980 1637 ita
1001 1574 1142 1649 dixerim,
1174 1575 1293 1655 ‘regnis
1314 1574 1451 1678 undique

274 1676 464 1762 conterantur
478 1677 510 1738 in
525 1677 787 1751 examinationem,
810 1696 868 1757 qua
889 1683 1007 1738 constet
1027 1676 1094 1755 quis
1117 1693 1220 1738 eorum
1238 1674 1398 1755 praecedat
1417 1675 1451 1738 in

273 1775 450 1839 substantiis
472 1786 502 1839 et
522 1778 633 1841 viribus
654 1778 754 1858 regni,
777 1779 808 1840 in
829 1795 922 1840 unum
943 1796 1067 1840 necesse
1081 1784 1128 1838 est
1140 1775 1315 1838 ‘summitas
1329 1774 1451 1857 magni-

273 1878 384 1942 tudinis
407 1879 579 1959 eliquetur·,
613 1880 751 1942 omnibus
779 1880 920 1960 gradatim
948 1896 1004 1959 per
1025 1877 1254 1959 comparationis
1276 1876 1390 1939 exitum
1410 1876 1460 1942 de.

272 1977 482 2060 magnitudinis
505 1999 620 2043 summa
643 1981 793 2060 expressis
817 1988 847 2042 et
867 1980 1006 2042 exclusis.
1060 1978 1141 2040 Adeo
1171 1978 1226 2040 etsi
1255 1978 1284 2039 in
1307 1976 1452 2058 disperso

265 2057 465 2144 ¹multifarium
486 2081 603 2144 ridetur
625 2099 773 2143 summum
795 2098 950 2160 magnum,
985 2080 1048 2142 suis
1076 2079 1189 2141 viribus
1217 2086 1248 2140 et
1268 2097 1321 2140 sna
1343 2084 1452 2141 natura

275 2191 306 2245 et
327 2201 383 2246 suo
406 2190 483 2245 statu
505 2181 624 2244 unicum
646 2190 702 2243 est.
733 2181 864 2243 Proinde
885 2200 952 2243 cum
973 2180 1034 2243 duo
1050 2180 1092 2242 dii
1106 2180 1316 2253 conteruntur,
1338 2186 1374 2242 ut
1388 2179 1452 2242 duo

273 2301 360 2364 reges
380 2282 428 2345 'et
450 2283 510 2345 duo
532 2302 647 2346 summa
669 2298 790 2361 magna,
812 2283 844 2344 in
867 2281 991 2344 alterum
1012 2281 1154 2343 concedat
1167 2298 1294 2343 neeesse
1308 2288 1356 2342 est
1375 2280 1452 2344 unio

274 2384 383 2446 summi
405 2385 503 2463 magni
525 2403 561 2456 ex
582 2385 728 2445 sententia
751 2383 994 2464 comparationis,
1016 2382 1102 2463 'quia
1118 2399 1267 2444 summum
1280 2379 1336 2443 ’ex
1350 2380 1451 2443 victo·

272 2484 317 2545 ria
337 2503 392 2546 sua
413 2492 546 2557 constat,
575 2493 715 2564 superato
738 2485 854 2547 aemulo
876 2462 937 2546 olio
956 2503 1078 2564 magno,
1107 2502 1168 2545 non
1197 2491 1295 2544 tamen
1317 2499 1451 2558 summo,

274 2591 362 2663 atque
389 2603 426 2646 ex
453 2584 619 2646 delectione
651 2585 757 2646 aemuli
785 2585 976 2647 solitudinem
1004 2584 1151 2664 quandam
1180 2584 1216 2645 de
1244 2582 1451 2662 singularitate

273 2685 471 2764 praestantiae
498 2703 570 2746 suae
597 2685 759 2764 possidens
787 2687 908 2748 unicum
937 2693 994 2748 est.
1048 2685 1247 2747 Ineluctabilis
1273 2684 1333 2746 iste
1361 2703 1450 2746 com·

271 2784 378 2865 plexus
407 2784 438 2845 in
463 2784 522 2846 boc
550 2785 726 2847 sententiam
753 2787 948 2865 constringit,
981 2794 1031 2848 aut
1062 2786 1227 2866 negandum
1256 2785 1346 2847 deum
1379 2803 1452 2848 esse

272 2904 421 2948 summum
443 2904 597 2966 magnum,
620 2887 701 2966 quod
722 2905 811 2949 nemo
832 2887 961 2967 patietur
983 2888 1121 2969 sapiens,
1143 2897 1194 2948 aut
1207 2887 1280 2948 nulli
1295 2887 1345 2949 alii
1360 2904 1449 2949 com-

273 2986 492 3051 municandum.
721 3064 728 3073 ἱ

163 3107 257 3165 capr.
359 3087 417 3150 dut
437 3106 512 3167 qarae
533 3088 610 3149 ratio
633 3088 692 3149 dno
720 3106 836 3150 summa
862 3075 973 3169 magna¹
995 3087 1190 3168 composuit?
1231 3088 1332 3151 Primo
1367 3087 1451 3151 enirn

273 3188 404 3269 exigam,
436 3206 490 3250 cur
518 3206 580 3273 non
607 3189 706 3270 plura,
740 3189 767 3250 si
795 3190 871 3264 duo,
905 3191 1022 3270 quando
1043 3189 1269 3269 locupletiorem
1293 3197 1458 3270 oporteret

271 3289 352 3353 credi
374 3288 568 3352 substantiam
591 3289 766 3364 divinitatis,
789 3290 816 3352 si
837 3298 1020 3371 competeret
1040 3291 1067 3352 ei
1087 3308 1240 3352 numerus.
1281 3290 1454 3353 Honestior

272 3399 302 3453 et
315 3390 467 3454 liberalior
477 3391 666 3465 Valentinus,
689 3392 739 3470 qui
755 3391 844 3453 simul
858 3410 949 3453 ausus
964 3398 1011 3453 est
1025 3391 1102 3453 duos
1122 3390 1289 3471 concipere,
1314 3390 1452 3472 'Bython

272 3499 301 3554 et
321 3491 446 3571 'Sigen,
479 3511 546 3553 cum
572 3512 667 3572 usque
694 3491 731 3554 ad
751 3510 810 3553 xxx
832 3490 965 3553 Aeonum
994 3492 1099 3565 letus·,
1131 3500 1270 3572 tanquam
1299 3490 1452 3555 ’Aeneiae

271 3592 417 3666 serolael,
440 3610 562 3653 examen
583 3591 743 3655 divinitatis
766 3590 880 3652 elludit.
914 3591 1112 3672 Quaecunque
1133 3593 1209 3654 ratio
1224 3592 1307 3672 plura
1328 3611 1450 3657 summa

269 3708 374 3769 magna
396 3708 458 3752 non
479 3691 589 3770 patitur
617 3693 748 3766 admitti,
781 3691 885 3754 eadem
913 3709 969 3754 nec
997 3693 1073 3768 duo,
1106 3702 1139 3755 ut
1168 3695 1233 3774 ipsa
1259 3693 1345 3772 plura
1375 3702 1451 3774 post

270 3810 374 3854 unum.
416 3790 508 3852 ‘Post
528 3809 620 3854 unum
642 3792 720 3854 enim
748 3810 901 3854 numerus.
953 3793 1036 3866 Quae
1063 3795 1161 3875 potuit
1188 3795 1247 3857 duo
1275 3794 1451 3872 admittere,

271 3892 375 3954 eadem
395 3891 492 3971 potuit
519 3901 550 3953 et
576 3892 688 3972 ‘plura
741 3893 816 3955 Post
842 3893 901 3954 duo
934 3895 1014 3956 enim
1041 3896 1213 3969 multitudo,
1247 3896 1359 3957 unione
1387 3895 1449 3959 iam

270 4010 402 4055 excessa.
444 3992 578 4073 Denique
600 3994 677 4073 apud
699 4012 755 4057 nos
775 3995 821 4056 sis
842 3994 966 4058 rationis
989 3997 1077 4059 istius
1100 3998 1167 4077 ipso
1194 3997 1321 4058 termino
1344 3995 1450 4077 plures

270 4092 344 4156 deos
367 4092 447 4155 credi
468 4111 530 4154 non
552 4094 633 4168 sinit,
646 4095 754 4176 ¹‘quod
768 4113 825 4157 nec
838 4095 915 4159 duos
931 4097 979 4159 illa
993 4097 1094 4178 regula
1108 4116 1201 4159 unum
1217 4100 1304 4161 deum
1320 4099 1449 4174 sistens,

269 4210 317 4263 db.
336 4211 453 4263 translato
472 4229 521 4277 epo.
557 4213 682 4264 translatio
700 4216 756 4266 libri
774 4231 859 4266 omres.
900 4217 925 4267 4.
945 4217 965 4266 si
983 4217 1068 4268 Robed.
1088 4218 1218 4268 Gorrieusir
1232 4219 1299 4268 liber.
1335 4219 1356 4267 si
1375 4219 1401 4268 in
1421 4218 1446 4269 0.

262 4279 313 4397 tzod
338 4280 362 4330 in
385 4281 434 4397 dd
464 4280 488 4330 5.
512 4283 580 4344 regni
597 4283 720 4333 Meurriur.
773 4283 797 4332 6.
816 4285 967 4335 summitates
985 4285 1028 4336 AB.
1081 4286 1104 4336 ἵ.
1124 4294 1150 4334 ut
1167 4286 1215 4334 duo
1233 4286 1258 4335 B.
1311 4285 1334 4335 8.
1354 4301 1401 4350 qua
1421 4288 1446 4336 d.

289 4361 342 4397 ‚ex
360 4363 405 4397 oss.
435 4382 443 4397 .

338 4413 396 4478 Cap.
414 4414 438 4463 l.
483 4415 505 4464 l.
523 4414 623 4478 liptbnm
639 4417 726 4466 Allobo.
762 4416 863 4481 Bythinn
882 4418 906 4468 0.
957 4418 982 4470 2.
1000 4419 1133 4483 Spgeneurn
1153 4420 1291 4481 (Sigenenm
1313 4420 1347 4480 G.)
1366 4434 1447 4484 usque

268 4480 330 4531 ABG.
365 4482 447 4543 Sigen,
465 4489 515 4532 tum
533 4483 646 4534 Latinius.
690 4483 713 4533 3.
732 4487 832 4535 sconiae
850 4488 900 4538 sle.
935 4488 1052 4537 deoueiae
1070 4489 1307 4538 astruerentur.
1342 4487 1367 4536 t.
1387 4487 1446 4537 l’ost

271 4549 334 4596 enim
353 4562 426 4598 annm
444 4549 469 4598 ll.
511 4550 535 4599 5.
553 4550 631 4614 plura.
656 4551 713 4601 Post
730 4551 778 4602 duo
797 4555 829 4616 d.,
842 4554 975 4605 Fulcinius.
1011 4556 1080 4620 plura
1100 4557 1237 4620 poet;·duo
1256 4557 1315 4616 obe„
1336 4570 1366 4604 ec
1383 4556 1446 4605 libro

271 4616 397 4667 Gorsieasi.
432 4617 501 4680 plura
519 4626 607 4681 potest
631 4619 683 4668 lluo
699 4619 760 4668 sss.
814 4621 837 4670 6.
857 4636 905 4686 qno
922 4624 968 4673 lor.
980 4624 1092 4687 Seolioer.

304 4715 362 4780 Cep.
382 4716 418 4765 ll.
445 4732 467 4765 a.
485 4713 617 4784 eliquetur]
635 4719 671 4770 ct.
691 4720 781 4770 adnott
801 4721 830 4770 ad
917 4723 941 4773 b.
958 4725 1061 4775 Aeneiae
1078 4708 1186 4790 scrofae]
1203 4720 1290 4787 Vergil.
1308 4723 1366 4773 len.
1383 4722 1449 4784 vrit,

269 4781 305 4832 lle
324 4783 400 4833 Pallio
419 4783 507 4848 capd.
883 4788 916 4840 4³
934 4805 988 4855 sqq.
1425 4832 1431 4843 .

304 4850 362 4915 Cap.
381 4852 405 4901 V.
441 4867 464 4900 r.
481 4852 588 4904 leonum
606 4849 683 4922 ictus]
709 4855 765 4906 dds.
783 4854 830 4905 Va·

268 4915 353 4969 lentio.
373 4919 450 4985 capi
470 4927 494 4970 et
511 4918 536 4971 8.
