3242 5775
325 652 388 720 676
579 666 680 721 omsrr
701 665 833 712 sarasan
852 662 1016 708 recussus
1035 662 1231 740 repsonsum

326 839 380 892 sen
401 818 439 881 do
459 817 534 880 rubo
556 817 669 880 ardenti
689 815 817 889 vocarit,
848 823 878 878 ct
899 815 929 877 in
950 817 1068 878 fornace
1088 813 1238 895 Babylonii
1259 813 1340 895 regis
1363 825 1486 895 quartum

324 919 521 1001 ²'apparuerit
541 921 726 999 (quamquam
746 918 825 979 lilius
839 916 968 979 hominis
984 924 1031 979 est
1044 916 1161 994 didus),
1182 915 1241 978 ¹'ni
1262 916 1336 980 haee
1356 916 1388 978 in
1410 916 1486 979 ima·

326 1021 395 1102 gine
415 1028 445 1082 et
464 1018 583 1099 speculo
606 1026 636 1081 et
656 1019 819 1099 aenigmate
839 1016 990 1080 luissent?
1020 1017 1135 1080 Scilicet
1156 1018 1278 1080 ethaeo
1299 1037 1356 1080 uec
1371 1017 1409 1080 de
1425 1019 1485 1080 lilio

326 1121 373 1185 dei
395 1120 539 1184 credenda
558 1119 695 1194 “luisse
718 1119 744 1182 si
766 1120 874 1201 scripta
897 1138 957 1182 non
979 1128 1096 1193 essent,
1118 1121 1245 1181 tortasse
1262 1137 1322 1181 uon
1338 1119 1485 1181 credenda

326 1223 363 1285 dc
383 1230 481 1304 patre,
504 1209 572 1284 licet
593 1222 718 1301 scripta,
740 1239 827 1302 quem
849 1221 899 1283 isti
921 1220 952 1283 in
972 1221 1086 1283 vulvam
1100 1220 1207 1283 Mariae
1221 1220 1384 1296 deducunt,
1407 1221 1485 1283 etin

324 1322 410 1386 Pilati
431 1322 557 1385 tribunal
578 1322 748 1403 imponunt,
771 1331 801 1384 et
820 1321 852 1384 in
872 1321 1093 1384 ¹‘monumento
1106 1321 1214 1401 loseph
1235 1322 1485 1384 ¹‘reconcludunt

325 1423 401 1487 llinc
421 1424 509 1504 igitur
533 1429 658 1506 apparet
684 1441 769 1486 error
794 1421 920 1485 illorum.
968 1423 1140 1503 Ignorantes
1172 1423 1249 1485 enim
1277 1442 1293 1485 a
1320 1422 1484 1503 primordie

327 1543 445 1588 omnem
467 1523 599 1586 ordinem
621 1523 734 1587 dirim
755 1523 959 1606 dispositionis
973 1543 1028 1604 per
1044 1524 1135 1585 filium
1150 1524 1366 1596 decucurrisse,
1387 1524 1485 1604 ipsum

327 1626 450 1689 credam
470 1633 582 1706 patrem
599 1634 634 1688 et
652 1624 748 1686 visum
775 1633 805 1687 et
820 1643 1023 1705 congressum
1054 1634 1084 1687 et
1111 1634 1262 1705 operatum
1290 1634 1320 1687 et
1347 1625 1429 1687 sitim
1456 1634 1485 1687 et

185 1748 314 1804 rames.
329 1728 457 1790 esuriem
478 1719 599 1807 pass'um
621 1726 774 1802 (adversus
796 1725 968 1806 prophetam
991 1726 1149 1801 dicentem,
1171 1726 1250 1789 lleus
1272 1735 1410 1789 aeternus
1419 1744 1486 1806 uon

326 1828 409 1892 sitiet
427 1845 483 1890 uec
504 1823 614 1890 esuriet
634 1827 903 1905 omninot'quanto
926 1828 1018 1907 magis
1041 1845 1097 1889 nce
1117 1827 1260 1889 morietur
1282 1845 1338 1889 uec
1356 1827 1483 1907 sepelie-

326 1927 428 2006 turl)‚
449 1929 540 1991 etita
560 1947 650 1992 unum
672 1928 758 1991 deum
780 1946 898 2009 semper
919 1928 1032 2008 egisse,
1065 1928 1094 1990 id
1116 1938 1163 1990 est
1182 1938 1313 2008 patrem,
1336 1946 1409 2009 quae
1430 1946 1486 2008 per

327 2028 521 2110 liliumgesta
542 2038 621 2091 sunt

188 2115 312 2222 dmm,
411 2130 535 2193 Facilius
567 2129 807 2193 existimaverunt
834 2137 947 2210 patrem
978 2130 1009 2191 in
1041 2130 1091 2191 tilii
1127 2132 1245 2193 nomine
1273 2131 1370 2211 egisse
1397 2149 1486 2211 quam

215 2256 315 2309 ram
328 2231 420 2295 lilium
440 2232 470 2295 in
491 2231 601 2312 patris,
623 2230 738 2294 dicente
758 2231 825 2313 ipso
847 2230 984 2305 domino,
1009 2231 1070 2310 Ego
1093 2232 1157 2293 veni
1179 2232 1209 2293 in
1232 2232 1325 2311 patris
1347 2232 1405 2293 mei
1427 2251 1485 2294 no-

191 2357 314 2412 tamus
328 2334 423 2408 mine3
444 2331 514 2396 item
535 2333 570 2395 ad
592 2333 689 2414 ipsum
709 2341 841 2413 patrem,
863 2332 975 2394 Nomen
999 2339 1080 2395 tuum
1099 2333 1282 2396 manifestavi
1298 2332 1486 2406 hominibus3

192 2443 309 2539 unffi„
331 2435 521 2499 condicente·
542 2435 628 2497 etiam
651 2433 809 2514 scriptura:
831 2414 1005 2496 Benedictus
1026 2433 1076 2514 qui
1091 2434 1171 2496 venit
1184 2435 1347 2497 innomine
1362 2434 1486 2508 domini,

272 2525 279 2547 ’
310 2524 431 2617 'utique
452 2536 529 2598 lilius
551 2535 580 2597 in
602 2534 694 2615 patris
715 2536 846 2597 nomine.
901 2534 954 2597 ¹lit
980 2553 1088 2597 nomen
1114 2535 1207 2616 patris
1236 2536 1315 2598 llcus
1345 2536 1486 2617 omnipo-

328 2644 411 2710 tens,
433 2635 617 2710 Altissimus,
639 2635 783 2698 Dominus
805 2636 959 2708 virtutum,
982 2636 1043 2698 lieu
1065 2637 1199 2711 Israelis,
1223 2636 1281 2710 Qui
1295 2646 1350 2699 est
1386 2636 1486 2711 ’Qua-

331 2747 417 2800 tenus
439 2736 479 2799 ita
501 2736 663 2817 scripturae
685 2736 807 2810 docent,
840 2737 913 2799 haec
933 2737 1057 2799 dicimus
1080 2745 1110 2799 et
1131 2738 1160 2798 iu
1182 2737 1273 2800 lilium
1295 2739 1486 2819 competisse,

330 2845 361 2901 et
382 2838 412 2900 in
432 2836 495 2900 'his
517 2837 608 2900 lilium
629 2838 760 2912 venisse,
783 2846 815 2901 et
835 2838 865 2901 in
885 2837 951 2901 ‘his
974 2827 1091 2920 semper
1113 2838 1226 2918 egisse,
1249 2848 1280 2902 et
1299 2839 1343 2902 sic
1357 2859 1391 2902 ca
1405 2839 1435 2902 in
1452 2859 1486 2902 se

193 2939 500 3004 1⁰·1V¹.¹⁵·hominihus
528 2939 741 3001 manifestasse.
791 2939 912 3014 Omnia,
939 2939 1047 3020 iuquit,
1075 2941 1182 3021 patris,
1214 2960 1279 3003 mea
1306 2950 1385 3004 sunt
1429 2941 1490 3004 Cur

330 3059 391 3103 non
413 3050 443 3102 ct
463 3038 605 3101 nomina?
636 3039 726 3102 ‘Cum
748 3058 818 3119 ergo
839 3041 912 3120 legis
933 3041 1023 3104 neum
1047 3041 1293 3122 omnipotentem,
1316 3053 1346 3104 et
1365 3043 1487 3105 Altissi-

331 3160 426 3214 mum,
449 3149 478 3202 et
499 3142 591 3203 lleum
611 3133 768 3216 virtutum,
797 3151 827 3204 et
847 3141 957 3222 Regem
977 3143 1113 3216 Israelis,
1142 3152 1171 3205 et
1193 3143 1250 3216 Qui
1271 3154 1332 3217 est,
1360 3144 1427 3205 vide
1449 3163 1489 3206 ne

242 3232 244 3237 ’
330 3260 385 3324 per
405 3242 477 3304 haec
497 3241 575 3304 lilius
597 3243 683 3305 etiam
705 3243 922 3305 demonstretur
944 3262 999 3305 suo
1014 3243 1077 3306 iure
1091 3245 1168 3306 neus
1184 3244 1406 3325 “omnipotens
1429 3264 1488 3325 qua

275 3406 277 3411 .
332 3362 430 3406 sermo
445 3343 497 3405 uei
513 3344 738 3426 omnipotentis,
760 3362 876 3424 quaque
898 3345 1028 3406 omnium
1049 3345 1160 3426 aceepit
1180 3353 1369 3426 potestatem,
1392 3346 1486 3407 Altis-

331 3445 441 3519 simus,
462 3464 518 3526 qua
540 3446 658 3509 dextera
680 3445 727 3508 dei
748 3445 905 3519 exaltatus,
928 3444 1003 3508 sieut
1016 3446 1120 3511 Petrus
1141 3447 1170 3510 in
1184 3448 1264 3510 Actis
1288 3447 1489 3521 contionatur,

220 3545 477 3650 Appgprllominus
509 3546 662 3620 virtutum,
694 3547 762 3628 quia
790 3547 888 3608 omnia
915 3547 1044 3609 subiecta
1078 3557 1149 3608 sunt
1175 3548 1216 3609 illi
1250 3567 1267 3610 a
1292 3557 1391 3629 patre,
1425 3549 1488 3612 Rex

261 3638 267 3658 '
303 3639 308 3650 ’
335 3646 469 3722 israelis,
492 3649 559 3728 quia
579 3649 620 3711 illi
642 3647 761 3730 proprie
781 3646 904 3709 'excidit
925 3666 992 3710 sors
1013 3648 1109 3727 gentis
1130 3648 1232 3722 istius,
1257 3649 1328 3711 item
1352 3650 1410 3724 Qui
1431 3662 1489 3725 est,

333 3748 471 3828 quoniam
492 3750 574 3810 multi
602 3750 670 3811 'lilii
697 3749 850 3822 dicuntur,
882 3755 912 3810 et
933 3767 993 3811 non
1015 3758 1093 3811 sunt
1149 3749 1180 3810 Si
1208 3757 1304 3811 autem
1331 3751 1434 3815 volunt
1460 3763 1492 3814 et

333 3847 441 3910 Christi
464 3866 572 3910 nomen
593 3850 685 3930 patris
715 3869 798 3925 esse,
831 3849 966 3913 ⁰auuie1u
993 3869 1048 3912 suo
1075 3851 1151 3912 loco.
1192 3851 1312 3914 iuterim
1339 3853 1387 3915 hic
1414 3854 1486 3915 mihi

334 3948 528 4029 ¹⁰promptum
555 3949 594 4011 sit
619 3969 795 4030 responsum
827 3952 968 4015 adversus
999 3952 1028 4013 id
1058 3952 1137 4032 quod
1167 3953 1224 4013 ¹¹et
1251 3953 1287 4015 de
1314 3954 1486 4035 Apocalypsi

208 4049 452 4115 troeteloannis
473 4052 639 4130 proterunt:
673 4052 759 4133 ¹²ligo
787 4053 923 4137 dominus
951 4052 1028 4134 ¹³qui
1056 4061 1116 4128 est,
1150 4054 1248 4132 etqui
1271 4055 1488 4128 luitetrcnit,

334 4201 375 4252 22.
392 4205 542 4267 appareill.
560 4206 622 4255 leid.
680 4204 719 4255 23,
738 4213 761 4255 et
780 4206 803 4254 in
822 4200 929 4266 'imagine
952 4213 976 4256 et
998 4206 1097 4270 speculo
1116 4215 1139 4255 et
1156 4207 1295 4268 aenigmate.
1328 4206 1426 4257 Scilicet
1443 4208 1486 4258 tu.

335 4272 397 4321 leid.
448 4271 488 4322 tt.
507 4274 607 4323 luissent
623 4274 687 4323 Folo.
702 4274 804 4323 drosos.
858 4273 898 4323 25.
916 4282 1070 4323 monumento
1088 4276 1141 4324 led.
1160 4276 1222 4325 leid.
1244 4276 1403 4326 leuceoron»
1419 4293 1489 4326 ceos.

335 4342 493 4392 monumentis
510 4343 600 4406 reliqui.
651 4339 690 4391 26.
709 4341 855 4391 concludunt
871 4344 903 4401 d„
922 4358 972 4392 com
989 4342 1052 4391 Folo.
1072 4343 1161 4392 llrsiuo.

401 4408 457 4471 Cap.
475 4408 541 4458 xvlt.
579 4410 599 4458 l.
618 4408 664 4458 Sed
682 4417 705 4457 et
723 4411 817 4458 nomina
836 4410 868 4470 d„
887 4410 950 4459 Folo.
964 4409 1066 4459 Ursinus.
1119 4409 1142 4459 2.
1160 4411 1313 4474 quatinusl.
1354 4410 1379 4460 3.
1399 4411 1445 4460 hiis
1461 4412 1485 4460 l.

335 4473 359 4525 l.
377 4474 463 4524 lriisl.
509 4477 532 4525 5.
551 4477 598 4526 Cur
617 4479 650 4526 lc.
696 4476 720 4525 6.
738 4477 890 4539 omnipotens
908 4478 1003 4527 oola.
1023 4478 1085 4527 leid.
1129 4477 1152 4526 i.
1170 4479 1237 4528 exirit
1255 4480 1366 4529 lotisios.
1402 4478 1487 4527 accidit

335 4543 470 4592 Falerios,
528 4542 551 4592 8.
570 4545 601 4594 dii
619 4545 728 4594 dicuntur
746 4545 801 4593 Petr.
815 4545 947 4596 ciacconius
970 4553 990 4594 et
1008 4546 1045 4595 Fr.
1056 4546 1141 4594 lucius.
1198 4546 1221 4596 9.
1246 4546 1485 4596 cotroniensem.

337 4608 376 4658 to.
396 4618 530 4673 promptum
549 4609 596 4675 ego,
632 4620 768 4675 promotum
790 4612 845 4662 libri
862 4628 946 4662 omnes.
996 4611 1034 4662 tt.
1053 4621 1075 4662 et
1092 4630 1136 4662 om.
1151 4615 1175 4663 l.
1194 4615 1257 4663 leid.
1306 4613 1346 4663 tt.
1362 4613 1423 4674 Ergo
1440 4612 1486 4660 AB.

336 4679 398 4728 leid.
451 4677 489 4726 tt.
507 4679 547 4742 qui
565 4688 642 4728 estet
660 4680 698 4744 qni
717 4680 761 4728 luit
778 4688 802 4728 ct
818 4679 879 4728 venit
896 4682 962 4731 odcd.
981 4681 1045 4730 Gerr.
1086 4682 1127 4745 qui
1149 4690 1185 4731 cst
1203 4684 1283 4747 etqui
1301 4683 1362 4733 rcnit
1377 4683 1401 4730 t.
1421 4681 1488 4728 leid.

336 4747 375 4811 qui
394 4754 429 4794 est
447 4748 526 4810 etqui
545 4755 594 4796 erat
612 4756 635 4796 et
652 4749 691 4811 qui
709 4747 753 4796 luit
770 4754 794 4795 ct
810 4747 872 4796 venit
889 4747 914 4797 ll.

369 4879 426 4945 Cap.
443 4879 508 4931 illl.
541 4895 562 4932 a.
580 4877 731 4946 condicente]
748 4881 884 4934 Gladnott.
901 4881 931 4933 ad
948 4882 1032 4948 Seorp.
1050 4898 1103 4950 cap.
1114 4882 1153 4936 tt.
