3242 5775
236 651 297 715 168
491 658 592 711 oomni
614 654 745 700 sarritur
765 651 930 696 rconuurvs
951 614 1148 691 rscrcmmvr

235 818 293 878 hos
309 829 443 891 magnam
458 817 488 871 et
502 824 620 869 omnem
636 801 833 864 differentiam
848 797 984 871 scinditt,
1000 805 1136 876 quantam
1154 792 1233 853 iuter
1249 791 1361 853 iustum

235 917 374 978 honum·.
407 916 546 990 quantam
572 907 652 967 inter
677 904 773 982 legem
801 909 832 962 et
859 898 1056 977 evangelium,
1088 901 1227 974 quautam
1257 890 1363 952 interl

235 1015 381 1078 daismum
404 1019 434 1073 et
455 1006 721 1071 Christianismum.
765 1002 841 1063 Hinc
862 1002 919 1062 erit
940 1006 969 1062 et
991 1006 1094 1060 nostra
1116 992 1327 1074 praescriptio,
1349 1011 1362 1072 q

236 1110 409 1194 deligimus¹
439 1109 511 1172 nihil
532 1107 669 1169 ⁷Christo
696 1104 744 1166 dei
772 1101 893 1165 alterius
921 1115 1077 1160 commune
1104 1115 1173 1158 esse
1199 1096 1310 1157 dehere
1339 1113 1362 1155 cv

236 1223 383 1287 creatore,
406 1219 537 1273 ceterum
553 1206 695 1270 creatoris
710 1200 977 1285 pronuntiandum,
1000 1199 1026 1259 si
1041 1196 1291 1260 administraverit
1304 1195 1362 1276 disp

237 1316 363 1378 sitiones
386 1312 466 1384 eius,
489 1310 515 1371 si
537 1307 705 1388 impleverit
724 1303 898 1385 prophetias
921 1301 1002 1372 eius,
1025 1299 1051 1360 si
1074 1298 1218 1360 adiuverit
1237 1299 1319 1378 leges
1334 1297 1362 1359 ei

239 1417 265 1478 si
288 1410 555 1494 repraesentaverit
568 1407 785 1487 promissiones
802 1405 883 1478 eius,
907 1402 933 1463 si
956 1400 1167 1462 restauraverit
1187 1399 1310 1460 virtutes
1331 1397 1362 1460 eii

240 1517 266 1578 si
288 1514 451 1577 sententias
473 1507 696 1580 reformaverit,
729 1507 754 1568 si
784 1522 901 1576 mores,
934 1503 961 1564 si
989 1500 1188 1581 proprietates
1217 1517 1362 1578 expresse

241 1615 336 1677 lluius
358 1614 434 1694 pacti
457 1619 486 1672 et
501 1609 589 1671 liuius
604 1606 796 1688 praescripti,
820 1622 931 1684 quaeso
953 1610 995 1672 te,
1019 1602 1128 1674 lector,
1151 1601 1322 1661 memineris
1341 1617 1362 1660 u

237 1735 310 1797 que,
333 1724 362 1777 et
385 1714 481 1792 incipe
503 1726 718 1788 recognoscere
741 1715 791 1768 aut
811 1703 968 1767 Marcionis
990 1702 1141 1763 Christum
1163 1709 1215 1763 aut
1237 1699 1361 1763 creatori

113 1827 221 1885 captu.
322 1812 408 1873 huno
430 1810 649 1890 quintodecimo
670 1807 852 1887 principatus
875 1803 1058 1866 ¹Tiberianl·
1086 1802 1229 1883 proponit
1250 1802 1363 1864 ’euml

102 1888 222 1994 Liiffii'f‘
239 1913 394 1977 ascendisse
416 1913 446 1974 iu
468 1912 614 1974 civitatem
637 1909 781 1970 Galilaeae
799 1906 1018 1987 Capharnaum,
1041 1905 1143 1983 utique
1165 1904 1202 1965 de
1224 1904 1305 1965 caelo
1327 1919 1363 1965 en

243 2015 330 2088 toris,
353 2013 383 2074 iu
405 2012 483 2092 quod
505 2013 543 2073 de
557 2030 612 2072 suo
628 2019 695 2071 ante
710 2007 913 2092 descenderat.
946 2005 1073 2084 ³Ecquid
1090 2023 1160 2083 ergo
1177 2004 1292 2065 ordinis
1309 2006 1363 2065 luet

244 2123 277 2177 ut
297 2115 381 2194 prius
403 2114 440 2175 dc
462 2131 518 2173 suo
541 2112 621 2173 caelo
644 2111 673 2171 in
696 2108 841 2170 creatoris
870 2106 1055 2170 descendens
1083 2103 1324 2167 describeretur?
1353 2103 1363 2164 l

154 2295 157 2300 Ι
246 2215 324 2278 euim
346 2232 408 2276 nou
430 2222 460 2275 et
481 2215 538 2274 ista
560 2209 775 2291 reprehendam
804 2228 880 2289 quae
907 2227 967 2269 non
995 2207 1119 2288 implent
1140 2207 1228 2268 fidem
1251 2205 1363 2266 ordiner

246 2315 441 2388 narrationis,
475 2312 638 2375 deficientis
667 2311 697 2372 iu
726 2310 878 2371 mendacio
908 2306 1052 2389 sempor?
1100 2307 1190 2368 Plano
1219 2307 1310 2368 semel
1338 2303 1363 2367 di

247 2417 308 2477 siut
329 2433 384 2494 per
405 2434 480 2494 quae
502 2414 558 2475 iam
581 2412 648 2473 alibi
671 2410 913 2472 retractavimus¹¹
945 2429 982 2470 an
1016 2409 1200 2470 descendens
1223 2428 1277 2489 per
1298 2423 1362 2469 cres

246 2534 325 2588 rem,
359 2515 528 2594 etquidem
555 2514 697 2575 adversus
726 2513 838 2592 ipsum,
873 2509 1003 2590 potuerit
1028 2508 1064 2571 ab
1092 2529 1127 2570 eo
1156 2509 1271 2570 admitti
1299 2507 1364 2570 etit

245 2613 385 2675 ⁴tramitti
407 2614 436 2674 in
459 2623 569 2674 terram
590 2632 684 2692 acque
699 2614 804 2692 ipsius.
837 2611 922 2672 Nunc
943 2619 1040 2671 autem
1063 2618 1093 2671 et
1113 2609 1259 2689 reliquum
1283 2609 1364 2670 ordiu

247 2712 453 2776 descensionis
486 2714 659 2793 expostulo,
699 2722 805 2773 tenens
834 2711 1026 2773 descendisse
1054 2710 1146 2772 illum.
1196 2709 1308 2772 Viderit
1338 2727 1364 2770 ev

247 2813 342 2875 sicuhi
369 2814 544 2895 apparuisse
571 2814 701 2894 positum
731 2820 786 2874 est.
838 2812 988 2893 Apparere
1019 2811 1164 2872 ‘subitum
1198 2830 1234 2872 ex
1268 2809 1364 2890 inopia

247 2915 325 2994 sapit
345 2924 554 2995 conspectum,
577 2915 627 2994 qui
649 2915 741 2976 semel
764 2914 920 2994 impegerit
941 2913 1044 2975 oculos
1067 2912 1143 2975 inid
1158 2913 1237 2991 quod
1254 2912 1318 2973 siue
1335 2928 1362 2973 nr

187 3001 191 3005 ¹
249 3016 394 3094 apparuit.
437 3015 635 3078 Descendisse
655 3024 753 3077 autem
774 3016 846 3076 dum
868 3014 936 3088 ⁸lit,
968 3014 1082 3076 videtur
1111 3022 1140 3074 et
1160 3014 1261 3075 ⁷subit
1280 3010 1364 3075 'o'cult

250 3115 293 3177 lic
314 3116 392 3177 lacto
414 3117 501 3178 etiarn
524 3116 659 3179 ordinem
681 3116 765 3188 lacit,
788 3123 876 3194 atque
898 3116 938 3176 ita
960 3115 1038 3193 cogit
1059 3115 1192 3192 exigere,
1216 3114 1293 3193 quali
1308 3110 1363 3174 hah

251 3215 329 3295 quali
352 3215 524 3295 suggestul,
546 3216 691 3296 'quonam
714 3217 827 3295 impetu
848 3215 894 3277 vel
917 3222 1166 3295 temperamento,
1199 3214 1364 3293 etiamque

251 3324 386 3395 tempore
407 3316 465 3377 diei
488 3317 622 3378 noctisve
643 3316 839 3378 descenderit.
892 3316 1048 3377 Praeterea
1075 3316 1143 3394 quis
1167 3314 1274 3377 viderit
1294 3315 1365 3376 desc

252 3416 386 3489 dentem,
414 3417 482 3495 quis
513 3417 663 3491 retulerit,
693 3418 760 3498 quis
781 3416 996 3478 asseveraverit
1016 3435 1079 3477 rem
1101 3416 1202 3495 utique
1224 3435 1280 3477 nec
1300 3432 1364 3477 asse

253 3518 330 3578 ranti
362 3515 445 3578 lacile
476 3519 662 3580 credendam.
713 3517 871 3596 ludlgnum
902 3516 1029 3596 denique
1060 3526 1093 3578 ut
1122 3517 1268 3579 Romulus
1303 3512 1365 3597 quid

254 3666 278 3717 7.
296 3666 393 3715 Christo
408 3667 508 3729 mnsam
525 3677 588 3720 estet
605 3673 630 3719 s'n
647 3684 678 3729 m,
698 3685 728 3718 es
746 3669 873 3720 doratensi.
908 3670 996 3721 llahent
1013 3671 1080 3719 etiarn
1098 3670 1122 3718 B.
1141 3677 1162 3718 et
1180 3670 1288 3719 laurent.

322 3734 381 3796 Cep.
399 3730 446 3780 vll.
484 3732 506 3781 l.
524 3735 603 3786 tiberii
621 3737 728 3785 laurent.
769 3735 793 3786 2.
811 3735 883 3786 deum
902 3737 937 3787 lac.
980 3735 1004 3788 3.
1023 3736 1113 3800 Ecquid
1131 3735 1365 3796 athamantico

254 3802 284 3852 lit
301 3801 358 3865 quid
375 3800 469 3863 religni.
527 3801 550 3850 l.
569 3804 698 3853 transmitti
717 3804 758 3853 Bi.
817 3803 1128 3854 scabrosissimis
1151 3820 1220 3854 unm.
1280 3802 1304 3853 6.
1321 3803 1365 3853 lvi

255 3870 361 3919 Manent
397 3869 416 3918 it
432 3865 526 3930 religni.
578 3870 602 3920 t.
620 3870 708 3920 subicit
724 3870 768 3921 uc.
786 3870 894 3921 laurent.
946 3869 970 3921 8.
989 3873 1102 3934 quoniam
1122 3873 1143 3919 h.

288 4001 312 4051 d.
330 3999 490 4050 differentiam
508 3998 607 4068 scindit]
635 4002 660 4052 ld
686 4011 723 4053 est
745 4002 815 4069 qu'ssi
899 4005 925 4055 h.
942 4004 989 4053 ism
1001 4003 1057 4054 olibi
1070 3992 1263 4070 retractavimus]
1272 4000 1365 4069 Suprsl

255 4068 394 4122 discindens
417 4068 495 4132 sperit
518 4078 589 4135 etque
614 4071 736 4134 pstelacit.
766 4073 817 4132 tir.
867 4071 974 4136 espld.

256 4137 358 4189 lunius-l
901 4155 922 4190 e.
931 4138 1055 4203 qnodsioe
1064 4138 1257 4202 morrappnruit.
1269 4139 1365 4189 Desesnv

290 4220 311 4255 s.
330 4202 392 4253 iuter
416 4204 504 4251 iustum
529 4212 552 4252 et
574 4202 677 4266 honum]
704 4205 756 4255 lloc
779 4213 818 4255 est
867 4214 946 4256 antem
966 4207 1022 4256 dum
1040 4207 1075 4263 tlt,
1092 4206 1184 4255 videtur
1201 4215 1225 4255 et
1242 4206 1307 4256 sohit
1329 4220 1365 4257 oet

256 4274 318 4323 iuter
335 4284 444 4318 severum
462 4277 486 4317 et
504 4270 594 4329 mitem,
621 4273 683 4320 iuter
707 4272 817 4322 iudican—
867 4276 936 4323 Verte
954 4273 1365 4339 „Erscheiuendeutetsuleiuesp

255 4348 303 4390 tem
322 4343 346 4385 et
372 4335 563 4413 misericordem,
589 4339 651 4387 iuter
677 4340 816 4402 punientem
868 4341 956 4400 lichen,
983 4348 1156 4392 uuerwsrteten
1182 4341 1289 4400 sublici,
1324 4340 1366 4391 'el

256 4414 281 4457 et
302 4413 450 4469 parcentem,
480 4410 542 4453 anter
566 4413 699 4455 creatorem
724 4415 749 4457 et
775 4420 817 4457 re·
867 4409 910 4458 sui
926 4409 1014 4458 riomsl
1034 4409 1072 4457 die
1089 4421 1165 4468 sugeu
1184 4408 1365 4471 aoldssjenigs

256 4473 416 4536 demptorem.
432 4471 539 4532 (Rigalt.)
868 4476 972 4538 gehaunt
990 4477 1031 4524 hat
1048 4490 1097 4525 nas
1115 4477 1178 4525 olvue
1192 4484 1282 4537 sogeru
1300 4476 1366 4527 unda

291 4541 308 4589 l.
326 4534 465 4604 deligimus]
494 4538 519 4587 ld
543 4545 579 4587 est
604 4539 674 4588 llrum
694 4541 817 4603 ponimus,
866 4557 910 4591 sur
936 4543 1098 4605 erscheinung
1120 4542 1219 4591 kommt.
1264 4541 1348 4593 ladem

256 4607 385 4659 statuimus
403 4613 426 4654 et
443 4606 639 4655 determinamus.
659 4606 818 4667 luctacios.)
867 4610 911 4658 das
935 4610 1185 4671 berahgestiegenseiu
1208 4612 1343 4673 geschicht,

291 4674 350 4737 cop.
369 4671 416 4722 llll.
442 4688 464 4722 a.
481 4673 816 4739 lunoooiutedecimoprin·
867 4691 893 4725 es
912 4678 1017 4737 gesehen
1037 4677 1085 4726 und
1104 4678 1154 4726 tritt
1172 4691 1214 4726 vor
1231 4677 1271 4725 die
1290 4692 1366 4741 suges

258 4744 352 4805 cipitur
369 4736 502 4813 Tiberiani]
520 4742 557 4791 Cl.
575 4755 649 4805 suprs
668 4742 710 4792 lib.
724 4742 743 4792 l.
762 4757 816 4806 cap.
900 4743 924 4792 d.
943 4741 1069 4808 suggesto]
1096 4744 1122 4794 ld
1141 4751 1180 4794 est
1198 4752 1294 4794 oruata.
1329 4744 1366 4799 Gi.

261 4809 300 4861 15.
320 4817 344 4858 et
361 4822 413 4873 cap.
426 4809 465 4860 19.
867 4817 927 4860 nott.
946 4812 976 4861 avl
995 4812 1029 4861 tls
1048 4813 1143 4862 Corona
1163 4826 1215 4876 esp.
1231 4810 1271 4862 1³.
