3242 5775
589 623 628 667 ns
651 623 744 668 canna
766 623 892 670 cusrsrr.
1264 613 1339 677 445*

153 771 271 836 minare
303 772 424 847 taciem,
457 772 544 836 ”nisi
577 772 764 837 merentem?
808 776 887 850 Quid
922 775 996 839 dicis
1025 775 1183 839 caelestem
1211 797 1329 842 carnem

155 885 244 956 mam
267 875 347 938 unde
369 874 526 938 caelestem
548 876 701 956 intellegas
729 895 790 939 uon
812 876 929 941 habes?
967 877 1045 953 Quid
1067 887 1215 941 terrenam
1236 897 1329 959 negas
1387 879 1393 892 '

157 983 243 1058 quam
266 975 546 1039 antemuranum
568 995 712 1058 agnoscas
734 977 851 1042 hatest
887 979 1000 1042 Esuriit
1021 979 1078 1043 sub
1099 980 1235 1056 diabulo,
1258 979 1331 1044 sitiit
1456 973 1460 980 ’

158 1079 209 1141 sub
225 1076 420 1153 samaritide,
442 1077 639 1142 ⁸‘lacrimatus
661 1089 706 1143 est
728 1098 820 1159 super
834 1079 993 1155 Lazarum,
1016 1080 1173 1162 ”trepidat
1193 1083 1230 1144 ad
1246 1099 1328 1144 mor·

159 1185 219 1243 teni·
244 1179 334 1257 (Caro
363 1179 457 1250 enim,
486 1181 597 1261 inquit,
625 1181 768 1259 infirma),
803 1182 978 1262 sanguinem
1007 1182 1131 1245 ”tundit
1162 1191 1326 1263 postremo.
1341 1165 1448 1273 RQ

160 1282 233 1345 ilaec
256 1289 342 1356 sunt,
367 1282 490 1362 opinor,
512 1282 596 1362 signa
618 1284 764 1346 caelestia.
797 1283 857 1345 Sed
872 1284 1039 1364 quomodo,
1062 1283 1227 1364 ”inquam
1251 1301 1326 1346 con-

162 1385 246 1447 temni
269 1393 301 1446 et
321 1384 382 1465 pati
405 1383 553 1463 ”posset
585 1385 662 1447 sicut
684 1393 714 1447 et
735 1384 841 1458 ”dist
876 1369 902 1447 si
930 1386 1000 1465 quid
1028 1385 1129 1448 inilia
1152 1399 1244 1448 carne
1261 1386 1327 1448 od„

162 1486 275 1549 caelesti
297 1485 496 1566 generositate
518 1485 708 1549 rediissent
750 1486 793 1548 Ex
822 1487 882 1549 huc
907 1505 982 1567 ergo·
1001 1487 1204 1549 convincimus
1225 1487 1328 1550 “nihil

162 1587 255 1652 iniiis
276 1585 314 1650 de
336 1587 426 1650 caelis
449 1588 559 1657 fuisse.
581 1600 739 1669 propterea
761 1597 795 1649 ut
816 1589 966 1650 contemni
988 1596 1017 1651 et
1038 1588 1100 1669 pati
1120 1595 1234 1668 posset.

239 1679 406 1752 Convertor
427 1689 464 1752 ad
486 1689 594 1751 ¹alios·
616 1709 710 1770 aequo
732 1689 789 1750 sibi
811 1689 988 1770 pmdentes,
1011 1690 1062 1771 qui
1082 1707 1200 1752 caruem
1216 1689 1432 1773 Gdristi·c.p.u

165 1790 311 1854 immadem
334 1789 496 1863 affirmant,
519 1792 597 1871 quod
620 1790 717 1852 anima
740 1810 808 1853 caro
831 1790 980 1867 sitrecte,
1004 1809 1076 1870 ergo
1090 1797 1121 1854 et
1135 1807 1204 1853 caro
1219 1791 1333 1867 animas

165 1901 188 1954 et
205 1891 284 1956 sicut
306 1905 373 1955 coro
397 1891 547 1966 animalis,
570 1876 617 1954 ita
631 1900 661 1954 et
682 1892 779 1954 anima
801 1892 938 1955 carnalis.
973 1892 1012 1953 Et
1031 1892 1080 1954 hic
1101 1894 1200 1974 itaque
1221 1909 1326 1955 causas

163 1994 283 2076 capsum
320 1994 369 2068 Si,
392 2001 426 2055 ut
446 1994 572 2055 animam
590 1993 700 2055 salvam
721 1996 845 2067 moeret,
868 1993 898 2055 in
922 1994 1084 2075 s'ernetipso
1107 1994 1239 2075 suscepit
1259 1994 1326 2057 aui·

164 2109 230 2160 mam
254 2087 411 2168 Christus,
434 2095 501 2175 quia
523 2096 600 2157 salua
623 2114 683 2156 nou
706 2106 789 2157 esset
809 2096 868 2157 nisi
890 2096 1080 2176 peripsum,
1104 2096 1174 2157 dum
1194 2095 1325 2175 inipso,

164 2215 213 2261 non
233 2187 323 2260 rideo
346 2215 399 2259 cur
420 2215 484 2258 earn
500 2215 617 2258 carnem
634 2197 736 2258 iecerit
751 2197 906 2259 animalem
922 2197 1072 2260 induendo
1090 2215 1219 2271 carnem,
1241 2196 1331 2277 quasi

163 2299 236 2362 diter
258 2298 387 2362 animam
411 2299 520 2360 salvam
542 2300 639 2360 iacere
661 2315 721 2359 uon
736 2306 856 2378 posset,
879 2298 938 2360 nisi
952 2298 1088 2382 'tarnem
1104 2300 1218 2361 iactum.
1252 2298 1326 2360 Cum

165 2402 230 2464 euim
251 2409 377 2464 nostras
399 2400 511 2461 animas
534 2419 594 2461 non
618 2409 729 2461 tantum
752 2416 813 2460 nou
836 2417 973 2473 carneas,
996 2400 1159 2462 sedetiam
1181 2401 1326 2462 'acarm

163 2489 436 2567 disiunctas‘saleas
458 2509 604 2582 praestet,
629 2511 738 2581 quanto
761 2500 855 2580 magis
870 2499 965 2574 illem,
987 2520 1074 2581 quam
1097 2502 1162 2582 ipse
1183 2501 1324 2581 suscepit,

162 2607 325 2668 adamnan
347 2621 483 2665 carneam
506 2603 640 2683 redigere
662 2602 759 2681 potuit
788 2602 818 2662 in
841 2602 993 2665 satutem?
1034 2603 1108 2665 Item
1130 2619 1197 2665 cum
1219 2603 1325 2684 *prae-

162 2715 270 2770 sumant
297 2715 362 2767 non
390 2705 502 2779 carnis,
540 2704 610 2767 ‘sed
637 2703 752 2764 animae
779 2712 901 2766 nostrae
929 2705 1027 2766 solius·
1046 2704 1216 2767 liberandae
1236 2717 1326 2767 causa

160 2807 340 2890 processisse
362 2806 530 2879 Christum,
553 2807 650 2887 primo
674 2822 760 2884 quam
784 2805 946 2868 absurdum
969 2816 1016 2868 est
1036 2815 1069 2869 ut
1090 2807 1217 2869 animam
1231 2805 1327 2868 sciam
1365 2825 1370 2832 ’

158 2910 331 2976 liberatum
353 2911 383 2972 id
406 2910 517 2990 ‘genus
541 2908 674 2988 corporis
702 2924 767 2970 eam
788 2909 892 2971 iecerit
912 2910 991 2989 quod
1014 2929 1075 2971 non
1098 2919 1162 2972 erat
1182 2910 1325 2972 liberatu-

157 3012 227 3076 ms?
270 3010 383 3076 Deinde
406 3012 431 3074 si
454 3011 567 3073 animas
590 3019 709 3091 nostras
732 3027 786 3089 per
807 3011 900 3081 iliam
929 3030 1015 3091 quam
1038 3013 1176 3092 gestavit,
1198 3012 1326 3074 liberare

159 3114 341 3194 susceperit,
366 3114 445 3174 iilam
468 3131 601 3192 quoque,
631 3113 880 3191 quongestum,
908 3121 1041 3173 nostram
1064 3122 1199 3192 gestasse
1228 3112 1323 3175 debu·

158 3222 233 3288 erat,
266 3211 301 3278 id'
316 3222 365 3277 est
386 3224 507 3276 nostrae
529 3216 658 3286 formae,
692 3211 893 3292 cuiuscunque
923 3213 1052 3274 'formae
1083 3223 1129 3274 est
1156 3213 1324 3275 inocculto

156 3318 245 3380 anina
268 3324 391 3389 nostra,
414 3312 476 3378 nou
499 3324 597 3376 tamen
612 3315 763 3375 'carneae
798 3314 936 3374 Ceterum
958 3333 1019 3375 non
1040 3321 1174 3375 nostram
1197 3315 1327 3375 animam

155 3418 300 3493 liberarit,
325 3418 351 3481 si
375 3432 510 3479 carneam
534 3416 651 3489 habuit3
673 3424 775 3475 nostro
798 3416 877 3476 euim
900 3432 1006 3476 carnea
1021 3432 1081 3475 non
1096 3424 1152 3476 cst
1187 3414 1324 3475 Parrasi

155 3572 251 3625 d2nisi
273 3572 354 3624 send.
397 3569 438 3621 33.
458 3574 677 3620 rememores.
728 3567 768 3617 34.
788 3568 926 3618 lacrimatus
945 3577 982 3618 est
998 3571 1040 3620 Ad.
1075 3568 1213 3623 lacrimatur
1230 3570 1323 3633 reiipet'.

155 3640 189 3690 tt.
206 3642 315 3706 tr'e'pi'dst
333 3638 456 3690 trenaee.
492 3639 617 3701 trepidarit
636 3640 658 3686 d.
711 3634 750 3686 33.
770 3645 893 3698 postremo
913 3636 990 3686 iuudit
1008 3640 1056 3700 Αφ.
1075 3643 1096 3686 et
1113 3638 1155 3699 Αβ.
1198 3644 1321 3700 postremo

155 3710 207 3760 teuit
222 3715 250 3761 Δ.
271 3716 331 3759 teste
349 3709 457 3771 fligoitio.
503 3708 580 3755 iundit
606 3707 648 3765 (ito
669 3721 712 3769 pro
738 3705 797 3753 indit
822 3712 868 3754 tres
886 3721 976 3769 quoque
997 3706 1108 3762 Vaticani)
1131 3715 1255 3769 postremo
1279 3704 1322 3756 BC.

155 3777 207 3828 indit
230 3780 362 3843 postremo
386 3776 479 3840 retiqui.
538 3773 578 3823 37.
604 3775 702 3837 inquitis
724 3774 749 3821 t.
792 3773 867 3835 inquit
892 3775 912 3821 is
936 3788 995 3836 cmg.
1055 3771 1095 3822 38.
1118 3773 1239 3838 possitB.
1280 3770 1321 3824 39¹.

155 3842 245 3898 iistis
302 3843 529 3894 educentes.
581 3841 621 3891 41.
638 3840 699 3893 nihii
719 3840 753 3888 iiii
773 3841 802 3888 de
822 3840 919 3889 caelesti
938 3841 1044 3890 abfuisse
1061 3856 1119 3905 cmg.

211 3912 274 3979 Cep.
293 3912 323 3963 X.
370 3912 392 3961 i.
411 3912 473 3960 aiios
490 3912 591 3972 nsoter.
636 3910 691 3958 iilos
715 3907 786 3968 BCD„
807 3909 870 3958 eti.
889 3915 946 3958 terte
964 3910 1070 3972 iiipoits'o.
1112 3908 1168 3958 iiios
1194 3909 1255 3958 aiios
1272 3910 1321 3972 Αφ.

155 3978 289 4033 leonem
307 3979 351 4031 AC.
391 3992 501 4029 carneam
519 3979 611 4042 reiipoi.
656 3976 904 4026 scemorensis.
940 3979 963 4025 in
983 3992 1054 4026 carne
1072 3978 1164 4042 reiipui.
1207 3978 1230 4026 4.
1251 3990 1325 4040 μνη--

155 4054 224 4101 wi
241 4051 292 4101 BD.
347 4047 371 4097 5.
391 4046 433 4097 nte
450 4049 526 4096 cerdis
544 4047 586 4094 sed
605 4047 699 4094 animae
718 4050 814 4093 nostrae
841 4046 926 4094 desinit
943 4047 1017 4095 codes
1033 4048 1156 4108 torserat.
1192 4046 1279 4109 sigium
1296 4046 1320 4095 A.

155 4119 283 4179 ig'sers'on
300 4117 366 4166 etro
385 4117 531 4179 comparebit.
584 4112 608 4163 6.
627 4122 694 4176 gestu
713 4126 772 4175 cmg.
825 4111 1132 4163 sternumento.
1176 4111 1200 4162 8.
1220 4126 1322 4163 ramese

155 4185 229 4238 Beled-
267 4198 345 4236 carus
362 4182 391 4234 B.
427 4194 513 4233 carnea
533 4183 557 4233 G.

155 4328 219 4383 tores,
242 4328 320 4386 atque
345 4319 418 4368 etiam
443 4318 495 4367 sine
513 4331 570 4367 uoce
588 4317 713 4366 remissio·
766 4316 812 4366 Sed
833 4317 952 4365 sidereum
973 4314 1062 4380 aliquid
1081 4316 1132 4364 eius
1151 4312 1223 4364 cultui
1242 4313 1324 4364 tribuit

156 4386 406 4457 nampunsserr‘
446 4386 534 4435 Notum
561 4385 619 4434 iiind
638 4386 714 4434 Stesi·
766 4383 925 4448 Hieronymus
942 4384 1017 4447 Epist.
1038 4382 1092 4433 140.
1116 4383 1145 4432 ad
1164 4382 1322 4447 Principiam:

155 4457 212 4509 dari
230 4458 262 4509 ds
281 4457 312 4507 iis
331 4455 372 4522 qui
392 4454 486 4519 lapides
512 4455 540 4502 ad
565 4453 713 4502 obruendam
766 4453 833 4511 „Nisi
852 4453 915 4501 enim
935 4452 1065 4511 habuisset,
1085 4451 1169 4516 inquit,
1188 4459 1211 4500 et
1226 4449 1323 4499 inroitu

155 4523 261 4577 iieieua'm
272 4522 421 4575 attuierunt:
440 4511 482 4577 „ri
505 4519 571 4585 asp
585 4516 633 4579 τὴν
646 4512 714 4582 ὄψιν
765 4520 878 4584 quiddam
897 4519 1169 4585 condescenderemus,
1201 4528 1322 4582 uunquam

155 4584 214 4641 itate
236 4584 357 4659 ἀφεῖναι
381 4584 447 4643 τοὺς
492 4582 714 4647 [densissimis
765 4602 819 4636 eom
838 4587 918 4637 statim
937 4588 1011 4638 secuti
1031 4589 1133 4637 tuissent
1147 4586 1258 4651 apostoli,
1278 4596 1323 4632 asc

155 4658 231 4721 girf‘
257 4662 349 4714 Notum
369 4662 442 4710 etism
462 4658 537 4707 iilud:
556 4651 647 4721 ,ατρὸς
665 4649 713 4703 τὸν
765 4658 805 4719 qui
825 4656 853 4704 ad
873 4657 1124 4719 comprehendendum
1136 4657 1320 4710 cumveneraat,

155 4720 411 4809 ipriepetordee'erxei
426 4717 713 4791 ἆπρόςφιλοςὸφθαλ-
765 4725 940 4774 corruissent“
1198 4729 1201 4733 ’

154 4792 402 4867 μσςὲμεροῦτᾱι.“
420 4792 528 4856 (aigun.)
798 4792 857 4855 Cap.
877 4793 902 4841 Χ.
945 4807 966 4845 ι.
985 4792 1117 4845 Convertor
1141 4791 1170 4841 ad
1188 4781 1262 4852 aiios]
1286 4782 1321 4835 dd

183 4881 203 4930 ι
220 4870 250 4921 ds
269 4866 369 4921 caelesti
382 4863 548 4931 generositate
560 4862 679 4913 radiasset
686 4855 713 4927 i]
765 4859 950 4915 Valentinianos.
