3242 5775
649 631 797 678 mvmsos
819 632 963 679 rmum
1033 619 1039 632 '
1321 617 1383 686 ets

223 783 255 844 in
277 780 440 860 aenigmate
463 780 605 861 ”plenius
627 782 774 845 visibilem
796 801 865 846 caro
888 782 1002 856 effecit,
1024 799 1124 846 sermo
1138 783 1267 858 scilicet,
1289 783 1340 865 qui
1361 792 1391 847 et

105 882 117 903 f
223 903 292 945 caro
314 884 407 944 lactus
429 892 494 955 est,
517 882 610 956 alius,
640 902 726 963 quem
749 902 897 964 nunquam
920 882 1076 964 quisquam
1097 884 1185 959 vidit,
1212 884 1273 960 nisi
1293 893 1388 966 pater,
1470 909 1473 917 ·

222 984 334 1047 scilicet
356 984 439 1045 cuius
462 994 508 1046 est
522 983 647 1047 sermo?
679 984 812 1063 Denique
832 985 1024 1065 inspiciamus
1046 1004 1133 1065 quem
1155 986 1282 1066 apostoli
1303 986 1388 1050 vide·

142 1094 144 1099 '
222 1087 291 1148 rint.
336 1085 422 1158 Quod
444 1085 587 1159 vidimus,
609 1087 705 1165 inquit
725 1086 873 1159 loannes,
901 1085 981 1165 quod
1003 1086 1184 1163 audivimus,
1213 1087 1307 1150 oculis
1327 1104 1498 1159 no·110.v,r.

223 1189 294 1250 stris
311 1187 458 1258 ¹vidimus,
472 1195 517 1258 ‚et
538 1205 642 1248 manus
665 1196 785 1249 nostrae
807 1195 1062 1249 contrectaverunt
1083 1187 1121 1249 de
1141 1206 1281 1251 sermone
1300 1188 1388 1252 vitae.

225 1289 329 1350 Sermo
353 1287 431 1349 enim
453 1287 528 1349 vitoe
552 1307 618 1349 caro
641 1290 754 1361 lactus,
783 1296 812 1348 et
834 1287 968 1360 auditus,
998 1288 1146 1364 elvisus,
1170 1298 1201 1352 et
1221 1297 1388 1354 contrecta·

223 1401 288 1461 tus,
312 1390 380 1470 quia
402 1408 486 1462 caro,
515 1389 564 1468 qui
588 1398 655 1450 ante
679 1407 796 1450 carnem
819 1407 917 1450 sermo
941 1396 1052 1451 mutum
1074 1390 1105 1451 in
1126 1390 1290 1471 primordio
1312 1389 1389 1471 apud

224 1493 312 1553 deum
333 1499 462 1571 patrem,
496 1509 556 1551 non
578 1500 662 1571 pater
682 1489 759 1569 apud
787 1509 967 1553 sermonem.
1009 1491 1083 1554 Nam
1105 1491 1162 1554 etsi
1183 1492 1257 1556 deus
1279 1510 1389 1567 sermo,

224 1593 276 1655 sed
299 1592 374 1672 apud
398 1592 500 1665 deum,
531 1592 598 1670 quia
621 1611 656 1652 ex
678 1591 734 1652 deo
756 1591 848 1664 deus,
876 1592 943 1671 quia
966 1610 1032 1653 cum
1053 1601 1138 1673 petre
1165 1594 1243 1675 apud
1264 1601 1388 1675 patrem.

225 1694 262 1755 Et
282 1692 408 1755 vidimus
430 1692 551 1771 gloriam
575 1693 655 1766 eius,
690 1702 826 1772 tanquam
855 1692 997 1772 unigeniti
1025 1712 1041 1755 a
1069 1702 1168 1775 patre,
1202 1694 1304 1775 utique
1324 1693 1497 1769 lilii,vo.1,n.

226 1795 337 1856 scilicet
357 1793 498 1867 visibilis,
526 1794 678 1873 glorificati
701 1814 716 1856 a
738 1804 820 1873 patre
841 1794 992 1856 invisibili.
1044 1794 1081 1857 Et
1109 1794 1192 1870 ideo,
1224 1794 1390 1876 '‘quoniem

224 1910 392 1959 sermonem
416 1895 462 1956 dei
485 1896 571 1956 deum
595 1896 724 1969 dixerat,
759 1896 842 1956 ΗΙἠε
872 1896 1022 1959 adiuvaret
1043 1896 1278 1960 adversariorum
1299 1913 1389 1978 prse-

224 1998 439 2077 sumptionem,
463 1998 546 2075 quasi
569 2006 681 2076 patrem
705 1998 801 2077 ipsum
817 1997 954 2071 vidisset,
978 1997 1042 2059 ¹⁶ad
1057 1998 1296 2078 distinguendum
1312 1997 1390 2060 inter

224 2099 400 2161 invisibilem
424 2108 536 2177 patrem
559 2107 589 2160 et
609 2099 700 2159 filium
715 2098 858 2160 visibilem
875 2098 1037 2177 superdicit
1054 2099 1273 2175 exabundanti,
1293 2098 1387 2162 Deum
1399 2117 1450 2164 110.
1457 2119 1527 2174 tnta

224 2220 312 2261 nemo
335 2200 408 2260 vidit
428 2216 567 2277 unquam.
612 2201 707 2273 Quem
730 2198 841 2262 deum?
874 2199 1072 2262 Sermonem?
1109 2202 1234 2282 Atquin,
1256 2200 1389 2264 Vidimus

226 2311 255 2363 et
277 2301 442 2363 audivimus
465 2300 522 2360 ¹⁶et
543 2302 785 2363 contrectavimus
808 2301 845 2363 de
866 2320 1006 2363 sermone
1022 2303 1115 2375 vitae,
1136 2302 1318 2383 praedictum
1332 2310 1389 2364 cst

226 2402 283 2463 Sed
306 2420 392 2481 quem
416 2400 526 2462 deum?
559 2402 671 2464 scilicet
691 2412 820 2482 patrem,
849 2403 926 2483 apud
948 2421 1035 2483 quem
1058 2401 1174 2466 ¹⁷deum'
1194 2412 1259 2466 erat
1279 2421 1389 2478 sermo,

226 2504 395 2582 unigenitus
419 2502 539 2575 ¹⁹filius,
563 2503 639 2583 ¹⁹qui
662 2505 781 2566 esseio
804 2504 870 2566 sinu
891 2505 983 2594 patris
1005 2505 1070 2583 ipse
1085 2504 1236 2567 disseruit
1272 2505 1341 2584 lpse
1359 2512 1493 2579 etloum

227 2605 343 2668 auditus
367 2603 515 2677 elvisus,
545 2612 575 2665 et
595 2624 632 2666 ne
654 2606 827 2684 phantasma
850 2605 1035 2678 crederetur,
1069 2605 1156 2668 etiam
1180 2612 1390 2668 contrectatus.

226 2706 311 2767 Hune
332 2714 361 2766 et
382 2705 489 2767 Paulus
513 2705 729 2786 ¹⁹lconspexit,
752 2725 807 2768 nec
829 2715 925 2768 tamen
947 2716 1060 2787 patrem
1083 2706 1164 2769 vidit.
1200 2706 1316 2782 Nonne,
1338 2705 1387 2770 in·
1402 2727 1529 2782 sensnm.

227 2806 306 2888 quit,
328 2806 386 2866 ridi
409 2805 532 2868 lesuml
563 2807 710 2869 Christum
733 2815 830 2868 autem
854 2817 883 2869 et
904 2807 998 2889 ”ipse
1019 2808 1039 2840 ²¹
1048 2808 1135 2870 deum
1157 2806 1389 2889 cognominavit:

227 2910 361 2982 Quorum
383 2917 482 2988 patres
504 2919 533 2971 et
555 2929 588 2970 ex
612 2910 718 2989 quihus
741 2910 876 2972 Christus
900 2911 1060 2973 secundum
1083 2929 1216 2984 carnem,
1242 2909 1321 2991 ²‘qui
1342 2917 1526 2985 estnomnxs.

227 3030 317 3090 super
339 3010 436 3071 omnia
460 3011 532 3072 deus
554 3011 725 3073 benedictus
748 3011 778 3072 in
801 3030 913 3074 aevum.
959 3012 1097 3075 Ostendit
1118 3012 1177 3073 ”et
1198 3012 1263 3092 ipse
1285 3010 1389 3101 visibi-

228 3113 284 3173 lem
306 3111 381 3172 ²*dei
404 3112 511 3184 lilium,
542 3111 571 3172 id
594 3123 638 3174 est
660 3132 828 3174 sermonem
851 3114 914 3183 dei,
942 3113 1039 3193 ”quia
1068 3114 1116 3192 qui
1139 3132 1207 3175 caro
1229 3114 1323 3175 lactus
1346 3120 1393 3176 est

229 3213 363 3273 Christus
387 3213 480 3273 dictus
505 3223 558 3274 est
602 3213 643 3273 be
665 3223 748 3292 patre
770 3223 867 3274 autem
889 3215 924 3274 ad
948 3214 1150 3276 Timotheum:
1185 3213 1279 3285 Quem
1301 3232 1529 3287 nemorrvmvme

228 3315 300 3374 vidit
327 3314 494 3386 hominum,
527 3315 578 3375 sed
607 3333 661 3373 nec
682 3314 780 3374 videre
802 3321 917 3392 potest;
954 3332 1132 3393 exaggerans
1161 3314 1302 3393 amplius:
1332 3313 1390 3386 Qui

229 3417 312 3477 solus
335 3415 422 3476 hahet
442 3415 705 3486 immortalitatem,
728 3423 758 3474 et
771 3413 865 3474 lucem
882 3414 993 3475 habitat
1007 3413 1256 3487 inaccessibilem
1279 3414 1388 3493 dequo

229 3526 258 3576 et
280 3535 368 3596 supra
391 3516 515 3576 dixerat:
537 3516 609 3593 Regi
625 3525 720 3575 aulem
737 3514 936 3587 saeculorum,
959 3514 1132 3586 immortali,
1155 3513 1309 3588 invisibili,
1332 3513 1388 3575 soli
1401 3534 1472 3580 svin.
1482 3535 1498 3588 1,
1507 3537 1529 3579 1r

229 3619 302 3690 deo;
326 3625 406 3679 utet
428 3617 571 3678 contraria
594 3617 650 3694 ipsi
673 3615 732 3675 lilio
755 3614 1006 3689 adscriberemus,
1034 3614 1256 3689 mortalitatem,
1287 3633 1387 3676 acces-

229 3717 412 3791 sibilitatem3
440 3738 525 3797 quem
548 3726 695 3778 mortuum
724 3724 906 3777 contestatur
934 3716 1096 3777 secundum
1126 3715 1304 3796 scripturas,
1331 3714 1529 3791 ”eticoexna

228 3840 245 3881 a
268 3840 301 3881 se
323 3820 485 3880 novissime
508 3820 620 3892 visum,
648 3837 702 3898 per
722 3817 922 3879 accessibilem
950 3818 1050 3899 utique
1071 3817 1181 3891 lucem,
1215 3835 1388 3896 quamquem

230 3930 259 3982 ot
279 3922 356 3983 illam
385 3921 509 4000 ²⁷neque
539 3922 602 4000 ipso
631 3920 695 3980 sine
723 3919 853 3999 periculo
883 3917 1001 3980 luminis
1029 3929 1168 4000 expertus
1197 3928 1257 3992 est,
1295 3936 1391 4000 neque

233 4142 271 4191 13.
290 4142 405 4191 risibilem
425 4142 520 4205 plenius
540 4156 594 4189 cero
614 4141 686 4189 eruco
704 4142 728 4189 A.
747 4141 810 4189 leid.
864 4139 902 4189 14.
922 4140 1042 4203 quomodo
1061 4140 1103 4189 ru.
1138 4154 1209 4205 quem
1227 4141 1290 4190 leid.
1328 4140 1389 4190 ltb.

232 4211 316 4259 uris.
336 4212 398 4259 leid.
452 4209 490 4257 15.
511 4209 640 4258 adoret.
701 4207 738 4257 16.
764 4216 787 4256 et
809 4209 1006 4256 contrectavimus
1030 4223 1073 4256 om.
1086 4211 1111 4256 Α.
1130 4208 1193 4256 leid.
1254 4207 1292 4256 lt.
1318 4207 1388 4258 deum

231 4280 264 4336 d,
284 4279 461 4326 Folollrsinss.
498 4277 741 4326 deuslltuhc.leid.
786 4275 931 4324 18.scilicet
951 4275 1312 4335 uliosu.,eomfotoiot)rrioo.
1349 4275 1388 4326 19.

231 4346 271 4407 qni
290 4361 343 4394 esse
361 4347 384 4393 in
403 4348 455 4393 sinn
474 4345 549 4407 patris
567 4346 618 4407 ipse
637 4344 748 4392 disseruit
766 4359 815 4404 eqo.
859 4344 899 4408 qui
924 4351 960 4392 est
983 4344 1006 4391 in
1032 4344 1084 4391 sinu
1109 4343 1184 4406 petris
1208 4343 1260 4406 ipse
1277 4343 1390 4392 disseruit

230 4413 299 4462 Buba.
333 4415 371 4476 qui
392 4415 413 4461 in
433 4414 510 4461 sinum
530 4414 613 4473 patris,
632 4414 683 4475 ipse
701 4412 814 4460 disseruit
833 4413 854 4459 d.
896 4411 934 4474 qni
959 4411 1389 4475 sinumlsuumheldipalrisipse

231 4480 376 4530 desernitl.
396 4483 458 4530 leid.
512 4480 573 4528 19b.
593 4481 710 4542 conspicit
725 4482 750 4529 A.
809 4478 848 4527 20.
869 4479 919 4541 ipse
938 4480 969 4539 d,
989 4479 1052 4527 Folo.
1071 4478 1172 4527 Ursinus.
1209 4480 1286 4541 ipsum
1303 4478 1388 4529 Allobo.

230 4550 293 4597 leid.
345 4548 525 4597 mueronem
544 4549 601 4596 lta.
620 4549 682 4597 Leid.
742 4545 782 4595 22.
807 4547 1165 4609 quaeestpersoneomnil.
1186 4547 1248 4595 leid.
1307 4545 1389 4595 uter

231 4617 282 4678 ipso
302 4619 368 4666 obed.
387 4618 449 4665 leid.
471 4618 607 4665 Gorsirmis.
649 4626 672 4663 et
689 4615 733 4665 AB.
790 4613 830 4663 24.
850 4614 887 4662 dei
907 4616 941 4664 ed.
964 4615 1120 4663 Volicouorom
1137 4628 1204 4663 urus.
1240 4615 1328 4663 domini
1350 4629 1389 4662 re·

231 4685 297 4747 liqui.
333 4685 403 4732 deum
422 4686 494 4744 leid„
515 4692 534 4733 et
553 4687 598 4731 duo
621 4683 728 4732 Votienus.
770 4681 809 4730 25.
829 4683 867 4744 qni
887 4681 941 4745 qnia
958 4682 983 4731 Α.
1002 4682 1065 4732 tete.
1109 4679 1147 4730 26.
1168 4689 1190 4730 ct
1208 4683 1273 4733 ebed.
1309 4689 1388 4730 ulre-

233 4753 299 4816 liqm',
320 4761 340 4801 rt
358 4754 420 4801 leid,
473 4750 513 4799 21.
533 4765 609 4814 neque
628 4758 650 4798 et
668 4752 719 4813 ipse
736 4750 780 4800 AB.
798 4751 862 4799 heio.

266 4838 422 4880 Tearcnnrrsr
436 4851 487 4882 orn.
500 4851 537 4880 eo.
547 4849 645 4881 osunen.
670 4836 732 4880 Tom.
742 4836 769 4879 ll.
1206 4832 1238 4883 43
