3242 5775
323 637 386 706 084
575 651 677 703 numu
698 629 830 698 sermm
850 652 1012 698 reouaurn
1035 628 1228 699 reprobarem

170 804 452 878 lanam-”Pacem
474 800 524 883 qui
545 801 640 865 maior
660 811 707 866 est
721 802 875 878 omnibus,
896 803 968 866 mibi
983 804 1079 879 dedit;
1099 812 1144 880 et,
1165 805 1228 885 ligo
1248 813 1279 868 et
1292 813 1380 887 pater
1392 824 1478 870 unum

320 922 435 969 sumus.
469 902 524 964 llio
544 922 614 984 ergo
637 903 693 966 iam
715 905 836 984 gradmn
859 904 962 967 uolunt
982 905 1071 986 ligere
1093 906 1185 981 stulti,
1208 906 1300 969 immo
1317 909 1411 983 caeci,
1432 909 1477 990 qui
1521 887 1523 944 l

320 1024 383 1069 non
404 1004 534 1076 rideant,
561 1005 673 1085 primo,
700 1004 763 1084 ligo
785 1013 816 1068 et
836 1014 935 1086 pater,
967 1006 1093 1069 duorum
1123 1026 1192 1070 esse
1220 1009 1478 1088 significationem

320 1107 428 1170 (lebino
453 1105 484 1169 iu
510 1105 691 1180 nonssimo,
718 1106 843 1181 Sumus,
877 1125 938 1169 non
958 1105 993 1169 ex'
1015 1108 1102 1171 unius
1131 1128 1200 1172 essa
1220 1129 1370 1190 persona,
1403 1113 1478 1192 quod

320 1208 472 1291 pluraliter
492 1207 601 1270 dietum
623 1215 686 1279 est3
715 1215 793 1282 tum,
816 1208 894 1287 quod
914 1205 1011 1272 Unum
1034 1228 1155 1285 sumus,
1177 1229 1238 1273 non
1258 1212 1342 1274 Unus
1368 1232 1477 1278 sumus.

319 1310 451 1376 sienim
473 1308 611 1382 dixisset,
634 1306 744 1370 ¹”Unus
766 1327 885 1383 sumus,
907 1309 1055 1389 potuisset
1068 1311 1204 1375 adiuvere
1218 1314 1398 1420 senteutiam
1413 1315 1476 1378 illo·

320 1430 397 1475 rum.
432 1410 515 1472 Unus
536 1410 615 1472 euim
636 1408 792 1490 singularis
813 1410 928 1474 numeri
950 1412 1122 1490 significatio
1145 1414 1273 1489 ridetur3
1295 1415 1396 1478 adhuc
1416 1436 1476 1479 mm

320 1515 380 1577 duo
402 1510 554 1575 masculini
576 1512 704 1591 generis.
747 1510 844 1574 Unum
865 1511 935 1574 dicit
956 1513 1080 1574 neutrali
1101 1514 1202 1590 verbo,
1223 1516 1303 1595 quod
1324 1535 1389 1579 nou
1411 1537 1476 1599 per·

319 1609 449 1678 tiuet'ad
471 1612 711 1692 singularitatem,
733 1613 785 1674 sed
807 1612 845 1674 ad
867 1613 1017 1686 unitatem,
1039 1615 1076 1675 ad
1098 1615 1329 1691 similitudinem,
1352 1618 1392 1680 ad
1407 1639 1475 1682 cou-

319 1716 517 1788 iunolionem,
546 1714 582 1776 ad
603 1713 788 1777 dilectionem
811 1713 922 1794 patris,
950 1715 1000 1794 qui
1021 1715 1114 1776 lilium
1135 1716 1242 1797 diligit,
1274 1728 1305 1781 et
1325 1720 1364 1782 ad
1389 1720 1475 1784 obse·

318 1817 419 1900 quium
440 1816 508 1889 lilii,
530 1814 580 1895 qui
601 1814 742 1877 voluntati
763 1797 856 1895 patris
879 1814 1059 1895 obsequitur.
1103 1817 1199 1879 Unum
1221 1838 1341 1894 sumus,
1366 1821 1475 1897 diceus,

318 1937 374 1999 ego
396 1925 426 1981 at
446 1926 545 1998 pater,
567 1916 697 1978 ostendit
718 1916 794 1979 duos
809 1935 893 1990 esse,
914 1936 989 1997 quos
1003 1926 1108 1998 aequal
1122 1927 1152 1980 et
1166 1919 1267 1999 iungit.
1301 1921 1385 1984 Adeo
1401 1924 1477 1986 addit

207 2038 307 2093 seusa.
322 2020 409 2083 eliam
435 2018 524 2080 multa
553 2036 586 2080 se
613 2028 703 2098 opera
731 2036 747 2078 a
774 2024 858 2097 patre
885 2018 1068 2092 ostendisse,
1102 2037 1226 2099 quorum
1255 2022 1327 2084 nilail
1355 2022 1477 2104 lapidari

206 2114 307 2193 unias
321 2128 495 2185 mereretur.
527 2119 563 2180 El
583 2137 621 2181 ne
641 2126 779 2199 putarent
799 2118 867 2180 ideo
888 2137 922 2181 se
943 2118 1023 2181 illum
1044 2120 1174 2200 lapidare
1195 2121 1318 2197 debere,
1341 2127 1476 2205 quasise

319 2223 406 2288 deum
427 2221 541 2302 ipsum,
564 2220 592 2283 id
615 2228 662 2282 est
681 2230 810 2301 patrem,
832 2219 975 2281 voluisset
995 2220 1139 2301 intellegi,
1167 2223 1234 2302 quia
1256 2224 1389 2300 dixerat,
1420 2227 1476 2307 Ego

319 2333 350 2390 et
369 2334 452 2406 pater
474 2340 562 2383 unum
586 2339 703 2392 sumus,
736 2340 792 2402 qua
814 2322 905 2383 lilium
932 2321 978 2383 dei
1007 2322 1093 2384 deum
1121 2324 1296 2399 ostendens,
1333 2345 1397 2389 nou
1424 2347 1476 2409 qua

167 2426 419 2509 termimum
440 2424 542 2498 deum,
564 2422 596 2485 Si
618 2423 648 2484 in
669 2422 749 2503 lege,
777 2422 889 2503 inquit,
918 2423 1060 2504 seriptum
1082 2432 1143 2497 est,
1171 2424 1232 2504 Ego
1254 2426 1330 2500 dixi,
1360 2446 1418 2490 ros
1439 2430 1476 2491 dii

318 2528 408 2600 estis,
439 2533 470 2588 et
495 2542 557 2586 non
584 2531 684 2605 potest
715 2523 789 2588 solvi
816 2524 977 2603 scriptura,
1010 2543 1097 2605 quem
1126 2534 1209 2604 pater
1236 2528 1430 2590 sanctificarit
1450 2538 1476 2591 et

318 2628 400 2690 misit
425 2626 455 2687 in
483 2626 639 2699 muudum,
671 2643 724 2687 vos
751 2643 819 2686 eum
847 2624 1050 2705 blasphemare
1077 2626 1189 2701 dicitis,
1226 2628 1293 2706 quia
1327 2628 1475 2704 ’'dixerat,

318 2727 409 2791 Filius
430 2727 478 2789 dei
500 2724 591 2789 sumi
627 2726 658 2788 Si
680 2745 740 2788 uon
762 2725 836 2788 lacio
853 2745 948 2806 opera
968 2726 1061 2807 patris
1082 2728 1156 2801 mei,
1179 2728 1270 2790 nolite
1291 2729 1431 2806 oredere;
1451 2730 1476 2792 si

318 2847 388 2893 uero
409 2827 483 2891 lucio
506 2834 536 2890 et
557 2827 628 2891 mibi
649 2827 769 2891 eredere
791 2845 853 2891 nou
873 2827 976 2903 uultis,
999 2828 1043 2890 vel
1057 2838 1179 2909 propter
1193 2848 1282 2909 opera
1298 2831 1427 2907 credita,
1448 2841 1477 2896 et

319 2930 441 3005 scitote,
467 2928 546 3009 quod
567 2947 622 3009 ego
644 2929 675 2991 in
695 2936 778 3009 patre
800 2929 874 3003 sim,
901 2936 932 2990 et
951 2940 1035 3010 pater
1055 2930 1164 2992 inme.
1213 2931 1271 2993 Per
1292 2951 1385 3012 opera
1407 2952 1474 3013 ergo

317 3031 402 3094 ⁸¹erit
421 3039 506 3112 pater
526 3031 557 3092 in
578 3029 655 3104 lilio,
678 3038 707 3091 el
727 3029 804 3092 lilius
827 3030 857 3091 in
878 3038 977 3111 patre,
1000 3040 1030 3110 et
1048 3032 1088 3094 ita
1106 3050 1160 3112 per
1175 3051 1262 3112 opera
1278 3033 1474 3114 intellegimus

318 3151 408 3197 unum
429 3151 498 3195 esse
518 3130 670 3211 ”patrem
721 3131 802 3193 lldeo
830 3139 924 3193 totum
950 3133 1009 3195 hoo
1033 3133 1240 3214 perseverabat
1260 3134 1418 3211 inducere,
1445 3144 1477 3197 ut

318 3236 377 3298 duo
399 3243 496 3297 tamen
518 3232 708 3297 crederentur
727 3232 758 3294 ln
780 3251 839 3295 una
858 3233 979 3309 uirtute,
1008 3234 1076 3314 quia
1102 3234 1186 3297 aliter
1212 3235 1289 3299 filius
1312 3237 1392 3298 credi
1415 3255 1475 3298 uon

260 3376 265 3385 ·
317 3345 420 3418 posset
440 3335 499 3398 nisi
519 3334 579 3396 duo
600 3334 798 3396 crederentur.

167 3462 308 3522 muni
406 3439 479 3498 l'ost
499 3437 571 3500 baec
592 3445 688 3498 autem
711 3436 838 3498 ¹blarlba
865 3436 957 3499 lilium
987 3437 1034 3499 dei
1056 3455 1123 3499 eum
1144 3439 1280 3498 eonlessa
1299 3456 1359 3499 nou
1379 3439 1476 3519 magis

191 3525 302 3622 ''fi'fp’J'
317 3541 425 3603 errarit
446 3557 532 3618 quam
547 3538 651 3600 Petrus
673 3547 702 3599 et
715 3537 890 3613 bathemen
912 3532 1085 3618 quamquam
1107 3547 1136 3601 et
1158 3538 1183 3599 si
1206 3547 1351 3612 errasset,
1374 3541 1475 3603 statim

217 3629 298 3682 Μ
319 3641 478 3705 didicisset.
520 3638 595 3701 Ecce
623 3638 700 3700 enim
727 3639 763 3700 ad
791 3639 992 3701 suscitandum
1019 3641 1137 3701 fratrem
1167 3640 1230 3701 eius
1251 3658 1268 3701 a
1289 3641 1417 3704 mortuis
1439 3642 1474 3704 ad

168 3742 430 3821 nnnnpeelun
457 3749 488 3802 et
514 3740 550 3801 ad
576 3748 689 3819 patrem
716 3739 853 3802 domiuus
882 3741 1064 3822 suspiciens,
1096 3741 1197 3815 Pater,
1230 3741 1340 3819 inquit,
1374 3743 1473 3823 utiquo

318 3844 411 3917 lilius,
434 3840 541 3921 malias
563 3858 617 3917 ago
640 3840 709 3914 tibi,
731 3841 816 3921 guod
839 3860 886 3903 me
908 3860 1026 3921 semper
1048 3842 1200 3904 exaudias:
1232 3841 1371 3921 ²propter
1401 3844 1473 3906 istas

319 3943 418 4007 turbas
439 3941 660 4005 circumstantes
681 3941 755 4016 dixi,
778 3951 810 4005 ut
831 3942 951 4005 credant
971 3942 1066 4024 ³quod
1089 3952 1120 4004 tu
1135 3961 1182 4005 me
1197 3943 1325 4004 miseris.
1363 3945 1424 4006 Sed
1445 3953 1474 4006 et

166 4044 350 4123 1„m‚n.q,iu
371 4041 593 4105 conturbatione
614 4039 800 4133 animaez‘lit
821 4044 891 4124 quid
912 4041 1028 4106 dicam?
1049 4053 1146 4123 pater,
1168 4044 1279 4105 salvum
1300 4062 1349 4105 me
1370 4046 1417 4107 lac
1438 4047 1473 4107 de

317 4145 372 4206 ista
394 4146 480 4206 hora:
503 4143 601 4223 atquin
623 4153 745 4225 propter
765 4145 823 4207 hoe
844 4145 910 4207 veui
931 4146 961 4206 in
983 4145 1068 4208 istam
1091 4147 1210 4219 noran,
1238 4163 1355 4219 rerum,
1378 4156 1471 4225 pater,

204 4245 444 4326 1„v‚4³,glorilica
466 4264 574 4308 nomen
596 4254 693 4320 tuum,
724 4246 754 4307 in
782 4264 841 4325 quo
870 4254 933 4308 erat
959 4247 1061 4310 ⁴lllius.
1105 4246 1183 4326 Ego,
1212 4247 1322 4325 inquit,
1353 4248 1421 4309 seni
1443 4248 1472 4309 in

318 4465 357 4517 ld.
376 4467 443 4516 Pater
460 4467 539 4522 (l‘ater
557 4473 595 4516 est
610 4467 636 4517 A.
655 4467 737 4525 leid),
755 4466 794 4530 qui
813 4466 890 4517 maior
908 4474 945 4516 est
961 4467 1082 4526 omnibus,
1101 4468 1156 4517 mibi
1176 4466 1240 4516 dedit
1257 4466 1331 4523 (dedit
1350 4468 1407 4516 mihi
1430 4469 1471 4518 l'e-

316 4537 397 4589 ticoait
414 4539 438 4584 Α.
459 4536 530 4594 leid,
550 4542 570 4584 et
588 4542 633 4585 tres
653 4535 762 4585 Vaticani.
797 4533 866 4584 Pater
883 4536 946 4583 enim
963 4536 1026 4599 quod
1046 4536 1103 4585 mihi
1121 4536 1193 4595 dedit,
1212 4537 1287 4583 mains
1306 4542 1342 4583 est
1360 4536 1470 4584 omnibus

316 4604 399 4653 Balad.
454 4602 491 4651 19.
511 4617 572 4651 unus
591 4616 672 4651 sumus
691 4603 713 4651 d.
754 4601 819 4665 quod
843 4616 904 4651 uuus
929 4617 1013 4653 eumue
1030 4602 1115 4655 Ababa.
1134 4604 1197 4653 leid.
1254 4601 1294 4651 20.
1313 4603 1360 4651 dixi
1378 4605 1424 4664 cd,
1443 4605 1470 4652 de

316 4673 410 4722 coniect.
428 4671 528 4720 Pamelii.
563 4670 646 4718 dixerit
666 4670 799 4719 Fnlanius.
851 4668 891 4719 21.
910 4672 1011 4733 erald„
1030 4671 1278 4722 ennuntiatione.
1319 4668 1358 4719 22.
1377 4680 1469 4734 patrem

315 4738 430 4789 etlilium
449 4739 481 4798 d,
500 4753 550 4787 cam
566 4737 645 4786 fulcio
665 4737 753 4787 Ursino.

383 4807 440 4872 Cap.
459 4803 538 4856 xxm.
574 4803 596 4854 l.
615 4804 703 4854 llarlba
721 4808 757 4856 cd.
791 4804 863 4857 tlara
880 4806 972 4872 religat,
991 4813 1012 4857 et
1029 4807 1093 4859 beid.
1138 4804 1163 4857 2.
1181 4806 1224 4856 sed
1241 4813 1340 4871 propter
1358 4807 1469 4855 latinius.

316 4871 339 4924 3.
358 4875 413 4940 quia
431 4883 455 4925 to
471 4877 497 4925 l.
515 4873 579 4924 beid.
630 4871 654 4922 l.
673 4880 696 4922 et
711 4873 774 4924 lilius
792 4874 816 4925 d.
