3242 5775
321 639 362 704 80
579 652 680 703 QUINTI
703 651 835 695 SEPTffli
856 651 1021 695 sponsatis
1044 650 1240 695 usurpatam

320 822 385 866 rem
407 802 464 865 deo
486 801 627 863 babuisse
649 799 823 874 videamini,
851 798 989 863 timorem
1013 800 1092 863 enim
1113 817 1175 864 non
1196 799 1268 861 rull.
1303 799 1405 879 Atque
1425 799 1496 861 adea
1514 829 1529 858 .=

321 904 409 983 ¹prae
447 922 481 965 se
520 904 619 963 lerunt
656 902 845 963 Marcionitae
893 901 972 980 quod
1016 901 1105 962 deum
1149 918 1238 962 suum
1274 900 1400 961 omnino
1436 918 1494 962 uon
1527 933 1529 971 ;

320 1004 453 1064 timeant.
507 1002 599 1063 llalus
623 1010 737 1075 autem,
766 1002 919 1081 inquiunt,
942 1000 1109 1073 timebitur,
1131 1000 1229 1063 bonus
1251 1009 1351 1063 autem
1372 999 1494 1081 'diligo-
1527 1037 1529 1074 :

321 1111 379 1165 tur.
423 1102 534 1175 Sttdte,
564 1121 651 1181 quem
673 1101 842 1163 ³dominum
864 1100 1009 1181 appellas,
1033 1119 1123 1180 negas
1146 1101 1328 1174 timendum,
1350 1119 1420 1163 cum
1440 1101 1496 1164 boc
1523 1139 1529 1178 ,-

226 1188 228 1191 ⁵
320 1222 431 1265 nomen
458 1203 615 1282 potestatis
646 1203 685 1264 sit
711 1203 797 1264 etiam
828 1200 997 1264 timendae?
1039 1202 1078 1262 At
1104 1203 1254 1281 momodo
1283 1199 1408 1280 diliges,
1438 1200 1496 1264 nial

320 1304 425 1365 timeas
451 1322 512 1365 non
539 1302 684 1382 diligeret
726 1303 817 1364 Plane
844 1321 900 1363 nec
920 1309 1005 1381 pater
1031 1310 1101 1363 tuus
1130 1312 1192 1377 est,
1229 1302 1262 1363 in
1288 1321 1379 1382 quem
1409 1319 1492 1364 oum·
1506 1359 1528 1376 ,.

319 1413 402 1486 petat
428 1412 458 1465 et
485 1422 568 1465 amor
588 1412 712 1483 propter
732 1403 874 1482 pietatem
899 1411 929 1463 et
950 1402 1040 1463 timor
1059 1411 1183 1482 propter
1208 1410 1406 1483 potestatem,
1438 1419 1529 1487 uae¹5

319 1505 468 1585 legitimus
491 1503 645 1577 dominus,
675 1511 708 1564 ut
728 1503 833 1581 diligas
855 1510 977 1582 propter
998 1503 1211 1565 humanitatem
1231 1509 1262 1564 et
1281 1503 1390 1565 timeas
1419 1521 1492 1583 pru·

319 1615 387 1685 pter
419 1603 614 1683 disciplinam.
662 1602 711 1664 Sic
744 1603 872 1682 denique
904 1603 1054 1682 plagiarii·
1088 1603 1264 1682 diliguntru,
1304 1622 1366 1665 non
1406 1603 1494 1665 etiam
1527 1667 1529 1692 ἶ

319 1706 470 1768 timentur.
524 1702 590 1763 Non
624 1702 703 1763 enim
734 1703 887 1764 timebitur
918 1703 977 1765 nisi
1010 1702 1089 1764 iusta
1111 1713 1141 1765 et
1173 1703 1324 1766 ordinaria
1354 1703 1495 1766 domina·
1519 1756 1529 1778 ³.

321 1807 379 1875 tio,
413 1803 493 1883 diligi
515 1811 613 1864 autem
641 1811 742 1881 potest
770 1804 857 1864 etiam
886 1803 1033 1876 adultera;
1065 1803 1272 1866 sollicitatione
1304 1804 1384 1865 euim
1418 1821 1494 1865 euu-
1526 1789 1529 1796 ’

319 1913 394 1979 stat,
416 1924 477 1966 non
498 1904 687 1976 auctoritate,
711 1912 741 1965 et
762 1903 945 1976 adulatione,
977 1907 1038 1964 non
1060 1911 1220 1984 potestate.
1265 1904 1342 1978 Quid
1365 1903 1495 1984 denique

304 2006 484 2092 ‚adulantius
506 2023 594 2084 quam
616 2004 719 2065 delicta
742 2023 802 2066 non
825 2002 954 2083 exequi?
995 2004 1056 2082 Age
1087 2004 1202 2083 itaque,
1236 2004 1286 2085 qui
1314 2004 1405 2065 deum
1432 2022 1495 2066 nou
1511 1993 1529 2000 ⁰

320 2108 408 2169 times
431 2106 514 2186 quasi
536 2105 663 2178 bonum,
692 2103 762 2183 quid
791 2122 852 2164 non
874 2104 904 2164 in
927 2122 1046 2165 omnem
1073 2103 1226 2166 libidinem
1248 2103 1371 2177 ebullis,
1406 2121 1496 2178 suart-¹
1525 2169 1529 2186 Ι,

319 2227 417 2281 mum,
440 2207 518 2287 quod
541 2206 648 2279 sciam,
671 2207 797 2266 lructum
819 2203 916 2265 ritae‘¹
938 2204 1075 2267 omnibus
1098 2205 1149 2284 qui
1170 2193 1259 2266 deum
1281 2223 1343 2266 non
1364 2201 1497 2266 timent?
1525 2271 1529 2296 ι

321 2310 399 2383 Quid
427 2327 488 2370 non
518 2308 689 2386 frequentas
721 2313 779 2365 tam
809 2304 969 2366 sollemnes
1000 2305 1167 2385 voluptates
1189 2305 1278 2367 ‘circi
1309 2305 1444 2367 larentia·
1465 2311 1497 2368 ct
1523 2299 1529 2310 ’

318 2428 423 2472 caveae
444 2407 604 2470 saevientis
627 2414 657 2467 et
677 2424 783 2467 scenae
803 2403 1024 2467 lascivientis·‘l
1058 2405 1137 2478 Quid
1159 2424 1220 2467 non
1241 2414 1271 2467 et
1291 2405 1323 2467 in
1344 2423 1493 2485 persecu-
1525 2485 1528 2490 .

319 2508 452 2570 tionibus
474 2507 573 2569 statim
596 2506 692 2566 oblata
723 2504 840 2567 acerra‘
867 2505 993 2566 animam
1020 2506 1177 2584 negatione
1203 2504 1352 2567 lucraris?
1396 2505 1494 2580 Absit,
1524 2505 1528 2510 '

319 2607 433 2686 inquis,
456 2606 542 2667 absit.
584 2605 663 2683 Ergo
686 2605 744 2665 iam
766 2606 853 2666 times
876 2606 1031 2680 delictum,
1055 2612 1085 2666 et
1106 2606 1237 2667 timendo
1259 2606 1396 2685 probasti
1410 2605 1493 2668 illum

319 2706 418 2768 timeri
439 2706 487 2785 qui
509 2704 648 2784 prohibet
669 2703 817 2767 delictum.
860 2706 946 2767 atiud
970 2713 1031 2779 est,
1059 2705 1087 2765 si
1109 2706 1210 2768 eadem
1233 2706 1280 2767 dei
1302 2706 1345 2767 tui
1366 2723 1493 2786 perver-

320 2807 407 2867 sitate
429 2824 516 2886 quern
538 2823 599 2865 non
616 2804 702 2865 times
718 2805 878 2881 observas,
903 2824 959 2887 qua
975 2805 1068 2867 etille
1083 2807 1163 2886 quod
1184 2825 1246 2868 nou
1267 2806 1397 2868 vindieat
1417 2825 1501 2888 pra,

318 2907 411 2968 bibet.
454 2905 545 2966 Multo
567 2905 663 2967 adbuc
689 2907 808 2979 vanius,
844 2926 910 2968 cum
938 2908 1128 2987 interrogati,
1160 2908 1237 2981 Quid
1264 2908 1317 2968 liet
1342 2906 1495 2988 peccatori
1527 2906 1529 2929 ⁴

319 3006 424 3086 cuique
445 3006 510 3067 ‘die
531 3004 606 3066 illo?
627 3006 827 3084 ⁶respondent
848 3007 923 3069 abici
945 3008 1027 3069 illum
1041 3008 1126 3087 quasi
1141 3008 1177 3070 ab
1193 3008 1295 3071 oculis.
1332 3008 1440 3071 Nonne
1462 3017 1495 3071 et
1525 3004 1529 3033 ³

318 3107 376 3169 boc
397 3106 505 3169 iudicio
528 3105 645 3185 agitur?
687 3107 837 3168 ludicatur
864 3107 943 3168 enim
970 3108 1158 3183 abiciendus,
1192 3117 1222 3170 et
1250 3108 1353 3188 utique
1382 3108 1495 3171 iudicio
1525 3108 1529 3129 ¹

271 3186 281 3207 ⁸
318 3207 532 3281 damnationis3
553 3206 627 3266 'nisi
650 3207 676 3267 si
697 3207 726 3267 in
750 3207 875 3269 salutem
897 3207 1056 3270 ’abiciatur
1076 3216 1229 3289 peccator,
1251 3216 1285 3271 ut
1305 3218 1336 3270 et
1355 3209 1417 3271 boc
1435 3209 1494 3273 deu
1509 3192 1528 3231 ⁸·

319 3310 430 3390 optimo
458 3315 615 3388 competat.
665 3307 703 3367 Et
729 3308 800 3385 quid
827 3310 885 3369 erit
911 3308 1003 3382 abici,
1035 3309 1094 3369 nisi
1116 3309 1250 3369 amittere
1271 3308 1302 3369 id
1325 3309 1406 3388 quod
1428 3316 1498 3372 erat
1525 3304 1529 3343 ¹

318 3419 532 3473 consecuturus
562 3407 606 3471 ⁹si
627 3426 689 3470 non
710 3407 892 3483 abiceretur,
925 3408 955 3469 id
978 3417 1024 3470 est
1046 3407 1194 3470 salutem?
1229 3409 1309 3488 Ergo
1333 3408 1440 3472 salutis
1461 3409 1495 3473 iu

318 3513 527 3573 detrimentum
549 3509 706 3584 obicietur,
740 3517 770 3569 et
791 3509 849 3570 boc
870 3508 989 3569 decerni
1011 3527 1073 3570 non
1095 3509 1205 3589 poterit
1225 3509 1283 3570 nisi
1304 3509 1342 3569 ab
1363 3511 1441 3572 irato
1463 3517 1497 3572 et

319 3613 435 3672 offenso
458 3619 488 3671 et
510 3619 667 3670 executore
689 3608 802 3682 delicti,
824 3608 853 3668 id
877 3615 923 3668 est
943 3608 1050 3671 iudice.

131 3767 135 3779 ,
166 3727 318 3784 capaxun.
402 3709 506 3770 Exitus
528 3717 627 3769 autem
648 3709 688 3769 illi
712 3709 826 3784 abiecto
848 3706 939 3786 quis?
981 3709 1026 3769 Ab
1053 3710 1137 3788 igue,
1166 3709 1318 3788 inquiunt,
1347 3710 1495 3773 creatoris

385 3860 443 3924 Cap.
461 3858 548 3909 xxvtt.
586 3858 609 3907 l.
627 3873 654 3907 se
672 3861 812 3922 praeterunt
828 3859 909 3920 (atad.
957 3858 980 3909 2.
999 3858 1112 3923 diligetur
1129 3863 1166 3912 cd.
1186 3862 1308 3912 Vaticanus
1325 3869 1395 3911 uaus'.
1432 3861 1493 3913 dili·

316 3928 379 3988 gitur
395 3929 488 3990 reliqui.
540 3925 564 3975 3.
583 3926 654 3975 deum
672 3927 715 3975 ΑΒ.
742 3928 793 3977 ·‹l.
812 3928 1021 3978 circumfurentcis
1041 3931 1064 3979 θ.
1100 3929 1291 3980 circumferentia·
1308 3928 1353 3978 All.
1407 3927 1433 3978 5.
1451 3930 1493 3980 dic

316 3994 359 4043 illo
378 3995 409 4052 d,
429 3994 551 4042 latinius:
583 3994 622 4042 dei
646 3993 744 4043 illorum
770 3995 837 4045 croc.
879 3995 917 4043 die
942 3995 1041 4045 illorum
1060 3997 1084 4045 ll.
1127 3997 1186 4046 deas
1210 3996 1308 4045 illorum
1326 3997 1351 4045 l.
1405 3994 1431 4045 6.
1450 4010 1492 4047 re·

315 4059 469 4124 spondebant
486 4060 598 4109 latinius.
651 4060 674 4109 Ί.
694 4062 739 4110 nisi
758 4062 779 4110 si
802 4063 876 4113 Aliud.
897 4063 1019 4113 Vaticanus
1036 4070 1139 4129 uterque.
1180 4062 1227 4113 uisi
1247 4063 1300 4113 dub.
1353 4059 1378 4111 ⁸.
1398 4062 1493 4115 abicia-

314 4127 414 4176 turlll.
463 4125 490 4176 9.
510 4126 555 4175 nisi
574 4127 709 4176 obiceretur
726 4134 752 4178 A.
1450 4152 1456 4160 -

315 4226 464 4275 Tertulliano
489 4227 528 4274 bic
545 4226 595 4277 illic
612 4235 649 4276 est
667 4228 809 4288 concedere,
831 4229 874 4278 tri·
960 4229 983 4279 d.
1003 4231 1106 4280 lructum
1134 4224 1207 4294 vitae]
1234 4229 1270 4280 ct
1289 4228 1370 4278 Dasid.
1390 4229 1493 4281 Herald.

315 4293 398 4350 liuere,
425 4293 573 4356 adstipulari.
617 4295 652 4343 De
671 4295 770 4343 Patient.
789 4296 872 4359 capl
925 4297 954 4346 ad
972 4298 1073 4360 Apolog.
1096 4313 1148 4361 cap.
1158 4297 1180 4347 6.
1199 4312 1224 4361 p.
1235 4296 1267 4346 52
1285 4296 1391 4346 Ebulla're
1409 4304 1492 4349 auten

317 4360 662 4422 „Philosophi——tantum
681 4361 715 4410 illi
728 4366 885 4425 subsignant·
925 4370 963 4414 est
981 4379 1025 4428 pro
1045 4365 1144 4413 lamere.

315 4434 342 4475 ut
359 4441 414 4475 cum
433 4428 494 4476 inter
511 4441 566 4475 sese
584 4430 654 4476 variis
677 4435 797 4476 sectarum
818 4429 873 4478 libi·
959 4446 980 4480 e.
1000 4432 1057 4480 circi
1075 4430 1176 4480 terentis
1201 4438 1226 4479 et
1250 4445 1334 4480 careae
1360 4429 1493 4483 saevientia

314 4493 411 4543 dinibus
434 4502 457 4541 et
475 4495 647 4543 sententiarum
672 4493 874 4545 aemulationibus
926 4505 950 4546 et
967 4512 1055 4546 scenae
1073 4493 1250 4562 lascivierunt]
1279 4497 1314 4548 Cl.
1342 4497 1437 4548 adnott.
1460 4497 1493 4549 ad

314 4559 479 4610 discordent.‘⁴
504 4561 540 4608 (Ξῖ.
559 4576 620 4624 quae
638 4561 748 4609 adnotari
759 4562 787 4611 de
797 4563 874 4625 signi·
925 4565 1026 4628 Apolog.
1046 4580 1096 4626 cap.
1108 4563 1148 4612 38.

314 4629 384 4678 tlcatu
408 4626 472 4676 verbi
495 4630 638 4678 subsuibere
668 4627 697 4677 ad
729 4627 762 4677 lie
787 4629 873 4680 ldolol.
959 4632 976 4680 l.
995 4631 1075 4679 oblata
1099 4626 1195 4695 acerra]
1223 4631 1259 4680 ct.
1284 4630 1514 4697 llesld.·lderald.·

314 4711 366 4760 cap.
378 4693 418 4743 23.
926 4697 957 4747 ad
974 4697 1074 4761 Apolog.
1095 4712 1146 4761 cap.
1159 4697 1182 4746 9.
1201 4712 1226 4761 p.
1236 4697 1278 4747 63.

348 4780 369 4813 c.
387 4756 509 4826 plagiarii]
528 4762 564 4812 ct
583 4761 769 4813 Desidllerald.
788 4763 818 4814 ad
829 4763 875 4813 lr-

314 4832 370 4881 uob.
389 4845 413 4895 p.
426 4828 484 4879 103.
