3242 5775
525 677 675 723 musaeus
697 680 871 731 rumorosus
893 685 951 730 ua.
967 687 998 732 n.
1117 647 1125 663 ’
1292 685 1353 749 tta

196 829 250 900 aul,
280 828 496 909 praescribens
525 829 639 891 scilieet
659 831 870 910 paenitentiam
899 837 1122 899 contessionem
1148 859 1255 920 sapere
1283 848 1352 911 mali

197 930 264 1009 peris
284 930 413 992 abbatius
436 929 484 991 vel
507 930 631 990 erroris.
675 929 791 992 Porro·
819 951 880 994 non
910 953 1039 1016 semper.
1088 938 1195 1002 Evenit
1217 946 1296 1008 enim
1319 949 1350 1010 in

196 1031 255 1092 onis
274 1031 357 1092 lactis
381 1031 585 1111 paenitentiae
613 1032 765 1093 contessio
787 1034 825 1094 ad
846 1034 985 1098 invidiam
1014 1046 1044 1098 et
1071 1038 1350 1119 ⁴exprobrationem

196 1135 232 1194 ias
248 1133 298 1213 qui
319 1131 462 1194 beneficii
484 1130 641 1210 ingratus*
663 1132 809 1206 extiterit,
839 1134 916 1196 sicut
945 1145 975 1197 et
996 1145 1067 1200 tuuc
1087 1140 1164 1201 circa
1187 1161 1349 1220 personam

197 1233 259 1295 dis
279 1231 491 1294 honorandam
515 1233 706 1294 annuntiatur
727 1252 745 1294 a
767 1243 916 1308 creatore,
940 1236 989 1315 qui
1013 1227 1073 1300 non
1096 1239 1260 1319 deliquerat
1281 1267 1347 1310 cum

197 1334 280 1395 mun
301 1334 434 1395 assumit
455 1334 486 1394 iu
509 1352 634 1413 regnum
656 1342 686 1394 et
709 1343 813 1395 sancto
836 1336 941 1416 spiritu
963 1345 1068 1416 auget3
1100 1343 1245 1418 optimum
1268 1348 1347 1409 enim

197 1434 271 1508 flac,
294 1435 411 1515 qualis,
434 1433 546 1513 inquit,
576 1452 638 1494 non
661 1434 776 1496 eratin
799 1435 866 1497 liliis
890 1436 1026 1510 israelis,
1049 1440 1224 1518 dignissime
1246 1444 1346 1509 ‘adle-

196 1546 254 1611 ,arat
276 1536 339 1598 Sed
352 1536 430 1596 ‘nec
445 1535 631 1614 ignoraverat
645 1535 686 1596 ita
701 1534 906 1597 'eventurum
935 1537 1028 1598 Nemo
1045 1540 1124 1600 enim
1141 1549 1170 1602 te
1185 1544 1348 1607 sustinebit

197 1635 424 1716 qrravidentiam
447 1635 664 1697 adscribentem
693 1636 749 1695 deo
779 1636 806 1697 ei
830 1655 917 1716 quem
940 1637 1027 1698 deum
1050 1656 1110 1699 non
1134 1659 1246 1720 negans
1270 1662 1345 1705 con·

196 1737 260 1799 tata
281 1746 313 1797 et
332 1736 503 1816 providum.
548 1736 628 1798 llaec
649 1737 728 1796 euim
751 1736 791 1797 illi
814 1737 936 1816 propria
948 1737 1096 1800 divinitas
1118 1752 1245 1803 constat.
1286 1743 1344 1805 Sed

196 1837 277 1899 dm
298 1838 410 1899 tactum
432 1836 546 1909 Saulis,
579 1846 613 1898 ut
641 1837 716 1909 dixi,
747 1838 889 1899 onerabat
911 1839 1110 1917 paenitentiae
1132 1859 1204 1901 suae
1224 1844 1346 1922 proles·
1425 1837 1429 1844 ’

197 1938 272 2011 sitae,
291 1956 380 2017 quam
402 1946 523 1999 vacante
545 1937 651 1998 delicto
669 1938 746 1999 circa
761 1939 859 2000 Saulis
875 1938 1069 1999 adlectionem
1092 1958 1278 2020 consequens
1300 1951 1347 2004 est

200 2037 345 2100 'urdiosam
365 2039 469 2119 potius
492 2038 636 2116 intellegi,
658 2056 719 2099 non
734 2040 936 2101 criminosam.
971 2039 1062 2112 Ecce,
1085 2039 1202 2120 inquis,
1225 2040 1344 2104 ⁸crimi-

203 2155 277 2200 na
296 2158 359 2201 eam
381 2140 583 2201 animadverto
606 2140 682 2200 circa
697 2139 858 2212 Ninivitas,
881 2140 998 2201 dicente
1021 2140 1166 2219 scriptura
1182 2141 1287 2214 lonae,
1308 2141 1485 2214 lituorum

207 2239 314 2316 nituit
333 2240 486 2301 dominum
509 2240 547 2300 de
569 2240 678 2300 malitia
706 2258 793 2319 quam
817 2240 931 2302 dixerat
958 2242 1103 2302 iacturum
1132 2241 1261 2312 saillis,
1291 2259 1347 2304 nec

211 2338 261 2400 ld.
296 2341 376 2402 Sicut
397 2349 427 2402 et
448 2341 514 2421 ipse
536 2340 625 2401 lonas
654 2341 690 2400 ad
711 2340 898 2413 ⁹dominnm,
928 2341 1090 2421 Propterea
1111 2341 1250 2420 praeveni
1272 2360 1473 2422 pro-rannus.
1516 2404 1520 2416 ,

215 2437 281 2517 he
309 2442 337 2501 in
364 2442 495 2512 Tarsos,
538 2441 617 2520 quia·
639 2459 836 2519 cognoveram
867 2451 897 2502 te
932 2442 1029 2503 ¹⁰esse
1061 2441 1286 2504 misericordem
1318 2450 1348 2503 et

219 2538 427 2615 fluescentem,
450 2542 611 2623 patientem
635 2550 664 2603 et
677 2543 696 2573 ¹¹
704 2541 865 2621 plurimum
887 2542 1123 2615 misericordiae,
1146 2542 1345 2621 paenitentem

223 2638 359 2703 damn.
393 2643 474 2704 Rene
498 2643 588 2721 igitur
609 2643 688 2722 quod
711 2643 865 2722 praemisit
887 2644 990 2722 optimi
1006 2642 1054 2704 dei
1075 2643 1206 2717 titulum,
1229 2642 1347 2722 patien-

224 2736 295 2803 tiuhi
316 2743 421 2804 seilicet
451 2761 544 2822 super
579 2742 672 2803 malos
708 2754 738 2803 et
766 2742 1038 2804 ¹'abundantissimi
1066 2739 1290 2804 misericordiae
1319 2753 1350 2805 et

227 2838 375 2904 maenis
398 2862 489 2924 super
510 2853 707 2922 agnoscentes
731 2853 761 2906 et
783 2845 993 2924 deplangentes
1016 2843 1120 2906 delicta
1143 2862 1213 2917 sua,
1247 2844 1348 2923 quales

229 2946 272 3001 ht
286 2943 418 3007 liinivitae.
463 2946 495 3006 Si
519 2945 597 3005 enim
620 2946 750 3024 optimus
773 2946 824 3024 qui
847 2946 930 3017 talis,
959 2945 996 3006 de
1024 2944 1082 3006 isto
1111 2946 1196 3025 prius
1219 2945 1349 3006 cessisse

233 3036 320 3115 tacto,
336 3065 392 3106 non
414 3055 585 3126 competere
608 3046 637 3106 in
661 3046 763 3118 talem,
786 3045 816 3105 id
839 3053 885 3106 est
906 3045 936 3105 in
959 3043 1120 3122 optimum,
1144 3045 1258 3105 ¹³etiam
1282 3064 1347 3105 ma-

234 3134 462 3208 !iaeaoncursum.
516 3147 554 3206 Et
581 3147 648 3224 quia
679 3147 737 3205 ¹‘et
759 3146 887 3206 Marcion
918 3145 1048 3207 defendit
1073 3145 1211 3205 arborem
1241 3145 1349 3204 bonam

237 3238 409 3326 *qnoque
437 3250 552 3308 fructus
580 3265 641 3306 non
670 3246 758 3305 licere
785 3246 966 3324 producere,
1001 3245 1053 3304 sed
1083 3245 1221 3304 malitiam
1251 3253 1349 3305 tamen

239 3342 359 3419 hinnit,
389 3348 466 3426 quod
489 3349 620 3426 optimus
643 3365 703 3406 non
731 3348 824 3425 capit,
858 3344 1000 3421 numquid
1029 3344 1124 3421 aliqua
1145 3344 1351 3419 interpretatio

243 3437 418 3508 wedam
447 3467 549 3509 earum
577 3447 751 3506 malitiarum
781 3445 1042 3522 intellegendarum
1072 3459 1147 3518 quae
1176 3441 1294 3518 possint
1323 3447 1353 3498 et

198 3614 200 3622 ,
245 3534 378 3620 hulmum
398 3546 629 3609 decucurrisse?
673 3546 783 3607 Subest
807 3554 916 3607 autem.
961 3541 1092 3603 Dicimus
1115 3540 1243 3618 denique
1266 3539 1352 3599 mali-

198 3665 202 3691 ὁ
248 3632 286 3699 fi
298 3662 357 3708 tvnc
373 3649 526 3727 significari
549 3667 609 3708 non
632 3666 706 3725 quae
722 3646 757 3707 ad
774 3655 908 3706 naturam
925 3643 1076 3721 redigatur
1092 3641 1244 3712 creatoris,
1268 3639 1353 3718 quasi

199 3805 203 3828 ,
250 3736 292 3810 ἢ
306 3747 346 3806 ted
363 3767 430 3828 quae
452 3750 488 3810 ad
511 3757 699 3828 potestatem,
724 3748 808 3826 quasi
828 3744 950 3819 iudicis;
973 3743 1136 3804 secundum
1152 3759 1239 3819 quam
1256 3759 1353 3801 enun-

251 3833 304 3911 ἦ,
318 3844 366 3925 Ego
386 3868 446 3911 sum
469 3851 519 3930 qni
540 3849 637 3909 condo
652 3848 743 3920 mala,
766 3858 811 3918 et,
835 3846 909 3906 Ecce
933 3862 987 3922 ego
1010 3844 1113 3904 emitto
1136 3844 1166 3902 in
1189 3859 1243 3900 vos
1267 3838 1351 3910 mala,
1359 3832 1508 3932 ¹¹0⁹s⁸q¹v¹qvlq⁷q

199 3930 206 3975 ί
253 3946 444 4021 *amatoria
477 3950 530 4010 sed
560 3949 681 4021 ultoria,
714 3965 840 4026 quorum
869 3945 940 4005 satis
970 3944 1124 4005 diluimus·
1153 3941 1301 4002 inlamiam
1324 3947 1356 3999 ut

255 4048 406 4115 witon
427 4051 524 4111 iudici.
564 4049 646 4109 Sicut
668 4057 782 4120 autem,
805 4047 873 4107 licet
895 4046 970 4106 mala
993 4045 1144 4112 dicantur,
1167 4059 1227 4100 non
1250 4057 1354 4117 repre-

198 4176 210 4216 ,
256 4126 364 4205 fletur
380 4149 406 4209 iu
425 4150 535 4222 iudice,
559 4168 614 4210 nec
630 4149 687 4208 boc
701 4148 822 4208 nomine
839 4166 894 4207 suo
917 4138 1025 4205 malum
1042 4143 1167 4204 iudicem
1184 4140 1356 4209 ostendunt,

199 4249 210 4280 ¹
259 4228 409 4308 'flflnalitia
435 4251 505 4310 baec
532 4251 590 4310 erit
611 4249 805 4328 intellegenda
836 4265 916 4308 nunc
938 4263 1011 4324 quae
1034 4263 1068 4303 ex
1091 4242 1149 4302 illis
1172 4240 1256 4301 malis
1278 4237 1357 4298 iudi-¹

199 4314 212 4350 '
1359 4342 1361 4346 .

261 4344 467 4417 *wuston
519 4369 704 4428 beligeratl.
758 4366 781 4415 6.
801 4381 831 4415 na
848 4366 891 4414 AB.
939 4363 962 4412 i.
982 4372 1105 4411 venturum
1124 4363 1147 4409 Α.
1173 4398 1179 4406 .
1201 4358 1224 4408 8.
1244 4357 1360 4405 crimino-

199 4448 213 4482 1
262 4424 370 4493 .βῦ-
405 4432 427 4482 9.
445 4436 565 4483 domiuum
586 4438 621 4484 cd.
643 4437 765 4483 Vaticanus
783 4450 851 4481 auus.
888 4432 958 4480 deum
978 4431 1069 4493 reliqui.
1125 4427 1162 4474 10.
1183 4422 1359 4495 tuncillll·
1431 4456 1434 4462 .

199 4508 214 4541 ·¹
263 4478 438 4549 “lutatus
484 4502 521 4551 tt.
542 4503 764 4551 abundantissimae
786 4502 907 4549 Vaticanus
925 4515 993 4547 uuus.
1038 4494 1075 4544 13.
1095 4503 1118 4543 et
1135 4495 1178 4543 ΑΒ.
1216 4491 1255 4540 tt.
1275 4499 1361 4538 et'om.

265 4546 380 4611 ΗΜ
394 4581 454 4617 nas.
506 4570 543 4618 15.
564 4571 635 4619 etiam
655 4584 737 4618 earum
757 4569 792 4617 ed.
817 4568 936 4616 Vaticanus
955 4581 1023 4614 uuus.
1059 4575 1141 4611 earum
1160 4561 1253 4623 reliqui.

199 4710 221 4757 a
285 4680 391 4745 tulii.
424 4715 442 4748 a.
465 4699 551 4768 Porro]
581 4705 625 4762 at,
651 4701 748 4750 atenim.
800 4696 923 4762 ingrato.“
962 4698 1017 4746 Λᾶν.
1043 4695 1157 4743 Marcion.
1184 4688 1281 4748 nuti
1313 4684 1363 4759 „qb

271 4736 423 4814 ul¹¹0adaott
444 4769 471 4817 ad
489 4771 521 4818 lle
539 4773 634 4819 Corona
661 4767 748 4831 oapi.
803 4770 924 4830 utriusque
941 4766 1102 4828 promissionis
1120 4755 1252 4821 inprotos.“
1277 4749 1363 4812 Veiiss·

289 4812 504 4901 utariturrugratus]
520 4840 609 4887 Graeca
621 4845 750 4884 structura.
804 4838 861 4883 len.
880 4834 907 4890 ll,
921 4832 970 4880 666
988 4834 1114 4892 „irrgvutus
1133 4820 1245 4875 saiuti5.“

277 4876 334 4943 ᾖ·
346 4898 417 4954 t'bil
433 4904 513 4960 „illius
531 4914 567 4952 est
586 4919 626 4953 rea
646 4907 711 4953 cuitu
730 4911 753 4950 et
840 4917 860 4950 c.
879 4903 938 4950 satis
957 4893 1083 4958 diluimus]
1102 4895 1180 4955 Supra
1200 4903 1253 4950 cap.
1269 4885 1308 4935 14.

296 4961 400 5023 lurtuun
412 4996 456 5029 arr.
467 5000 502 5031 an.
512 5001 610 5033 oratur.
629 4988 730 5032 Tenuit.
1197 4971 1213 5020 8
