3242 5775
291 598 333 662 58
570 581 671 666 omnm
694 616 826 659 serrum
848 617 1013 659 rconenrrs
1037 613 1232 661 rennuerunt

289 773 407 826 constat
427 783 512 839 esse,
546 784 581 827 ex
609 766 667 826 boc
688 765 754 844 ipso
783 774 900 827 constat
932 766 1011 846 quod
1043 784 1194 845 npnquam
1222 766 1312 828 tuerit
1333 766 1366 846 igr

289 866 358 928 ideo
381 883 437 926 nec
457 866 598 934 incertus.

118 1046 120 1049 Ι
183 985 237 1041 cap.
246 984 272 1029 1.
375 967 528 1045 Siquidem
549 986 566 1028 a
587 967 751 1046 primordio
773 987 872 1029 rerum
895 968 1149 1030 conditorearum
1166 986 1232 1029 cum
1254 968 1366 1047 ipsisp

289 1076 461 1149 compertus
490 1076 553 1141 cst,
587 1068 662 1148 ipsis
685 1069 720 1130 ad
743 1069 800 1130 boc
821 1070 944 1148 prolatis
967 1079 999 1130 ut
1021 1070 1094 1131 deus
1117 1079 1360 1148 cognosceretur.

196 1222 203 1231 .
288 1168 368 1230 onim
390 1168 417 1229 si
438 1169 587 1248 aliquanto
609 1170 760 1248 posterior
781 1170 898 1250 Moyses
921 1170 1035 1249 primus
1056 1170 1172 1232 videtur
1195 1170 1225 1230 in
1249 1171 1359 1250 templo

287 1287 387 1330 rarum
409 1288 531 1331 suarum
554 1270 641 1331 deum
657 1270 758 1330 mundi
774 1270 956 1344 dedicasse·‚
979 1271 1089 1332 idcirco
1105 1271 1331 1333 aPentateucbo
1347 1288 1366 1331 n

287 1370 445 1449 agnitionis
461 1371 715 1450 supputabuntur,
739 1389 805 1431 cum
821 1378 900 1434 totus
920 1372 1029 1451 'Moysi
1052 1371 1138 1433 stilus
1161 1372 1295 1433 notitiam
1318 1390 1366 1433 cre

286 1488 348 1532 non
370 1472 520 1545 instituat,
555 1471 607 1532 sed
630 1490 646 1532 a
667 1472 831 1551 primordio
856 1481 972 1533 enarret
999 1492 1015 1533 a
1043 1473 1182 1552 paradiso
1206 1482 1234 1534 et
1254 1473 1365 1545 Adam,

286 1572 323 1633 ab
351 1572 481 1652 Aegypto
510 1582 539 1633 et
566 1574 665 1652 Moyse
698 1572 921 1647 recensendam,
970 1572 1123 1654 Deniqueb
1151 1574 1246 1635 maior
1276 1572 1366 1652 popul

286 1673 406 1751 generis
428 1673 575 1745 humani‘‚
597 1692 635 1734 ne
658 1673 787 1734 nominis
810 1674 929 1753 quidem
951 1674 1062 1754 ’Moysi
1085 1681 1255 1753 compoteS,
1278 1674 1366 1735 nedm

287 1774 459 1846 strumenti,
492 1774 579 1835 deum
600 1772 711 1853 'Moysi
739 1782 837 1836 tamen
867 1784 994 1847 norunl;
1027 1774 1114 1837 etiam
1136 1774 1264 1836 ‘tanum
1293 1774 1366 1836 idol<

286 1875 518 1938 dominationem
541 1874 735 1937 obumbrante
762 1894 902 1937 seorsum
922 1884 1020 1937 tamen
1043 1876 1124 1937 illum
1146 1876 1231 1955 quasi
1253 1875 1366 1955 proprii

285 1978 365 2040 mine
387 1977 475 2038 deum
495 1975 655 2055 perhibent
682 1984 712 2037 et
738 1977 826 2038 deum
855 1978 995 2050 deorum,
1018 1985 1062 2051 et,
1095 1976 1127 2038 Si
1157 1977 1231 2038 deus
1261 1976 1366 2038 dederi

287 2078 373 2152 Quod
402 2077 458 2138 deo
485 2078 597 2155 placet,
627 2085 671 2150 et,
709 2076 770 2138 lieo
800 2078 986 2138 commendo.
1036 2077 1108 2139 Vide
1135 2097 1172 2139 an
1195 2078 1366 2138 noverint⁸

285 2180 401 2241 ‘omnia
422 2197 515 2258 posse
536 2185 690 2239 testantur.
734 2178 795 2238 Nec
816 2179 874 2239 hoc
895 2179 962 2239 ullis
984 2178 1095 2258 'Moysi
1116 2178 1201 2240 libris
1225 2179 1342 2239 debent.

285 2281 381 2343 anima
403 2299 491 2359 quam
512 2278 677 2359 prophetia.
730 2279 852 2340 Animae
881 2280 959 2352 enim
982 2300 998 2340 a
1020 2280 1184 2359 primordio
1207 2279 1366 2340 conscienti

285 2383 341 2444 dos
364 2377 430 2452 est;¹
451 2380 552 2441 eadem
576 2398 631 2439 nec
652 2378 706 2440 alia
730 2388 759 2441 et
781 2380 811 2441 in
833 2380 981 2459 Aegyptiis
1005 2390 1034 2440 et
1056 2381 1087 2441 in
1110 2379 1192 2459 Syris
1215 2388 1245 2441 et
1266 2381 1296 2440 in
1314 2380 1366 2441 Por

284 2483 478 2544 'ludaeorum
502 2483 580 2543 enim
602 2481 689 2542 deum
705 2482 822 2555 dicunt,
845 2481 959 2542 animae
974 2480 1091 2542 deum‘l.
1119 2481 1203 2554 Noli,
1226 2480 1366 2543 ”barbare

261 2583 393 2654 retice,
426 2583 556 2661 priorem
579 2582 724 2643 Abraham
753 2581 933 2644 constituere
961 2600 1047 2661 quam
1076 2583 1227 2644 mundum.
1282 2582 1348 2644 Etsi

283 2682 410 2745 familiae
431 2681 506 2743 deus
528 2683 634 2743 luisset
655 2692 786 2755 creator,
810 2692 909 2744 tamen
930 2683 1081 2763 posterior
1103 2691 1154 2745 tuo
1177 2701 1238 2744 non
1261 2692 1339 2755 erat,

282 2783 414 2846 Ponticis
437 2791 505 2844 ante
534 2802 601 2844 eum
629 2792 730 2844 notus.
779 2783 886 2862 decipe
909 2784 1029 2862 ¹⁰igilur
1049 2784 1085 2845 ab
1108 2793 1298 2846 antecessore
1320 2785 1366 2845 lor

283 2896 403 2947 acerto
428 2884 599 2957 ¹¹incertus‚
633 2904 649 2945 a
678 2886 796 2963 cognito
824 2886 1003 2964 incognitus.
1056 2887 1212 2965 Nunquam
1244 2886 1318 2947 deus
1346 2886 1366 2948 lt

282 3005 433 3066 nonquam
455 2987 528 3048 dens
543 2986 647 3047 deerit.
681 2986 806 3066 Semper
822 2986 1044 3067 ¹²intellegetur,
1068 3005 1186 3065 semper
1201 2986 1345 3060 audietur,

281 3086 444 3160 ridebitur,
467 3088 618 3166 quomodo
642 3088 728 3148 volet.
772 3088 870 3168 Habet
889 3089 963 3149 deus
987 3088 1171 3160 testimonia,
1195 3095 1290 3148 totum
1305 3089 1365 3150 boc

284 3206 389 3250 sumus
412 3196 442 3250 et
463 3189 492 3248 in
515 3207 574 3267 quo
597 3207 711 3250 sumus.
755 3187 805 3249 Sic
826 3189 968 3268 probatur
988 3196 1019 3249 ct
1040 3188 1113 3249 deus
1134 3197 1164 3248 et
1186 3205 1280 3261 unus,
1303 3188 1366 3250 dun

283 3287 452 3369 ignoratur,
476 3289 533 3350 alio
555 3288 651 3350 adbuc
672 3289 791 3367 probari
814 3290 977 3351 laborante.

164 3410 265 3469 capnt.
367 3390 404 3451 Et
426 3390 548 3464 merito,
571 3390 717 3469 inquiunt.
752 3390 827 3462 Quis
850 3390 928 3450 enirn
951 3408 1012 3450 non
1034 3397 1093 3450 tam
1115 3388 1178 3449 suis
1200 3396 1291 3449 notus
1308 3396 1356 3451 est

280 3490 454 3552 extraneis?
486 3491 590 3552 Nemo.
629 3491 731 3552 Teneo
754 3500 784 3551 et
804 3490 882 3551 banc
902 3509 1014 3551 vocem.
1057 3490 1149 3562 Quale
1172 3498 1219 3551 est
1240 3489 1321 3550 enirn
1343 3508 1366 3553 n·

281 3591 351 3670 quid
374 3599 544 3652 extraneum
568 3591 625 3653 deo
648 3592 704 3666 sit,
732 3590 780 3653 cui
801 3590 875 3651 nibil
898 3598 1071 3651 extraneum
1093 3598 1189 3662 esset,
1211 3589 1237 3651 si
1260 3591 1326 3669 quis
1350 3610 1366 3653 e

280 3688 349 3769 quia
377 3689 424 3750 dei
454 3690 512 3749 boc
540 3698 603 3763 est,
637 3691 736 3753 omnia
764 3689 843 3753 illius
870 3709 936 3752 esse
960 3699 991 3752 et
1012 3690 1110 3751 omnia
1132 3690 1168 3751 ad
1190 3690 1272 3752 illum
1293 3692 1366 3770 perti

349 3874 407 3938 Cap.
426 3873 453 3923 tt,
491 3874 513 3922 l.
532 3873 605 3924 llosis
623 3877 646 3924 d.
687 3873 711 3925 2.
730 3875 805 3925 llosis
821 3877 844 3925 d.
886 3873 910 3925 3.
929 3875 1002 3924 llosis
1020 3877 1043 3924 d.
1085 3875 1109 3924 d.
1127 3883 1216 3924 tantam
1234 3875 1366 3927 idololatria

280 3941 391 3992 lolatriae
410 3941 444 3999 C.)
461 3941 649 3991 dominationem
669 3944 708 3992 Cd.
751 3952 815 3992 tante
840 3942 990 3992 idololatriae
1014 3942 1160 4001 (idololatria
1178 3945 1240 4003 abc.)
1264 3944 1366 3993 domino

278 4010 365 4060 lotoe.
418 4008 442 4057 o.
460 4022 522 4072 quae
539 4012 565 4059 A.
625 4010 649 4059 6.
668 4008 778 4059 comioda
797 4012 822 4059 Β.
865 4010 945 4059 omida
963 4012 988 4060 l.
1042 4010 1065 4059 i.
1084 4009 1157 4058 ldosis
1182 4011 1214 4071 d,
1239 4012 1366 4076 obiectuque

280 4082 426 4127 annotarem.
478 4075 502 4125 8,
521 4075 663 4126 ludaeorum
683 4078 746 4127 enim
765 4079 837 4127 deum
856 4077 937 4127 dicunt
955 4078 1049 4126 animae
1067 4077 1138 4125 deum
1157 4077 1277 4129 cclcc.
1313 4078 1366 4129 ben

278 4144 363 4194 dectus
380 4142 502 4193 Montes
518 4146 616 4207 primum
634 4146 799 4195 todornensi.
843 4144 867 4194 9.
886 4140 1015 4194 barbaram
1033 4144 1077 4194 ln.
1124 4143 1162 4192 ll).
1182 4159 1239 4207 ergo
1257 4143 1302 4194 AB.
1340 4145 1366 4195 ll

277 4219 317 4261 tus
334 4210 378 4260 BG.
433 4209 471 4258 12.
490 4211 630 4272 intelligitur
646 4211 708 4260 ΛΜ.

313 4344 371 4406 Cap.
392 4343 418 4392 Χ.
454 4359 475 4391 a.
494 4339 632 4408 dedicasse]
651 4344 684 4394 lte
703 4346 749 4395 boe
766 4347 839 4395 verbo
890 4344 995 4409 publica.
1013 4344 1119 4408 (Rigalt.)
1142 4344 1233 4394 Eodem
1252 4359 1366 4406 argumen

278 4412 309 4462 el.
328 4413 418 4460 adnott
437 4412 466 4460 ed
485 4413 631 4474 scorpiacen
650 4426 703 4473 cap.
715 4413 737 4460 l.
890 4421 929 4462 tor
946 4412 1110 4461 Tertullianus
1136 4412 1170 4460 lle
1188 4413 1270 4462 laima
1296 4426 1366 4475 cap.¹

890 4480 924 4528 lle
942 4479 1007 4528 Test
1025 4480 1123 4529 lnimaa
1141 4479 1212 4528 libro.

311 4511 335 4573 b.
355 4505 473 4574 lienique]
492 4513 565 4568 Adeo,
576 4511 686 4589 proinde,
696 4513 775 4572 igitur.
801 4515 839 4562 ct.
924 4545 948 4594 d·

277 4592 339 4642 qnae
357 4578 448 4626 adnott.
467 4578 496 4626 ad
512 4578 748 4642 llePodte.cap.13.
772 4581 838 4643 lpo-

277 4645 326 4708 log.
346 4643 452 4708 espll.
563 4704 566 4708 Ι

966 4547 1060 4595 animae
1079 4541 1171 4611 deum]
1190 4545 1291 4595 Carene
1304 4545 1362 4610 qnid

890 4628 1003 4676 reponas.
1039 4614 1129 4663 llorum
1149 4615 1266 4674 omnium,
1295 4613 1366 4676 inquit

889 4680 1002 4743 polorum
1022 4683 1101 4730 anima
1119 4681 1203 4730 eadem
1222 4688 1268 4740 est,
1287 4689 1311 4729 et
1328 4680 1366 4729 det

311 4761 333 4795 e.
352 4745 429 4795 maior
446 4744 596 4810 popularitas
614 4748 709 4807 generis
727 4744 838 4813 bomani]
889 4762 942 4796 rom
961 4748 1106 4797 ludaeorum
1125 4756 1161 4797 est
1179 4747 1239 4798 deas
1257 4746 1310 4811 ipse
1322 4746 1365 4797 ille

276 4813 329 4863 lloc
348 4822 384 4863 est
401 4813 507 4876 gentium
524 4816 838 4879 eonsensns5'oonscientia
891 4814 970 4866 anima
987 4821 1095 4865 testator.
