3242 5775
322 658 386 723 234
576 673 677 725 oomrx
700 671 832 716 ssrrrsrx
853 671 1020 716 ruonmrxs
1042 670 1239 716 rumetum

167 823 468 910 „mmiustorum
491 839 551 883 non
572 820 697 900 ¹'periet
717 822 747 883 in
769 822 869 883 tinem.
913 819 990 895 Quia
1018 827 1049 882 et
1076 820 1160 884 alibi:
1192 821 1386 885 Honorabilis

168 926 486 1009 2„„.‚‚v1‚24‚iustorum;
508 941 543 984 ex
566 922 720 984 tolerantia
743 923 809 984 sine
830 921 938 995 dubio,
961 922 1030 1002 quia
1052 930 1084 984 et
1103 921 1275 984 Zacharias:
1302 922 1388 985 Ceret

319 1034 380 1088 tem
402 1024 459 1085 erit
479 1024 523 1085 eis
546 1023 597 1103 qui
618 1022 817 1086 toleraverint.
850 1023 908 1085 Sed
930 1041 969 1084 ne
989 1021 1099 1085 audeas
1119 1024 1318 1102 argumentari
1341 1043 1388 1105 ape

320 1135 353 1188 ut
381 1124 503 1187 alterius
532 1125 579 1186 dei
607 1142 772 1204 praecones
801 1123 956 1185 aludaeis
985 1132 1124 1196 vexatos,
1157 1132 1307 1186 memento
1335 1143 1388 1204 pro

319 1244 438 1307 quoque
460 1223 563 1287 eadem
586 1243 604 1285 a
625 1224 741 1286 ludaeis
763 1242 872 1303 passos
895 1232 994 1286 tamen
1021 1243 1084 1286 non
1112 1224 1232 1287 alterius
1261 1225 1309 1287 dei
1340 1245 1388 1306 ape

319 1328 412 1389 luisse
434 1345 522 1406 quam
551 1325 706 1387 creatoris.
750 1325 808 1386 Sed
838 1333 1005 1388 monstrato
1037 1325 1145 1387 debinc
1166 1334 1301 1407 tempore
1329 1327 1388 1389 ²⁷⁵⁴

318 1429 388 1490 eum
407 1426 559 1506 coepisset
577 1426 677 1488 vallari
700 1425 880 1488 exercitibus
900 1426 1100 1500 Hierusalem,
1123 1427 1207 1506 signa
1229 1427 1287 1488 iam
1310 1428 1388 1489 ultim

292 1528 298 1535 ’
318 1538 451 1600 enarrat,
475 1527 551 1590 solis
572 1535 603 1589 et
616 1528 702 1589 lunae
723 1527 915 1606 siderumque
937 1527 1087 1607 prodigia,
1110 1536 1141 1589 et
1160 1526 1219 1588 ¹'in
1241 1536 1322 1590 terra
1343 1547 1388 1608 ant

319 1630 472 1692 nationum
499 1628 774 1709 obstupescentium
803 1628 884 1689 velut
912 1646 929 1688 a
962 1629 1065 1690 sonitu
1092 1629 1183 1689 maris
1213 1629 1381 1691 fluctuantis

166 1730 521 1836 ιξΙᾸγὰᾖ-’ξῐὰιιιιιιιοιιιιῑίοιιο
543 1729 760 1790 imminentium
784 1728 850 1790 orbi
861 1728 1020 1792 malorum.
1054 1729 1141 1803 Quod
1165 1737 1196 1790 et
1215 1730 1300 1809 ipsae
1323 1732 1386 1792 rire

165 1831 414 1904 rorruxnsqlorum
437 1830 554 1892 concuti
576 1829 720 1903 habeant,
743 1829 842 1908 accipe
856 1828 1011 1891 ”loelemz
1034 1828 1072 1891 Et
1092 1828 1169 1892 dabo
1191 1831 1325 1911 prodigia
1347 1833 1378 1893 in

319 1941 349 1993 et
369 1931 400 1992 iu
424 1938 502 1991 terra
524 1931 700 2009 sanguinem
721 1938 752 1992 et
772 1927 871 2009 ignem
900 1938 930 1992 et
951 1930 1025 1991 lumi
1046 1949 1204 2010 vaporem:
1231 1933 1276 1993 sol
1303 1951 1388 1994 eenvv

319 2032 349 2092 in
371 2031 510 2093 tenebras
533 2039 564 2094 et
578 2032 608 2092 in
623 2031 796 2110 sanguinem
812 2032 898 2103 luna,
921 2030 1094 2110 priusquam
1108 2030 1274 2095 ³¹adveniat
1288 2034 1353 2095 dies
1368 2051 1388 2095 n

196 2133 297 2240 11111·ξῇ
320 2140 350 2194 et
376 2133 499 2195 illustris
528 2132 651 2193 domini.
700 2131 798 2193 llabes
828 2140 859 2193 et
885 2130 1045 2193 ”tbacucz
1078 2132 1264 2194 Fluminibus
1292 2134 1388 2196 dismr

226 2216 232 2236 ⁸
299 2216 416 2306 terra,
439 2232 580 2295 ridebunt
602 2243 646 2306 te,
669 2244 699 2296 et
720 2223 887 2313 parturient
907 2232 1027 2312 populi:
1049 2232 1231 2312 ”disperges
1254 2253 1346 2313 aquas
1369 2253 1388 2314 g

318 2334 398 2396 dedit
419 2334 543 2414 abyssus
566 2353 674 2397 sonum
697 2353 801 2406 suurn,
832 2334 997 2395 sublimitas
1027 2333 1144 2395 timoris
1166 2333 1231 2396 eius
1260 2334 1334 2397 elata
1355 2354 1388 2398 es

320 2446 350 2496 et
369 2435 439 2497 luna
460 2436 595 2497 constitit
609 2435 639 2497 in
655 2454 711 2497 suo
727 2435 847 2508 ordine,
870 2435 901 2496 in
916 2435 1011 2497 lucem
1026 2434 1279 2497 ”coruscationes
1297 2444 1364 2497 tuae
1378 2436 1388 2497 i

317 2536 348 2596 in
369 2535 545 2615 ”fulgorem
565 2535 693 2614 ”fulgur
714 2544 830 2597 scutum
854 2544 952 2597 tuum:
974 2535 1005 2596 in
1028 2535 1257 2597 comminatione
1279 2545 1329 2597 tua
1344 2536 1388 2600 dir

318 2645 444 2708 terram,
466 2644 496 2695 et
517 2635 547 2694 in
569 2636 771 2712 indignatione
792 2645 843 2697 tua
864 2635 997 2713 depones
1020 2635 1168 2695 nationes.
1198 2635 1387 2698 Conveniunt

301 2754 389 2808 nor,
417 2744 446 2798 et
468 2733 581 2796 domini
602 2734 860 2813 pronuntiationes
889 2743 920 2795 et
940 2734 1151 2814 prophetarum
1179 2736 1217 2796 de
1244 2736 1388 2799 concussit

316 2835 418 2899 mundi
441 2841 472 2898 et
493 2834 575 2897 orbis
597 2834 811 2898 elementorum
827 2842 857 2897 et
871 2834 1034 2897 nationum.
1068 2835 1141 2898 Post
1155 2835 1229 2898 haee
1242 2835 1313 2915 quid
1328 2838 1388 2900 don

182 2939 297 3035 ῑιίγξθξῐι
316 2937 354 2997 Et
376 2945 445 2999 tuuc
465 2935 608 3005 videbunt
627 2935 719 2996 lilium
741 2936 872 2997 bominis
894 2936 1061 2997 venientem
1089 2936 1127 2997 de
1155 2937 1244 2998 melis
1272 2956 1338 2999 cum
1366 2958 1388 3020 p

318 3037 434 3099 virtute.
479 3035 552 3098 Cum
574 3046 672 3098 autem
694 3037 767 3098 baec
788 3036 876 3111 dent,
905 3037 1025 3116 erigetis
1048 3055 1118 3109 vos,
1149 3046 1178 3097 et
1199 3036 1222 3069 ³¹
1228 3037 1364 3101 levabitis
1386 3074 1388 3091 ι

163 3139 458 3219 nte.;v.ae.eo.quoniam
493 3136 768 3225 ”appropinquarit
798 3138 964 3217 redemptio
998 3147 1113 3211 vestra,
1151 3138 1181 3198 in
1215 3146 1350 3218 tempore
1378 3160 1388 3203 s

175 3259 296 3305 rutenae.
315 3239 416 3318 regni,
448 3239 486 3300 de
506 3257 566 3319 quo
588 3237 750 3299 ”subiecta
771 3239 829 3299 erit
851 3239 916 3319 ipsa
937 3237 1087 3317 parabola.
1132 3238 1163 3299 Si
1188 3248 1218 3298 et
1239 3258 1295 3300 ros
1318 3259 1386 3302 eum

314 3340 383 3404 ritis
405 3340 505 3402 omnia
526 3340 599 3400 baec
620 3339 701 3413 fieri,
734 3339 841 3400 scitote
868 3338 1125 3420 appropinquasse
1154 3356 1278 3417 regnum
1301 3342 1360 3403 dei.

316 3443 372 3504 erit
393 3442 457 3504 dies
479 3459 605 3521 maguus
627 3439 741 3502 domini
764 3448 794 3501 et
814 3439 940 3501 illustris
962 3439 1107 3501 venientis
1122 3441 1160 3501 de
1174 3440 1264 3501 caelis
1281 3442 1332 3503 biii
1347 3443 1388 3504 leo

163 3543 476 3614 o...v11‚1³.secundum
492 3541 659 3604 Danielem:
681 3541 756 3602 Ecce
778 3559 844 3601 cum
868 3540 941 3601 caeli
962 3540 1092 3602 nubibus
1109 3549 1246 3619 tanquam
1266 3542 1346 3605 filius
1362 3544 1388 3605 lu

186 3647 301 3741 bfflssb
315 3622 476 3723 adveniens
498 3650 528 3702 et
549 3651 656 3704 cetera.
690 3641 728 3702 Et
748 3640 816 3702 data
838 3648 886 3702 est
907 3640 947 3701 illi
968 3642 1050 3720 regia
1064 3649 1212 3720 potestas,
1236 3662 1324 3722 quam
1348 3644 1379 3705 in

244 3710 279 3752 Ἠ
314 3742 382 3803 bola
402 3735 606 3822 postulaturus
630 3742 756 3814 exierat,
779 3741 881 3802 relicta
903 3742 1027 3820 pecunia
1050 3742 1160 3815 servis,
1187 3730 1244 3822 que
1266 3743 1388 3807 “lenem

200 3847 296 3899 reue.
315 3851 344 3903 et
366 3842 522 3904 universae
544 3843 698 3914 nationes,
721 3860 795 3921 quas
817 3843 997 3921 promiserat
1019 3844 1047 3904 ei
1069 3842 1099 3903 in
1117 3843 1232 3922 psalmo
1247 3855 1347 3924 pater:
1367 3845 1388 3909 P

315 3941 351 4003 de
373 3960 438 4016 me,
472 3949 503 4003 et
530 3941 607 4003 dabo
636 3942 690 4003 tibi
711 3951 821 4021 gentes
849 3943 1060 4005 haereditatem
1081 3952 1177 4005 tuam:
1214 3944 1254 4006 Et
1273 3946 1368 4025 gloria

314 4094 354 4143 tt.
373 4094 462 4158 peribit
479 4096 502 4145 d.
554 4094 619 4145 lib.
637 4095 754 4144 excidium
773 4095 895 4159 coepisset
912 4095 956 4146 BG.
1000 4094 1041 4145 28.
1060 4096 1122 4145 inter
1140 4097 1262 4158 angustias
1281 4097 1340 4148 lide.
1381 4090 1388 4148 ¹.

313 4166 478 4226 expectatione
497 4163 581 4213 Cobed.
622 4178 666 4226 per
683 4164 872 4221 expectationem
892 4164 917 4212 ll.
961 4170 1020 4226 pree
1047 4164 1211 4227 expectatione
1235 4165 1322 4215 smter
1339 4166 1388 4217 et

314 4231 395 4281 Nescio
413 4233 482 4280 unde.
524 4229 789 4281 summonitores.
831 4229 871 4279 3Ι.
891 4231 999 4279 adveniet
1017 4232 1039 4279 d.
1083 4230 1308 4282 32bbscucobed.
1344 4234 1388 4281 aba

313 4295 392 4346 tbaed
411 4299 432 4347 G.
486 4297 527 4347 33.
546 4298 685 4358 dispergent
703 4300 740 4347 ob.
776 4296 919 4360 dispergens
938 4298 980 4347 bc.
1024 4297 1063 4347 34.
1083 4299 1264 4347 coruscationes
1283 4316 1302 4349 e.
1339 4315 1389 4349 corr

313 4365 350 4414 nis
369 4366 456 4415 bcebd.
493 4366 702 4414 circumstationes
724 4365 845 4415 Vaticanus
862 4380 931 4415 unua.
982 4365 1024 4415 35.
1043 4366 1163 4428 fulgurem
1181 4365 1208 4414 B.
1257 4364 1299 4416 36.
1318 4366 1388 4429 lulqu:

317 4433 438 4480 Voticonur
455 4439 558 4495 uterque.
594 4431 674 4490 lulqor
691 4433 728 4480 ob.
763 4433 865 4493 fulguris
882 4433 1019 4496 leopoldus.
1061 4432 1102 4481 et.
1120 4433 1252 4482 elevabitur
1270 4434 1295 4482 B.
1337 4432 1378 4485 38.

312 4499 435 4561 pinquauit
452 4499 489 4547 cd.
524 4497 729 4560 appropinquabit
745 4500 838 4564 reliqui.
891 4498 931 4549 39.
951 4500 1090 4550 subiectarit
1108 4499 1160 4564 ipsa
1179 4500 1305 4564 parabola,
1323 4500 1365 4552 sic
1382 4518 1388 4552 ι

314 4565 378 4614 llaec
396 4563 439 4613 BC.
492 4563 533 4613 ll.
553 4565 719 4613 [sperarentur
736 4565 850 4616 Latinius.

348 4666 371 4715 b.
389 4665 413 4714 in
432 4663 511 4713 lucem
530 4664 711 4715 coruscationes
726 4674 781 4715 ture
794 4663 873 4732 ibunt]
925 4658 1017 4716 ὅπλων
1035 4673 1120 4715 σου.“
1155 4667 1270 4718 Videlicet
1294 4668 1320 4719 iu
1342 4683 1388 4720 sue

313 4735 347 4783 lta
366 4733 425 4782 brec
442 4733 513 4781 rerba
531 4732 698 4792 distinguenda
717 4736 804 4795 putari,
831 4750 874 4785 se·
925 4735 986 4798 plari
1006 4737 1168 4785 Tertullianus
1192 4735 1306 4784 babuisse
1332 4737 1386 4787 uide

313 4803 417 4850 cundum
436 4801 525 4850 Graeca
544 4790 605 4854 „eie
623 4796 686 4863 φῶς
702 4795 806 4862 pelidae
823 4813 873 4849 coc
925 4803 1014 4865 legisse
1037 4794 1099 4860 „eir
1121 4797 1227 4869 φέγγος
1251 4793 1381 4869 ἀστραπῇ

313 4863 510 4936 πορεύσονται,
542 4860 580 4920 eir
603 4862 709 4932 φέγγος
732 4858 874 4932 ἀστραπῆς
925 4875 1007 4920 oou.“
