3242 5775
283 603 348 668 630
440 619 543 673 oumrr
565 618 698 663 ssorum
719 618 884 664 rnornurrs
906 618 1105 664 rnnrunuraur
1127 618 1165 661 nn
1186 617 1290 663 snm.
1340 640 1343 644 -

163 781 271 889 ,ΙξὲιιιὲιὰΙ
285 786 353 832 oum
374 767 541 832 oaroercm‘
562 767 660 842 illum,
682 766 799 848 ⁸'qairrus
821 767 1003 848 evangelium
1022 768 1223 841 demonstrat,
1245 767 1365 832 inlotos
1386 769 1452 832 ”in-

179 864 186 885 ’
287 870 469 950 tolegium,
501 879 532 932 et
557 869 751 931 novissimum
771 869 975 949 ,quadrantem
1001 869 1152 931 modicum
1179 888 1302 949 quoque
1324 869 1449 933 delictum

284 989 368 1036 mora
390 969 621 1034 resurrectionis
642 970 702 1032 illio
721 970 864 1034 luendum
890 970 1165 1050 ”interpretamum
1198 989 1289 1032 nemo
1319 970 1449 1034 dubitabit

284 1070 440 1134 ”animam
462 1071 571 1151 aliquid
593 1090 722 1151 pensare
742 1090 836 1151 porros
856 1072 970 1134 inluros
986 1071 1066 1134 salua
1080 1071 1311 1134 resurrectionis
1328 1071 1443 1153 plenitu-

284 1171 355 1236 dino
382 1190 437 1251 por
458 1190 577 1234 earnem
605 1191 736 1252 quoque.
785 1171 852 1234 lion
871 1172 965 1236 'ctiam
993 1171 1187 1252 ”paracletus
1217 1173 1443 1252 troquentissiuc

286 1271 518 1345 commendarit,
551 1272 578 1336 si
604 1272 684 1352 ⁸³qui
714 1290 871 1334 sormones
901 1272 965 1335 eius
994 1291 1029 1334 ex
1059 1272 1209 1351 agnitione
1238 1274 1441 1353 promissorum

234 1430 239 1449 ,
286 1373 497 1436 charismatum
518 1373 682 1436 admiserit.
726 1373 769 1435 td
792 1391 927 1447 omnem,
958 1382 991 1437 ut
1011 1372 1157 1447 arbitror,
1186 1375 1347 1437 humanam
1370 1389 1441 1453 super

284 1473 382 1538 anima
413 1473 584 1554 opinionem
613 1492 649 1535 ex
676 1473 811 1535 (lontrina
839 1474 907 1536 fidoi
936 1477 1092 1554 congressi
1123 1473 1219 1538 iustae
1248 1475 1397 1540 dumtaxat
1417 1490 1440 1535 ao

284 1574 472 1638 necessariae
493 1573 687 1637 “curiositati
709 1575 919 1637 satisfecimus.
951 1575 1074 1638 Enormi
1096 1584 1195 1639 autem
1218 1584 1248 1639 ct
1261 1576 1376 1639 otiosae
1390 1584 1440 1637 tan·

285 1682 348 1740 tum
372 1674 468 1738 deurit
488 1675 605 1739 diruere
627 1684 768 1755 quantum
790 1676 912 1739 libuerit
933 1675 1123 1756 ”inquirere

284 1857 326 1912 38.
344 1875 416 1926 quem
435 1864 466 1924 t,
486 1863 515 1912 cle
532 1862 645 1912 eumont.
663 1862 741 1912 Fuluii
751 1862 838 1914 Ursini.
879 1861 944 1928 quod
967 1862 1043 1913 succ
1105 1861 1146 1916 23.
1172 1863 1336 1927 intelligamus
1358 1867 1388 1927 t,
1403 1876 1439 1913 cas

283 1928 365 1980 luicio
385 1929 477 1980 Ursino.
535 1928 576 1978 30.
601 1930 788 1992 interpretemur
805 1931 837 1991 3.,
857 1946 908 1981 carru
924 1930 1005 1980 Fuluio
1023 1930 1115 1980 Ursino.
1173 1929 1215 1981 31.
1241 1932 1270 1981 ad
1296 1934 1395 1982 animam
1408 1929 1439 1989 ll·

284 1993 326 2046 ³2
344 1996 476 2060 paraclitus
492 1997 518 2047 Δ.
570 1995 611 2047 33.
630 1998 671 2061 qui
687 1997 713 2047 l.
748 1998 803 2061 quis
820 1998 913 2062 reliqui
966 1997 1008 2047 34.
1026 1998 1159 2048 curiositati
1177 1999 1341 2049 satisfecimus
1357 2002 1387 2059 t,
1402 2011 1440 2047 cas

283 2064 365 2114 Fuluio
375 2063 466 2114 Ursino.
501 2064 537 2114 lto
553 2067 622 2115 ctiori
639 2064 820 2115 locuuntur.
855 2065 1003 2115 curiositatis
1020 2066 1122 2115 iacimus
1139 2067 1221 2130 ΑΒΜ.
1257 2068 1397 2117 curiositatis
1411 2064 1439 2112 lu·

284 2129 413 2180 ciamusll.
447 2130 594 2181 curiositatis
606 2132 850 2182 satisfaciamust'o.'
875 2131 916 2181 35.
935 2133 1065 2197 inquirere.
1091 2133 1290 2184 Tuurvtttsttt
1309 2134 1346 2184 ΒΕ
1362 2126 1440 2184 cttst

283 2196 637 2317 tl'lilffllsssssslfficllssmlss.
656 2200 817 2319 Binquircrc.
849 2200 879 2258 0.
902 2199 1035 2250 Slii‘l'lllll
1062 2200 1233 2251 rtotrnttrts
1261 2195 1440 2252 rtnrvtlttltt

318 2399 338 2449 l.
355 2397 499 2465 arcarum]
518 2400 553 2449 lla
571 2402 619 2451 lou
635 2415 708 2465 supra
727 2399 832 2465 sapido.
