3242 5775
289 609 371 672 ,706
404 574 408 582 ’
565 617 668 672 omnm
690 615 821 661 serrum
841 613 1009 659 rsonanvvs
1031 611 1228 658 ranrunnnuu

306 791 361 836 sua
382 771 487 832 menta
508 768 539 829 in
562 769 693 830 sanctuni
715 765 862 829 civitatem
884 763 998 842 ingredi
1028 763 1255 842 prohiberetur,
1282 755 1382 842 ''per-
1400 762 1486 824 verba

165 873 520 954 ves.1,rsq.prophetarum
553 867 731 930 dicentium:
768 867 862 927 Terra
894 872 990 926 vestra
1024 864 1159 937 deserta,
1198 864 1332 925 civitates
1372 873 1486 924 vestrae

306 972 394 1052 ¹'igni
427 978 565 1042 exustae,
598 969 751 1046 regionem
780 975 907 1028 vestram
936 966 967 1026 in
997 974 1161 1044 conspectu
1192 973 1292 1026 vestro
1328 964 1485 1026 “extranei

305 1071 478 1144 comedent,
502 1078 531 1132 et
552 1071 675 1131 deserta.
693 1077 723 1131 et
745 1067 888 1129 subversa
911 1080 928 1127 a
950 1066 1069 1146 populis
1094 1066 1241 1127 extraneis
1263 1065 1486 1145 derelinquetur

304 1173 363 1235 filia
386 1172 475 1244 Sion,
499 1170 577 1232 sieut
598 1188 666 1230 casa
688 1170 718 1230 iu
741 1169 842 1239 vinea,
875 1175 905 1227 et
926 1168 1002 1228 sicut
1024 1167 1259 1228 custodiariuml
1289 1167 1319 1227 in
1344 1186 1483 1228 cucume-

303 1273 399 1346 rario,
422 1282 453 1334 et
473 1272 558 1350 quasi
581 1270 698 1342 civitas,
722 1287 798 1348 quae
814 1276 1009 1347 expugnatur.
1045 1268 1132 1328 ¹³Cur
1147 1266 1211 1329 isar
1243 1267 1395 1340 Quoniam
1413 1268 1483 1329 sub-

147 1359 149 1363 *
181 1391 290 1436 usura
305 1391 435 1453 sequens
458 1390 557 1434 sermo
580 1371 745 1452 prophetae
768 1369 927 1450 exprobrat
954 1369 997 1430 eis
1022 1368 1167 1429 ¹⁸dicens:
1200 1368 1291 1428 Filios
1317 1368 1337 1400 ¹⁷
1346 1370 1437 1447 genui
1460 1377 1486 1429 et

168 1492 289 1537 retusis.
305 1474 444 1546 exaltavi,
467 1472 525 1552 ipsi
548 1480 646 1533 autem
669 1470 931 1549 ¹'reprobaverunt
953 1489 1009 1531 me.
1053 1470 1091 1530 Et
1112 1468 1234 1529 iterum:
1270 1469 1306 1529 m
1329 1470 1355 1530 si
1382 1480 1484 1531 exten·

302 1574 406 1637 deritis
428 1591 550 1645 manus,
574 1582 703 1633 avertam
725 1571 829 1633 laciem
853 1588 948 1632 meam
970 1589 986 1631 a
1008 1570 1110 1643 vobis3
1133 1578 1162 1630 et
1178 1572 1204 1630 si
1220 1570 1484 1649 multiplicaveritis

303 1693 425 1756 preces,
453 1688 519 1734 'non
549 1671 702 1734 exaudiam
730 1690 800 1747 vos3
839 1690 944 1733 manus
973 1672 1051 1732 enim
1074 1679 1191 1732 vestrae
1214 1672 1360 1749 sanguine
1383 1671 1485 1750 plenae

182 1764 290 1855 {qim
305 1784 385 1837 sunt.
418 1774 456 1833 Et
477 1772 601 1833 iterum:
624 1774 683 1864 lae
705 1789 778 1852 gens
800 1772 964 1852 peccatrix,
987 1772 1118 1851 populus
1141 1772 1246 1850 plenus
1264 1773 1413 1850 peccatis,
1439 1772 1485 1833 lilii

292 1873 469 1946 .¹⁰sc'elesti,
492 1872 694 1953 dereliquistis
717 1874 821 1947 deum,
855 1881 884 1933 et
911 1872 976 1933 ”ad
1006 1872 1237 1951 indignationem
1267 1872 1483 1951 ”provocastis

304 1984 439 2038 sanetum
453 1973 556 2035 lsrael.
591 1973 670 2036 llaec
691 1974 780 2052 igitur
801 1974 848 2035 dei
870 1974 1056 2053 providentia
1072 1973 1142 2044 luit,
1167 1974 1254 2034 dandi
1279 1974 1484 2036 circumcisio·

303 2095 372 2139 nem
393 2074 488 2136 lsrael
510 2074 541 2135 in
563 2074 681 2152 signum
703 2073 783 2135 unde
804 2074 919 2136 dinosci
943 2073 1115 2155 ”possent‚
1139 2093 1205 2135 cum
1229 2064 1385 2135 adveniret
1408 2086 1482 2136 tem-

303 2194 378 2258 pus,
410 2174 499 2254 ”quo
528 2174 643 2236 meritis
671 2174 734 2236 suis
764 2174 942 2254 supradictis
972 2176 1002 2236 in
1025 2175 1208 2236 Hierusalem
1238 2176 1352 2236 admitti
1383 2176 1484 2257 ²⁴pro-

303 2277 495 2350 biberentur3
517 2273 597 2353 quod
620 2282 650 2336 et
671 2274 739 2354 quia
762 2277 893 2336 laturum
910 2284 996 2348 erat,
1018 2275 1222 2347 nuntiabatur,
1247 2285 1276 2336 et
1290 2277 1359 2356 quia
1377 2278 1484 2338 lactum

302 2357 452 2448 videmus,
475 2376 731 2455 recognoscimus.
764 2374 879 2436 ”Sicut
899 2375 1008 2438 ¹“enim
1032 2377 1216 2438 circumcisio
1240 2378 1388 2449 carnalis,
1412 2398 1485 2458 quae

302 2477 476 2558 temporalis
500 2483 579 2548 erat,
602 2474 742 2538 ²'imbuta
765 2476 865 2536 estin
888 2471 1005 2554 signum
1027 2477 1138 2555 populo
1154 2480 1337 2552 contumaci,
1363 2479 1404 2540 ita
1420 2480 1482 2559 spi-

303 2578 399 2640 ritalis
421 2576 517 2639 ”data
546 2584 594 2636 est
620 2574 652 2637 in
675 2575 800 2638 salutem
828 2576 941 2656 populo
971 2576 1157 2651 obaudienti,
1192 2579 1309 2639 dicente
1337 2579 1484 2659 propheta

152 2706 293 2758 mmm.
307 2676 472 2750 Hieremia,
493 2675 664 2738 ”Innovate
685 2675 788 2748 vobis,
811 2684 841 2737 et
862 2674 928 2738 ”ne
943 2677 1159 2738 seminaveritis
1175 2679 1204 2737 in
1220 2680 1330 2757 spinis:
1354 2681 1482 2741 eircum-

146 2783 152 2789 '
304 2776 436 2839 cidimini
458 2776 531 2848 ceo,
564 2785 595 2838 et
623 2776 824 2838 circumcidite
852 2777 1041 2857 praeputium
1063 2778 1161 2839 cordis
1184 2779 1287 2839 vestri.
1331 2778 1400 2840 ''Et
1427 2781 1481 2841 alio

173 2871 374 2979 ¹⁸¹51¹Jff¹=loco
396 2876 483 2950 dicit,
510 2876 591 2939 Ecce'
608 2877 687 2938 enim
709 2876 774 2939 dies
795 2876 959 2952 ”venient,
986 2878 1057 2939 dicit
1078 2878 1233 2955 dominus,
1267 2889 1297 2942 et
1324 2880 1483 2961 disponam

229 2988 247 3046 ἢ
304 2979 406 3040 domui
429 2977 518 3040 ludae
540 2986 570 3038 et
590 2978 691 3039 domui
714 2977 801 3039 lacoh
825 2987 1032 3040 testamentum
1062 2999 1188 3053 novum,
1221 3001 1281 3042 non
1311 2982 1370 3044 tale
1399 2984 1482 3062 quale

304 3080 362 3142 iam
385 3079 453 3140 dedi
473 3078 609 3159 patribus
632 3097 737 3140 eorum
765 3079 796 3140 in
824 3079 872 3141 die
901 3098 960 3159 quo
984 3099 1037 3140 eos
1067 3082 1153 3142 eduxi
1183 3083 1219 3143 de
1248 3091 1326 3143 terra
1350 3083 1482 3164 Aegypti.

302 3181 387 3243 Unde
408 3179 607 3257 intellegimus
629 3187 660 3240 et
679 3180 811 3264 priorem
840 3180 1095 3242 circumcisionem
1126 3191 1195 3244 tunc
1222 3184 1318 3244 datam
1343 3193 1481 3247 cessatu-

302 3299 384 3355 ram,
418 3288 448 3341 et
474 3298 582 3341 novam
609 3280 705 3360 legem
734 3298 795 3342 non
825 3281 927 3356 talem,
961 3282 1076 3360 qualem
1104 3283 1161 3344 iam
1191 3283 1313 3346 dederat
1334 3288 1481 3365 patribus,

301 3399 513 3462 processuram
535 3381 720 3454 annuntiari,
755 3382 833 3444 sieut
854 3381 957 3444 Esaias
986 3385 1180 3462 praedicavit,
1217 3385 1319 3447 dicens
1349 3389 1430 3465 quod
1452 3388 1481 3448 iu

302 3482 474 3543 novissimis
497 3481 604 3543 diebus
626 3482 802 3544 manifestus
831 3482 949 3544 iuturus
973 3493 1055 3545 esset
1076 3505 1164 3546 mons
1186 3485 1299 3546 domini
1323 3495 1354 3548 et
1376 3489 1480 3549 domus

149 3593 289 3647 risuum.
303 3583 351 3645 dei
373 3601 464 3663 super
485 3582 640 3644 ³³vertices
662 3583 824 3644 montium:
854 3592 882 3645 et
905 3584 1094 3658 exaltabitur,
1123 3586 1233 3665 inquit,
1263 3605 1357 3666 super
1380 3589 1479 3662 eolles,

302 3690 332 3745 et
351 3682 473 3744 venient
495 3701 587 3762 super
607 3683 689 3745 illum
706 3702 811 3745 omnes
828 3693 948 3763 gentes,
972 3693 1002 3747 et
1016 3686 1207 3748 ambulabunt
1220 3687 1304 3749 multi
1321 3698 1352 3749 et
1368 3689 1479 3752 dicent:

300 3783 415 3855 venite,
437 3782 633 3844 ascendamus
655 3783 687 3845 in
708 3792 840 3846 montem
863 3787 976 3847 domini
999 3796 1029 3848 et
1050 3788 1079 3847 in
1096 3787 1216 3848 domum
1232 3789 1279 3849 dei
1295 3790 1396 3864 lacob,
1422 3810 1480 3853 uon

301 3883 333 3944 iu
347 3883 428 3944 Esau
448 3881 559 3962 prioris
580 3881 677 3957 '‘filii,
699 3885 753 3946 sed
774 3886 805 3946 in
826 3887 914 3948 lacob
937 3889 1106 3966 sequentis,
1129 3889 1158 3949 id
1181 3897 1228 3949 est
1248 3891 1353 3970 populi
1373 3894 1478 3966 nostri,

302 3983 388 4045 uvius
416 4000 503 4043 mons
531 3975 668 4045 Christus
696 3993 759 4060 est,
794 3986 861 4048 sine
893 3987 1029 4050 manibus
1062 3989 1281 4051 concidentium
1312 3995 1478 4070 praecisus,

305 4099 344 4150 12.
364 4115 408 4164 per
425 4094 466 4150 ld.
507 4101 640 4151 secondum
665 4107 758 4168 reliqui.
818 4105 858 4156 1³.
882 4115 979 4156 exustae
1004 4109 1051 4170 igni
1069 4109 1094 4157 Α.
1156 4109 1195 4159 ll.
1215 4107 1363 4161 extraneil„
1409 4113 1479 4162 alieni

301 4168 394 4231 reliqui.
458 4168 496 4216 lb.
516 4167 564 4217 Cur
582 4166 634 4219 ita?
664 4172 782 4230 Quoniam
801 4167 824 4223 λ.
871 4174 898 4223 nt
923 4175 976 4223 ideo
1000 4177 1093 4239 reliqui.
1157 4177 1195 4226 16.
1220 4179 1305 4226 Esaias
1334 4180 1419 4229 dicens
1437 4181 1478 4230 AB.

252 4285 257 4295 ,
304 4233 343 4283 17.
363 4236 433 4296 genui
451 4230 474 4284 l.
510 4238 619 4297 generari
637 4240 731 4303 reliqui.
786 4239 826 4305 18.
845 4242 1034 4305 reprobaverunt
1053 4260 1090 4291 mc
1108 4239 1131 4291 λ.
1167 4254 1310 4308 spreverant
1330 4261 1369 4296 me
1388 4251 1478 4312 reliqui

304 4299 344 4350 te.
362 4302 459 4351 scelesti
477 4297 584 4354 blatis.
620 4304 731 4356 scelerati
749 4303 843 4372 reliqui.
886 4308 927 4358 ²0.
947 4311 975 4359 ad
993 4305 1016 4359 l..
1052 4314 1075 4359 ln
1093 4313 1187 4375 reliqui.
1230 4311 1270 4360 ⁴21.
1292 4311 1475 4376 provocastisl

301 4368 403 4419 misistis
421 4371 515 4434 reliqui.
566 4370 606 4420 22.
625 4368 765 4435 possenti.
806 4385 890 4438 posset
907 4379 1000 4442 reliqui.
1059 4377 1100 4427 23.
1120 4380 1184 4442 quod
1202 4379 1246 4428 All.
1300 4379 1342 4429 24.
1362 4384 1476 4446 prohibe·

300 4442 368 4484 retur
386 4438 437 4486 bed.
489 4436 530 4487 25.
549 4439 590 4488 Sic
607 4441 650 4489 tu.
712 4439 752 4490 26.
772 4443 835 4491 enim
853 4438 876 4493 l.
919 4459 976 4506 ergo
995 4446 1087 4510 reliqui.
1148 4446 1189 4494 27.
1209 4449 1297 4495 tributa
1317 4450 1350 4509 d,
1372 4466 1401 4499 es:
1419 4454 1476 4500 roei.

300 4502 411 4553 Meni.
459 4503 500 4553 28.
519 4505 573 4554 data
592 4502 685 4556 estid.
721 4509 874 4560 circumcisio
893 4520 930 4561 est
947 4514 1041 4576 reliqui.
1082 4513 1122 4562 29.
1143 4515 1255 4562 innovate
1275 4517 1343 4564 vobis
1362 4513 1402 4567 la.
1439 4518 1475 4566 ln·

300 4577 385 4618 novate
403 4571 470 4620 vobis
488 4571 568 4632 (nobis
586 4576 620 4632 a.)
638 4576 764 4625 novitatem
782 4579 875 4642 reliqui.
937 4578 978 4629 30.
1003 4595 1032 4628 ne
1051 4583 1224 4631 seminaveritis
1242 4578 1265 4629 λ.
1308 4584 1385 4634 nolite
1404 4585 1476 4635 semi·

300 4651 358 4686 aare
376 4639 470 4701 reliqui.
527 4639 568 4689 31.
587 4641 680 4691 Etelio
700 4643 753 4693 loco
772 4645 924 4696 dicitius.
985 4646 1025 4695 32.
1044 4651 1194 4699 veniuutcd.
1258 4649 1300 4700 33.
1319 4653 1475 4704 verticeml.

302 4705 372 4756 l'alic.
426 4704 467 4754 34.
486 4707 528 4756 lllii
545 4702 641 4769 lllllio
654 4711 813 4776 mcrq.)alcd.
833 4714 950 4765 Gorriens.
985 4717 1069 4779 populi
1089 4718 1113 4765 ll.

333 4805 357 4854 b.
376 4803 562 4872 custodiarium]
587 4809 691 4875 Usurpat
708 4813 756 4864 boc
773 4814 915 4866 vocabulum
935 4817 1006 4866 eliam
1025 4818 1058 4867 ld
1078 4818 1145 4868 blart.
1166 4835 1219 4884 cap.
1229 4820 1252 4870 2.
