3242 5775
534 474 573 517 on
594 474 839 519 neemncrrone
862 477 976 521 cunnus.
1278 466 1340 529 ott

152 624 264 697 narni,
290 622 442 687 ''eendem
464 622 590 684 eredens
612 625 852 686 fructificaturam
881 644 957 704 quoe
985 625 1026 688 sit
1047 627 1205 700 seminata,
1234 627 1341 708 ipren,

158 726 225 787 etsi
254 724 461 803 ¹⁸pleniorem,
496 742 557 784 non
584 724 689 796 aliam,
729 724 786 787 etsi
815 725 899 786 aliter
927 726 1163 789 ”revertentem
1211 728 1343 809 decipiet

162 828 246 889 enim
270 834 300 887 et
321 826 385 904 ipsa
407 835 580 903 suggestum
603 835 634 885 et
655 833 790 886 ornatum
813 827 928 904 qualem
944 826 1075 889 illidens
1091 828 1340 909 volueritsuper-

165 928 278 990 ducere
300 926 464 988 secundum
486 925 601 987 merita.
646 926 718 987 Sine
741 926 830 987 dubio
855 927 890 988 ad
913 928 971 988 boc
991 926 1012 959 ²¹
1021 927 1136 1007 dirigit,
1159 929 1226 991 Non
1242 930 1494 997 omnicreantem.

170 1046 237 1089 caro
261 1027 364 1087 eadem
387 1045 472 1099 caro;
502 1044 562 1088 non
591 1027 626 1087 ad
655 1027 856 1106 denegandam
884 1027 1068 1089 substantiae
1090 1030 1342 1105 communionem,

169 1128 222 1189 sed
243 1127 465 1207 praerogativae
486 1126 763 1205 peraequationem,
787 1147 896 1206 corpus
911 1129 1053 1202 bonoris,
1076 1148 1135 1190 non
1152 1130 1287 1209 generis,
1310 1132 1341 1193 in

167 1229 365 1290 diberentiam
387 1228 536 1307 redigens.
571 1228 604 1288 ln
627 1228 684 1288 boc
706 1236 735 1288 et
756 1229 878 1307 figurata
902 1228 1011 1290 subicit
1024 1229 1160 1308 exempla
1172 1232 1341 1294 animalium

170 1340 199 1389 et
219 1329 445 1391 elementorum.
494 1328 557 1389 Alia
579 1347 648 1388 caro
675 1328 823 1400 hominis,
855 1329 884 1388 id
914 1338 960 1390 est
987 1329 1065 1390 servi
1093 1330 1158 1405 dei,
1191 1332 1240 1412 qui
1270 1352 1340 1396 vero

163 1429 257 1490 bomo
280 1437 343 1503 est,
366 1429 421 1489 alia
444 1428 583 1501 iumenti,
606 1429 634 1490 id
658 1440 706 1489 est
726 1430 834 1489 ethnici
859 1429 989 1507 (dequo
1012 1437 1042 1492 et
1062 1432 1225 1510 propbeta,
1252 1433 1494 1511 issi-o..xnx‚21.

171 1530 288 1592 milatus
318 1536 378 1602 est,
407 1528 517 1607 inquit,
549 1530 640 1591 bomo
668 1528 953 1590 ”inrationabilibus
984 1530 1153 1606 iumentis),
1185 1531 1240 1593 alia
1269 1552 1340 1594 caro

168 1629 375 1702 ”volatilium
407 1630 437 1690 id
466 1637 512 1690 est
541 1639 717 1708 martyrum,
751 1629 807 1707 qui
830 1629 866 1690 ad
888 1630 1041 1709 superiora
1063 1639 1223 1701 conantur.
1256 1631 1492 1710 “oliarcoexvsn

170 1732 310 1809 piscium,
333 1730 362 1791 id
386 1738 432 1791 est
452 1729 560 1807 quibus
583 1749 656 1808 aqua
679 1729 863 1809 baptismatis
885 1732 1003 1792 sufficit.
1048 1730 1099 1791 Sic
1121 1742 1151 1791 et
1172 1732 1209 1793 de
1231 1750 1339 1812 ouper-

171 1831 345 1894 molentibus
373 1830 550 1909 corporibus
579 1830 779 1908 ²‘argumenta
807 1830 972 1918 committit.
1016 1830 1077 1892 Alia
1106 1832 1181 1893 solis
1209 1832 1341 1911 ”glorie

169 1931 267 1993 idest
287 1931 411 2004 Cbristi,
435 1938 465 1991 et
486 1931 542 1992 alia
564 1931 665 2001 lunae,
688 1931 717 1992 id
741 1940 789 1991 est
810 1931 966 2002 ecclesiae,
990 1940 1019 1991 ot
1040 1931 1095 1992 alia
1118 1932 1286 2007 stellarum,
1308 1932 1339 1994 id

169 2041 214 2093 ert
234 2032 359 2094 seminis
381 2031 524 2093 Abrabae.
575 2032 612 2091 Et
634 2031 716 2091 stella
741 2031 819 2090 enim
842 2049 858 2091 a
881 2030 965 2092 stella
988 2031 1088 2092 diliert
1115 2032 1144 2091 in
1167 2032 1276 2110 gloria,
1308 2041 1449 2100 einen.

169 2150 293 2212 corpora
315 2142 431 2194 terrena
454 2140 485 2193 et
506 2131 658 2203 caelestia,
680 2131 834 2192 ²'iudaeus
851 2131 962 2192 scilicet
977 2141 1008 2192 et
1022 2130 1218 2193 Christianus.
1252 2131 1340 2195 Cete-

168 2252 231 2295 rum
254 2234 281 2296 si
303 2252 364 2293 non
385 2234 524 2311 figurate,
554 2233 627 2293 satis
651 2250 723 2291 rane
744 2231 892 2292 mulorum
922 2240 950 2293 et
972 2231 1128 2293 milvorum
1150 2231 1282 2295 ”carnes
1311 2240 1341 2295 et

168 2352 291 2414 corpora
314 2333 484 2394 caelestium
506 2333 649 2393 luminum
664 2330 833 2410 2⁹apposuit
847 2332 1083 2400 humanis,·non
1104 2333 1282 2411 pertinentia
1304 2333 1341 2395 ed

168 2421 354 2496 condicionis
372 2433 639 2511 comparationem,
663 2431 740 2491 sicut
760 2450 817 2490 nec
838 2431 875 2492 ad
896 2432 1126 2493 resurrectionis
1148 2435 1340 2494 consecutio-

169 2554 245 2597 nem.
280 2534 438 2595 Postremo
454 2550 520 2593 cum
543 2550 597 2610 per
619 2532 691 2592 baec
712 2531 909 2592 differentiam
925 2530 1046 2609 gloriae,
1069 2549 1131 2592 non
1147 2531 1340 2608 substantiae,

168 2635 378 2706 conclusisset,
402 2632 466 2704 Sic,
488 2632 600 2710 inquit,
623 2642 653 2692 et
674 2633 855 2693 resurrectio
877 2640 1074 2692 mortuorum.
1121 2631 1448 2704 ”Quomoduimnn

168 2737 230 2798 Non
254 2735 291 2796 de
319 2735 376 2796 alio
405 2733 520 2811 aliquo,
551 2733 604 2792 sed
633 2734 669 2793 de
697 2734 760 2795 oola
793 2732 886 2810 gloria
914 2732 1065 2792 dilierens.
1116 2731 1232 2795 Rursus
1261 2732 1341 2795 eninr

167 2836 415 2900 resurrectionem
437 2834 473 2895 ad
496 2833 618 2894 eandem
635 2833 829 2895 substantiam
846 2850 990 2894 revocans
1006 2831 1085 2893 etad
1102 2850 1225 2912 granum
1240 2834 1340 2896 denuo

167 2947 322 3017 spectans,
358 2935 542 3005 Seminatur,
575 2934 686 3011 inquit,
714 2934 733 2965 ³¹
743 2934 926 3013 corruptela,
960 2933 1090 3010 resurgit
1122 2928 1480 3036 incorruptelalefffiqq·

168 3039 329 3101 seminatur
351 3036 382 3096 in
404 3033 646 3107 dedecoratione,
669 3037 800 3112 resurgit
822 3035 851 3094 in
875 3034 984 3111 gloria,
1015 3033 1179 3093 seminatur
1200 3035 1230 3094 in
1253 3035 1338 3095 infir-

169 3140 283 3211 mitate,
306 3138 438 3215 resurgit
458 3136 488 3196 in
511 3135 633 3207 virtute3
656 3135 818 3196 seminatur
840 3152 948 3211 corpus
967 3132 1107 3202 animale,
1130 3134 1261 3210 resurgit
1275 3133 1341 3211 spi·

169 3240 260 3302 ritale.
304 3238 391 3299 Certe
412 3255 473 3297 non
496 3235 573 3296 aliud
597 3236 725 3312 resurgit
748 3250 835 3311 qnam
857 3233 936 3311 quod
966 3232 1145 3304 seminatur,
1178 3250 1234 3292 nec
1261 3230 1340 3293 aliud

170 3341 327 3403 seminatur
350 3355 437 3416 quam
460 3336 538 3413 quod
562 3335 735 3396 dissolvitur
757 3332 855 3404 bumi,
877 3350 933 3392 nec
947 3331 1024 3392 alind
1040 3330 1242 3391 ”dissolvitur
1256 3330 1339 3392 humi

171 3460 252 3518 quarn
274 3458 356 3501 caro.
404 3436 516 3497 ”Hanc
543 3437 621 3496 enim
649 3433 824 3495 a‘sententia
854 3432 902 3493 dei
930 3431 1024 3492 elisit:
1053 3431 1144 3492 Terra
1172 3450 1221 3504 es,
1251 3440 1281 3492 et
1307 3432 1492 3497 indemnem.

173 3549 273 3603 terrani
296 3539 370 3611 ibis3
393 3537 460 3616 quia
483 3545 513 3598 et
534 3538 570 3597 de
593 3545 671 3596 terra
693 3543 757 3595 erat
778 3540 905 3612 sumpta.
938 3532 1014 3593 llino
1036 3540 1064 3592 et
1086 3531 1240 3611 apostolus
1263 3550 1339 3593 con-

173 3641 242 3720 cepit
263 3639 406 3702 seminari
434 3657 498 3699 eam
527 3637 641 3708 dicere,
674 3653 741 3695 cnm
768 3633 970 3694 ³lredbibetur
996 3632 1026 3692 in
1055 3642 1179 3705 terram,
1211 3632 1279 3713 quia
1310 3640 1342 3694 et

175 3740 330 3802 seminibus
358 3737 654 3817 ³⁶sequestratorium
683 3744 760 3795 terra
790 3743 851 3807 est,
884 3733 973 3794 ³⁷illic
1000 3733 1185 3812 deponendis
1214 3741 1242 3794 et
1269 3732 1340 3794 inde

174 3841 346 3921 repetendis.
382 3838 513 3918 ideoque
536 3835 796 3913 et³⁸reconsignat
809 3834 999 3912 imprimens:
1022 3833 1072 3894 Sic
1093 3833 1171 3894 euim
1194 3833 1493 3914 scriptumtconnrs.

176 4057 207 4108 13.
225 4060 310 4109 eedem
328 4060 354 4108 Α.
397 4057 435 4106 19.
455 4055 589 4120 pleniorem
608 4055 681 4104 ineu.
699 4062 745 4102 trer
757 4054 867 4113 Vaticani,
888 4061 908 4102 et
920 4053 970 4103 rod.
982 4053 1014 4102 lo.
1028 4052 1155 4100 Clementis.
1191 4051 1286 4116 plenior
1304 4062 1341 4104 eet

106 4170 107 4175 ,
172 4129 258 4191 reliqui.
316 4125 358 4175 20.
377 4132 524 4173 reverentem
543 4124 597 4171 too.
632 4123 723 4170 Praeter
740 4124 883 4173 sententium.
943 4118 983 4169 21.
1004 4119 1087 4178 llirigit
1104 4121 1156 4168 bed.
1198 4119 1282 4169 direxit
1302 4121 1341 4171 Cn.

106 4236 108 4251 ,
173 4195 252 4244 dixerit
274 4193 318 4242 An.
380 4191 420 4240 22.
453 4189 637 4239 inrationalibus
661 4192 686 4238 ll.
747 4186 788 4235 23.
812 4188 936 4235 volnerum
963 4188 1008 4245 cd„
1034 4187 1062 4234 de
1086 4189 1137 4235 cod.
1162 4188 1194 4237 lo.
1213 4187 1343 4238 Clementis.

172 4259 208 4309 ll.
226 4261 272 4309 alia
297 4267 376 4307 eutem
401 4259 503 4320 piscium
529 4259 575 4316 cd,
595 4258 623 4305 de
641 4258 693 4304 cod.
711 4255 882 4303 inclementis.
941 4253 981 4301 25.
1001 4254 1161 4313 argumentari
1188 4254 1341 4305 conveniri).

171 4327 207 4378 26.
225 4328 302 4389 gloria
320 4319 425 4375 ABCocd.
444 4334 489 4373 tres
506 4326 616 4373 Vaticani.
657 4323 753 4370 claritas
772 4324 792 4370 b.
857 4319 897 4369 27.
917 4321 1019 4368 ludaeos
1037 4320 1130 4368 scilieet
1148 4328 1171 4369 et
1190 4321 1342 4371 Christianae

170 4397 288 4458 Corpobcd.
323 4394 426 4441 ludaeos
444 4393 537 4440 scilicet
555 4400 578 4438 et
596 4390 745 4438 Christianos
763 4389 825 4436 Ate.
883 4387 923 4436 28.
950 4388 1029 4436 cernis
1054 4390 1107 4436 edit.
1127 4389 1231 4448 senten,
1249 4391 1340 4438 vitiose.

167 4463 206 4512 29.
225 4462 343 4524 opposuit
361 4463 394 4509 bc.
457 4459 497 4506 30.
517 4457 644 4514 Quomodo
662 4457 802 4518 Adompbcd.
848 4456 960 4516 qnoniam
982 4454 1019 4502 Co.
1078 4453 1119 4502 31.
1145 4457 1167 4503 in
1193 4454 1340 4516 corruptele,

167 4532 273 4590 resurgit
290 4530 314 4576 in
334 4527 496 4588 incorruptela
516 4529 550 4574 bc.
594 4523 635 4572 32.
654 4524 720 4572 bumi
739 4521 938 4571 dissolvilnrlli.
983 4519 1024 4570 33.
1043 4522 1182 4571 etbanei.
1224 4521 1264 4571 34.
1282 4535 1340 4568 sen-

164 4596 409 4655 tentiadeiorupbcd.
445 4594 562 4642 sententia
583 4593 642 4640 dens
660 4608 682 4639 o.
717 4591 860 4639 sententiam
880 4589 1049 4652 densrelipni.
1091 4587 1132 4637 35.
1151 4587 1340 4638 rebibetnrldo.

163 4665 205 4715 36.
224 4669 434 4727 sequestratornm
452 4662 495 4710 ΑΒ.
549 4659 590 4708 3Ἱ.
609 4659 657 4708 illie
675 4659 700 4707 A.
753 4656 794 4705 38.
812 4656 965 4718 reconsignat
984 4657 1035 4705 bed.
1071 4655 1196 4717 consignat
1213 4655 1306 4716 reliqui.
