3242 5775
460 634 608 680 mrsssns
631 636 730 681 onnes
751 636 913 684 umens.
1214 625 1280 692 τοι.

199 784 362 864 improbat,
394 784 424 846 id
453 794 500 847 est
526 785 624 848 omnis
652 785 817 865 improbat,
848 787 922 850 dens
952 787 1097 867 mandem
1124 790 1276 870 reprobet.

197 887 290 960 :elium
314 886 401 947 habet
424 886 511 947 etiam
526 904 628 948 sunm
655 896 775 966 praeter
800 887 904 952 ”hose
930 887 1057 952 nostrs'.
1101 890 1177 952 Post
1198 892 1278 955 liuue

197 996 262 1049 runt
290 986 504 1048 ”Ptolemaeus
532 995 562 1047 st
584 986 740 1051 Secundus
766 988 924 1061 haeretiei,
954 988 1005 1068 qui
1032 1007 1100 1052 eun
1122 990 1276 1054 Valentino

199 1089 277 1149 mnis
299 1087 506 1158 consentiunt,
536 1087 566 1147 in
592 1085 643 1158 illo
668 1088 755 1148 soto·
782 1089 934 1151 dillernnt.
978 1088 1052 1152 Nem
1077 1109 1145 1154 orum
1167 1092 1276 1156 Velen-

204 1188 348 1249 ²⁹deona's
371 1196 483 1249 tontum
507 1187 623 1266 triginta
645 1188 796 1263 finxisset,
819 1189 869 1252 isti
890 1189 1068 1252 addiderunt
1088 1191 1165 1254 ulios
1189 1212 1275 1257 eou-

197 1309 221 1360 s;
245 1298 371 1368 quatuor
393 1290 471 1349 enim
500 1288 644 1368 primum,
674 1289 781 1351 deinde
802 1289 877 1351 nlius
899 1289 1075 1369 ³⁰‹purstuorh
1096 1293 1276 1373 sdgregere-

219 1390 256 1451 Et
277 1390 356 1468 qnod
378 1388 449 1450 dicit
471 1387 643 1450 Valentinus
664 1390 795 1451 Aeonem
816 1388 1028 1454 ”tritissimum
1050 1394 1218 1455 excessisse
1238 1394 1277 1457 de

197 1499 285 1560 mete,
306 1489 388 1552 utin
410 1489 622 1558 delectionem,
650 1497 758 1567 negant
778 1490 839 1551 isti.
883 1486 949 1553 Non
972 1492 1051 1554 enim
1072 1511 1109 1556 er
1129 1493 1178 1556 illu
1199 1493 1274 1557 trin·

197 1590 227 1650 le
249 1590 341 1651 luisse
364 1591 442 1652 hunc
468 1590 518 1668 qni
545 1591 634 1651 luerit
664 1590 694 1651 in
724 1589 919 1653 delectionem
947 1603 1072 1673 propter
1092 1593 1273 1659 desiderium

197 1691 217 1749 li
233 1691 413 1769 propatoris.
446 1691 549 1752 Extitit
569 1702 723 1769 praeterea
737 1690 902 1753 Heracleon
924 1692 999 1755 ulter
1019 1693 1200 1767 mesenen,
1223 1694 1274 1773 qni

197 1791 336 1851 lelentino
359 1792 440 1871 peria
464 1791 565 1862 sentit,
587 1792 640 1852 sed
660 1791 790 1852 novitate
806 1792 932 1871 quedem
947 1793 1198 1871 pronuntiationis
1213 1794 1276 1857 ruit

216 1892 272 1952 slis
295 1892 415 1953 sentire.
461 1891 626 1961 lutrodueit
647 1892 726 1953 enim
748 1891 808 1953 ”in
829 1893 935 1974 primis
956 1894 1028 1956 illud
1050 1894 1145 1958 tuisse
1164 1892 1275 1974 ”qued

197 1991 297 2064 otiati,
333 2004 364 2053 et
392 1993 499 2057 deinde
526 2011 561 2053 ex
590 1992 666 2053 ³‘illa
694 1994 820 2054 monsde
842 1993 919 2067 duo,
952 2013 990 2058 se
1013 1994 1120 2057 deinde
1141 1994 1274 2075 reliquos

197 2113 229 2153 rs.
273 2092 416 2165 ⁸'Deinde
437 2092 598 2155 introdusit
619 2101 714 2155 toturn
737 2094 933 2156 Valentinum.

197 2194 252 2254 lon
275 2193 433 2253 defuerunt
454 2202 523 2271 post
545 2194 601 2254 hos
617 2194 731 2255 llnrons
756 2194 890 2274 'quidem
911 2203 941 2256 et
955 2194 1146 2268 Colerbmnn
1167 2213 1274 2258 noram
1293 2210 1380 2268 ceps.

197 2295 248 2354 sim
271 2312 306 2354 or
323 2293 502 2354 Graecorum
524 2294 681 2372 alphabeto
701 2306 925 2374 componentes.
957 2295 1072 2374 Negent
1086 2296 1173 2357 'enim
1193 2297 1274 2360 reri·

208 2396 278 2455 sine
300 2394 367 2454 istis
389 2412 482 2473 posse
502 2394 610 2455 litteris
630 2394 772 2468 inveniri,
796 2397 887 2457 immo
904 2405 994 2457 totnm
1009 2396 1223 2475 plenitudinem
1242 2404 1276 2458 st

197 2495 314 2555 edonem
337 2495 469 2555 veritatis
492 2494 610 2556 inistis
631 2494 737 2557 litteris
753 2516 820 2559 esse
835 2496 1022 2577 dispositam.
1058 2496 1186 2574 Propter
1199 2496 1277 2560 lusus

203 2615 320 2657 rnumm
336 2596 486 2658 Christum
509 2596 638 2669 dixisse,
660 2596 723 2675 llgo
746 2615 810 2659 sum
833 2599 872 2659 A
894 2606 924 2659 et
942 2595 988 2660 Ω.
1026 2596 1158 2675 Deniqm
1173 2596 1274 2660 lesuur

197 2715 251 2758 um
281 2697 490 2768 descendisse,
522 2695 551 2756 id
578 2705 627 2757 est
654 2696 820 2759 columbum
848 2697 999 2760 inlesum
1028 2696 1165 2771 venisse;
1199 2713 1276 2776 quse

197 2817 213 2857 o
237 2797 356 2858 nomine
378 2815 445 2857 oum
467 2792 647 2879 περιστερὰ
668 2797 896 2877 pronuntietur,
925 2797 1052 2859 'hebere
1072 2797 1192 2860 ⁸seersum
1214 2813 1274 2860 nu·

197 2933 221 2965 se
239 2922 318 2966 emt.
371 2914 411 2965 28.
429 2918 600 2979 ptholomaeus
618 2923 642 2968 t.
695 2916 736 2967 29.
756 2913 846 2967 sesnes
863 2921 885 2968 d.
938 2917 1164 2981 ddeqnmnorerl„
1184 2915 1317 2971 ate».

197 2986 339 3034 :nisinen
383 2992 437 3032 octo
455 2985 529 3034 leat.
583 2984 623 3033 31.
643 2986 737 3046 triginta
756 2987 819 3042 tlte.
878 2984 918 3034 32.
939 2985 999 3034 illnd
1017 2986 1041 3034 in
1059 2986 1144 3049 primis
1162 2987 1187 3035 Δ.
1232 2983 1274 3035 33.

197 3052 308 3101 lominum
328 3053 466 3114 pronuntiet
484 3053 500 3100 l.
512 3052 632 3112 ldlloutit,
652 3069 681 3101 es
699 3053 820 3102 Philostro.
865 3053 928 3115 qtsod
948 3058 1087 3115 pronuntiet
1105 3066 1132 3101 en
1146 3053 1201 3117 ipso
1221 3064 1275 3102 nto·

208 3129 231 3167 et
249 3119 335 3167 deinde
355 3119 531 3168 loel’nmrlius.
581 3119 623 3168 34.
642 3120 684 3168 illo
702 3123 727 3169 l.
780 3119 821 3168 35.
840 3121 895 3168 deni
914 3122 939 3169 l.
1299 3137 1303 3142 ’

197 3186 269 3249 spii.
309 3187 329 3233 l.
349 3186 445 3248 quidem
461 3189 486 3235 l.
528 3185 551 3234 2.
571 3187 755 3236 huberedllnbc.
791 3188 919 3249 hebentd.
961 3185 985 3236 3.
1003 3201 1085 3235 rernm
1104 3201 1154 3249 epo.
1190 3199 1274 3236 secun

197 3254 350 3315 essertines.
386 3254 517 3301 secundum
536 3254 591 3302 libri
609 3269 695 3303 omnes.

197 3370 202 3402 t
222 3355 388 3417 praecedentis
399 3353 517 3401 enuntiati
528 3352 599 3401 verbo
618 3368 661 3402 ne·
712 3352 817 3411 „Dicunt
836 3355 896 3401 eninr
913 3352 943 3405 de
961 3352 1022 3401 illo“
1041 3367 1104 3414 sqq„
1128 3351 1172 3400 ssd
1191 3350 1275 3415 ,suited

210 3428 277 3483 nepot
311 3421 340 3468 sd
375 3435 480 3483 sequens
510 3433 660 3482 nequaquem
712 3421 795 3469 dieunt
812 3418 843 3467 de
862 3419 922 3467 illo“
940 3433 994 3481 sqq.
1037 3419 1069 3467 lts
1088 3417 1127 3465 hie
1145 3425 1274 3480 postqum

200 3491 275 3550 repeti
301 3488 398 3535 verbnm
423 3488 588 3535 sltlrmntirom
605 3502 661 3549 pro·
713 3487 771 3536 dixit
781 3487 823 3545 „in
837 3486 879 3535 illo
894 3485 948 3534 solo
959 3483 1099 3541 differunt‚“
1113 3490 1276 3535 nemsesrst

197 3557 216 3605 el
241 3555 305 3604 eliud
330 3555 462 3608 eiusmodi.
490 3554 554 3615 quod
582 3562 661 3601 temen
712 3553 837 3616 sequentis
863 3553 1045 3600 adstruerentnr
1069 3563 1116 3599 nen
1139 3566 1202 3611 nors,
1229 3550 1274 3602 td

197 3632 226 3671 st.
261 3624 373 3671 Ceterum
395 3623 424 3670 de
442 3621 660 3669 Valentinianorum
713 3622 775 3684 quod
794 3618 921 3682 particula.

197 3691 345 3738 surrectionis
364 3690 474 3749 dogmate
494 3689 522 3736 el.
543 3689 660 3749 ilpiphsn.
746 3687 769 3734 ln.
789 3685 850 3734 alios
869 3680 982 3748 quntnor]
1011 3683 1124 3732 lrennens
1150 3681 1274 3742 ussto.
1376 3724 1379 3729 .

197 3757 310 3816 mm
330 3749 390 3809 „Tri
409 3748 553 3801 dedantur
568 3746 660 3818 τάγμα
712 3769 736 3816 p.
747 3754 787 3802 53.
806 3751 941 3803 edilrnbe.
970 3752 1088 3800 l’hilnster
1106 3764 1158 3813 esp.
1166 3748 1199 3800 39
1218 3750 1274 3811 „dt-

197 3817 285 3870 snxdv
315 3814 347 3869 ὃν
374 3815 511 3877 σώζεσθαι
539 3815 590 3869 σὺν
608 3814 661 3868 oni·
712 3836 769 3870 cens
787 3828 891 3883 quotuor
908 3833 963 3868 esse
980 3821 1074 3867 leones
1092 3825 1115 3866 et
1132 3817 1195 3867 ulios
1213 3831 1274 3882 qus·

197 3885 257 3955 ἱλλῳ
276 3884 409 3952 ἒνδυιέρῳ
435 3881 503 3944 ὄντι,
530 3883 596 3956 ὅπερ
615 3881 661 3935 αὖ·
712 3887 793 3938 tuor.“
819 3887 854 3936 et
874 3885 973 3936 Tertull.
992 3884 1150 3934 ndnvrtenr.
1170 3882 1273 3948 eaput

197 3958 244 4023 ipa
255 3952 439 4021 πνευματικὸν
449 3953 570 4011 καλοῦσι,
590 3969 661 4020 φαν-
746 3957 762 4005 i.
780 3955 843 4016 qnod
864 3950 1013 4016 pronuntiet]
1037 3952 1079 4001 ilie
1096 3953 1168 4001 etism
1188 3953 1275 4004 deesse

197 4031 279 4073 now
307 4023 660 4074 Addere-intluenvden·
713 4021 801 4086 aliquid
822 4019 1172 4081 videtursoenbnli.lllipslt)
1209 4019 1275 4071 dtuli

201 4091 661 4154 .2'l.l¹lrilsstrumeup.38.·dngnstin.
713 4090 833 4138 desidero.
876 4087 964 4136 Norunt
991 4088 1211 4151 pronuntiationem
1240 4086 1275 4145 (id
1367 4148 1374 4161 ⁶

197 4177 252 4210 eres.
272 4177 315 4221 onp
338 4160 376 4207 ll.
407 4207 411 4217 ,
714 4166 750 4205 est
777 4155 991 4213 snsdrnrlrsneise,
1016 4153 1275 4215 bezeichnnngsweise‚

197 4229 323 4288 'angelium
343 4228 413 4274 habet
424 4227 495 4273 etism
510 4241 579 4273 snum
591 4241 661 4288 pune-
712 4223 892 4283 terminologiel
904 4222 961 4270 dicit
969 4221 1141 4270 ilersrleonem
1152 4220 1276 4270 induxisse

197 4312 216 4345 re
240 4293 343 4356 nostre]
371 4296 407 4341 dt.
434 4294 546 4342 irenaeus
564 4293 660 4353 lll‚il.
713 4292 813 4353 eiusque
841 4292 978 4349 dementum
1011 4288 1108 4350 aliquod
1142 4289 1166 4335 ln
1193 4302 1275 4338 rerunt
1312 4299 1315 4305 '

199 4364 290 4424 Reliqu.
310 4364 377 4409 Sser.
396 4362 423 4408 ll.
445 4362 519 4422 p.35.
713 4359 781 4406 initio
798 4358 921 4405 statuisse.
957 4355 1044 4403 lsnnm
1069 4353 1178 4403 videlieet
1196 4355 1275 4418 ipsun

224 4431 266 4477 illo
291 4425 357 4491 solo]
392 4429 436 4475 Pro
461 4430 502 4477 illo
527 4430 661 4476 fortassean
713 4439 801 4473 nornen
821 4424 909 4472 rddere
927 4429 1077 4484 aspernetur.
1113 4422 1225 4471 ederunt
1242 4422 1276 4472 ei.

201 4498 304 4545 bendum
323 4513 377 4544 nno.
405 4496 560 4544 Sedhsesito.
591 4496 662 4543 Video
714 4493 834 4540 Philoster
845 4505 895 4553 esp.
907 4489 936 4538 41
956 4489 1120 4552 „principium
1133 4503 1187 4538 esse
1202 4500 1276 4537 onum

197 4581 263 4627 snpra
289 4578 383 4625 quoique
403 4578 454 4624 cop.
466 4561 489 4609 2.
519 4563 662 4623 scriptorem
715 4575 781 4622 quem
798 4560 915 4607 dominnm
932 4558 1040 4621 appellnt,
1066 4556 1152 4605 deiude
1176 4555 1206 4604 ds
1230 4555 1277 4603 hos

198 4648 205 4679 ι
239 4631 412 4679 soloecismum
447 4630 491 4678 sibi
525 4629 663 4678 indulsisse.
714 4635 795 4674 natum
815 4625 898 4674 slind‘·
917 4632 971 4672 cett.
1000 4622 1164 4685 Augustinus
1178 4622 1277 4670 llnerss.

197 4700 212 4746 n
231 4713 285 4746 rum
305 4698 477 4759 praecederent
503 4697 572 4745 verbs
598 4696 663 4755 „Sed
714 4707 767 4755 sep.
785 4691 815 4740 16
838 4692 905 4751 „duo
923 4699 1035 4740 esserunt
1051 4691 1177 4754 principis¹
1203 4700 1275 4763 unum

197 4768 240 4815 zius
258 4767 349 4813 erroris
368 4779 439 4811 scona
458 4772 481 4811 et
492 4764 600 4811 doctrina
610 4765 664 4812 inde
716 4774 743 4808 ex
761 4759 838 4808 sltsro
857 4768 880 4808 et
904 4773 931 4817 er
950 4759 986 4809 liis
1009 4758 1104 4807 duobus
1122 4757 1169 4806 elie
1198 4754 1277 4818 plurr-

214 4832 383 4896 erpeetnbntnr
401 4839 426 4879 ut
443 4840 594 4894 sequeretur,
616 4844 663 4879 non
717 4827 783 4875 ms.“
