3242 5775
304 639 366 707 568
559 653 662 703 uolunt
684 652 815 702 suuntur
831 634 1000 694 itonamts
1023 650 1221 694 mundabunt

300 807 421 877 tivum·,
444 802 659 882 longitudinem
683 801 786 873 ¹⁰dico,
810 807 841 861 et
861 799 1055 874 latitudinem,
1079 807 1110 861 et
1124 798 1349 873 sublimitatem,
1370 797 1461 880 quibus

300 913 450 967 metamur
472 922 599 982 corpora
621 901 830 983 “philosophi
866 900 944 973 Quid
966 919 1046 962 nunc
1066 901 1147 980 quod
1170 908 1200 962 et
1222 902 1350 981 effigiem
1365 901 1466 963 animat

301 1002 431 1068 damus?
466 1004 610 1065 Platonel
632 1002 769 1076 nolente,
792 1002 877 1081 quasi
899 1001 1083 1080 periclitetur
1105 1002 1142 1063 de
1163 1002 1280 1063 animae
1301 1001 1466 1064 immortali-

301 1113 371 1168 tate.
401 1105 497 1168 Omne
513 1104 591 1165 enim
607 1104 768 1183 effigiatum
791 1102 990 1181 compositum
1014 1110 1044 1163 et
1058 1092 1193 1164 structile
1215 1103 1358 1165 affirmat:
1381 1102 1468 1165 diso

300 1205 391 1268 lubile
413 1213 509 1266 autem
533 1223 621 1265 omne
643 1204 884 1284 compositicium
907 1210 937 1265 ct
958 1203 1109 1277 structile3
1132 1204 1185 1265 sed
1207 1205 1338 1266 animam
1354 1203 1471 1266 immor·

302 1306 405 1378 taleam
428 1304 519 1384 igitur
533 1304 786 1376 indissolubilem,
810 1304 895 1383 ¹²qua
910 1304 1124 1377 immortalem,
1147 1311 1178 1366 et
1192 1305 1403 1384 ineffigiatam,
1423 1322 1472 1384 qua

301 1399 554 1479 indissolubilem,
587 1413 717 1467 ceterum
741 1404 975 1484 compositiciam
998 1414 1028 1465 et
1049 1404 1229 1479 structilem,
1253 1406 1280 1467 si
1305 1406 1473 1485 effigiatam

301 1515 450 1585 tamquam
472 1506 530 1567 alio
553 1524 616 1565 eam
640 1506 730 1566 modo
753 1505 887 1583 effigians
910 1505 1156 1567 intellectualibus
1179 1506 1301 1578 formis,
1328 1507 1475 1586 pulchram

301 1605 412 1669 iustitia
434 1613 464 1666 et
485 1605 649 1685 disciplinis
665 1605 890 1685 philosophiae,
913 1605 1077 1666 deformem
1093 1625 1163 1667 vero
1179 1607 1341 1668 contrariis
1358 1607 1475 1670 artibus.

302 1706 388 1769 ¹'Sed
410 1725 467 1768 nos
489 1705 660 1785 corporales
683 1725 801 1785 quoque
824 1705 865 1766 illi
887 1706 1079 1768 inscribimus
1102 1707 1212 1780 lineas,
1235 1725 1297 1768 non
1314 1715 1429 1770 mutum
1444 1726 1476 1768 ex

300 1807 406 1869 fiducia
434 1806 652 1887 corporalitatis
685 1826 739 1886 per
771 1807 1026 1879 aestimationem,
1060 1826 1162 1868 verum
1191 1815 1221 1868 et
1248 1826 1286 1869 ex
1313 1808 1476 1870 constantia

300 1908 429 1988 gratiw
451 1926 506 1987 per
528 1906 747 1968 revelationem.
787 1907 862 1968 Nam
884 1907 951 1986 quia
974 1907 1118 1986 spiritalia
1141 1908 1317 1969 charismata
1339 1909 1473 1988 agnosti-

299 2006 398 2081 ntus‘l,
421 2016 492 2085 post
507 2007 675 2069 ¹‘loannem
697 2026 817 2086 quoque
832 2007 1018 2087 prophetiam
1035 2010 1198 2070 meruimus
1215 2009 1235 2041 ¹⁵
1242 2011 1401 2089 consequi.
1426 2010 1476 2070 Est

299 2107 390 2170 bodie
420 2126 507 2169 soror
537 2109 614 2186 apud
648 2126 705 2169 nos
738 2108 953 2169 revelationum
983 2109 1160 2169 charismata
1189 2109 1310 2182 sortita,
1347 2129 1421 2190 quas
1448 2110 1476 2170 iu

301 2208 424 2271 ecelesia
447 2208 527 2270 inter
548 2208 695 2270 dominica
719 2208 875 2269 sollemnia
903 2227 958 2287 per
981 2208 1002 2241 ¹⁶
1011 2209 1140 2270 ecstasin
1170 2210 1200 2269 in
1224 2210 1333 2288 spiritu
1354 2212 1476 2291 patitur,

300 2317 492 2371 conversatur
514 2328 582 2370 cum
604 2309 734 2389 angelis,
757 2308 914 2387 aliquando
938 2309 1026 2371 etiam
1050 2329 1116 2371 cum
1134 2310 1273 2382 domino,
1297 2320 1328 2372 et
1350 2312 1430 2374 videt
1449 2321 1477 2372 et

299 2409 382 2471 audit
413 2415 625 2481 sacramenta·,
659 2419 688 2471 et
715 2410 903 2489 quorundam
933 2410 1023 2470 corda
1052 2410 1224 2483 ¹⁷dinoscit,
1259 2420 1288 2473 et
1317 2412 1476 2472 medicinas

299 2509 538 2571 desiderantibus
562 2510 749 2571 ¹‘submittit
792 2510 854 2570 lam
877 2529 947 2571 vero
970 2520 1061 2589 prout
1083 2512 1247 2590 scripturae
1269 2510 1408 2587 leguntur
1429 2519 1477 2572 aut

298 2609 406 2689 psalmi
428 2617 574 2670 canuntur
594 2618 645 2671 aut
665 2607 880 2669 allocutiones‘
906 2611 1100 2684 proteruntur
1128 2621 1177 2670 aut
1203 2609 1367 2688 petitiones
1396 2612 1475 2673 dete·

299 2715 421 2787 gantur,
445 2708 485 2768 ita
506 2707 576 2768 inde
596 2706 737 2768 materiae
758 2705 924 2767 visionibus
948 2706 1221 2770 subministrantur.
1262 2710 1355 2772 Forte
1376 2711 1475 2773 neseio

233 2891 235 2894 y
299 2808 370 2888 quid
398 2808 435 2869 de
463 2808 560 2868 anima
593 2807 848 2880 disserueramus,
879 2826 946 2868 cum
974 2826 1008 2868 ea
1041 2826 1130 2870 soror
1162 2809 1193 2870 iu
1222 2810 1360 2890 ¹⁹spiritu
1387 2820 1474 2874 esset.

299 2907 373 2969 Post
394 2916 542 2969 transacta
565 2907 720 2969 sollemnia
742 2908 867 2969 dimissa
888 2907 991 2986 plebe,
1025 2928 1084 2988 quo
1107 2929 1163 2971 usu
1186 2910 1264 2972 solet
1285 2913 1377 2974 nobis
1399 2913 1475 2974 ¹'ra-

299 3007 435 3069 nuntiare
457 3027 532 3087 quae
554 3007 660 3070 viderit
688 3011 769 3080 (nam
797 3015 828 3068 et
849 3008 1075 3086 diligentissime
1103 3010 1294 3089 digeruntur,
1329 3022 1364 3075 ut
1391 3013 1475 3075 etiam

299 3108 492 3188 probentur),
523 3108 604 3169 luter
625 3116 738 3181 cetera,
760 3107 873 3187 inquit,
902 3118 1024 3170 ostensa
1046 3118 1093 3170 est
1113 3111 1185 3172 mibi
1208 3113 1305 3173 anima
1328 3132 1473 3194 corpora·

296 3207 381 3282 liter,
415 3216 446 3270 et
472 3209 596 3288 spiritus
623 3207 791 3283 videbatur,
825 3209 878 3270 sed
907 3228 968 3270 non
997 3210 1093 3272 inanis
1122 3220 1152 3272 et
1179 3230 1287 3274 vacuae
1316 3214 1474 3293 qualitatis,

296 3308 388 3372 immo
411 3329 485 3390 quae
507 3309 596 3370 etiam
618 3309 712 3370 teneri
735 3310 971 3388 repromitteret,
1004 3319 1105 3374 tenera
1135 3321 1166 3373 et
1192 3313 1289 3374 lucida
1317 3322 1349 3375 et
1376 3314 1475 3377 ¹¹atrii

299 3462 338 3512 to.
358 3461 411 3513 dieo
430 3469 454 3512 et
471 3478 515 3513 om.
525 3463 552 3512 1.
606 3460 645 3510 11.
664 3461 819 3525 pbilosophis
837 3465 887 3526 Aac.
952 3462 991 3512 ta.
1011 3479 1057 3528 qua
1077 3466 1107 3524 h,
1127 3465 1301 3516 latebrosas
1320 3474 1343 3517 et
1360 3468 1407 3518 loa.
1420 3468 1475 3518 Sca·

296 3531 362 3592 ἱέμεν.
398 3544 470 3594 quam
488 3530 547 3580 lch.
588 3529 615 3579 lc
631 3530 656 3579 A.
676 3531 839 3578 desiderantur
861 3531 930 3579 serta
954 3545 1000 3595 qua
1025 3533 1186 3581 immortalem
1213 3556 1246 3568 -
1272 3533 1475 3586 indissolubilem.

299 3595 339 3646 1³.
357 3596 386 3645 Et
402 3598 452 3660 lto.
500 3597 540 3646 tt.
561 3596 682 3647 lobanuen
700 3598 750 3661 ΑΨ.
801 3595 840 3645 lb.
859 3599 975 3660 consequi
993 3601 1033 3648 at.
1069 3607 1092 3648 et
1111 3601 1226 3664 consequi
1244 3594 1340 3666 reliqui.
1379 3601 1418 3653 lh.
1436 3617 1476 3652 ex·

295 3663 358 3713 tasin
376 3664 437 3714 ABG.
493 3665 532 3714 t't.
550 3663 671 3726 dignoscit
689 3666 711 3714 h.
765 3661 804 3713 18.
824 3663 958 3713 summittit.
990 3665 1040 3714 lam
1058 3680 1114 3714 sero
1132 3669 1169 3716 ab.
1210 3667 1292 3716 sumit.
1324 3668 1360 3719 lta
1378 3670 1475 3721 varod.

265 3763 273 3775 .
296 3731 527 3847 augiulpmcdd.
563 3730 628 3781 119.
652 3728 707 3794 spui
722 3732 773 3795 tp.
831 3729 873 3781 20.
897 3733 1037 3782 renuntiare
1051 3769 1152 3783 ............
1154 3771 1166 3783 .
1182 3734 1324 3796 acutissima
1341 3738 1394 3804 Δφ.
1435 3735 1475 3786 dl.

296 3810 324 3846 aa
353 3811 397 3846 erit
433 3813 496 3859 ma.

330 3896 388 3957 cap.
411 3895 449 3944 llt.
494 3909 515 3943 a.
545 3897 663 3946 trifariam
694 3893 859 3960 distantivum]
911 3898 999 3962 quibus
1017 3899 1055 3948 dei
1074 3900 1477 3968 voluntassiguilvcatursiraapa-

206 4024 214 4039 ⁸
297 3960 404 4027 Τριχῶς
421 3955 645 4027 semiputata.
664 3965 825 4024 (ieiunius.)
912 3967 979 4015 titur.
1004 3964 1477 4036 Siclib.lleleiuniis[cap.'l.]·„agai·

330 4044 354 4093 p,
373 4041 485 4111 pamm]
504 4046 540 4096 cp·
551 4048 714 4097 ppflpopmp
732 4065 753 4111 p,
765 4048 813 4098 105
821 4063 858 4113 sq,
911 4033 999 4083 tiorum
1018 4038 1243 4085 sacramentorum·
1262 4037 1321 4087 dixit
1339 4053 1353 4088 a
1369 4039 1416 4090 deo
1432 4039 1477 4090 tvi-

330 4142 350 4176 ο.
369 4130 503 4178 constautia
513 4125 617 4195 gratiae]
627 4131 791 4181 Constantiam
802 4147 859 4194 gra·
911 4100 992 4150 buum
1017 4102 1109 4152 ⁰³⁰i⁰¹i
1134 4104 1286 4152 ”mmmm
1312 4106 1477 4171 *mmm

296 4194 342 4245 tiae
360 4194 418 4243 dicit
435 4198 859 4263 gratiamdequacertissimecon·
909 4167 995 4217 dmm
1021 4171 1139 4231 pelium·
1176 4171 1204 4219 3¹
1222 4170 1264 4248 'lb'
1284 4171 1303 4221 ¹'
1327 4174 1385 4223 Μ’·
1405 4174 1475 4253 ml?

911 4232 978 4298 [cap.
993 4232 1045 4300 ta]
1073 4238 1185 4296 „Leones
1210 4239 1294 4287 andra
1320 4249 1346 4288 et
1371 4241 1477 4291 ardentia

296 4269 351 4312 Μ
370 4262 477 4323 (wll
509 4349 514 4360 Ι
596 4350 623 4361 Η
662 4351 666 4360 ,
774 4351 779 4360 ,
910 4311 1010 4352 naturae
1028 4304 1206 4362 sacramenta,“
1234 4306 1389 4369 benigna,
1417 4311 1477 4371 llgtt·

329 4344 353 4395 ἃ·
379 4345 439 4423 uam
475 4363 530 4412 att·
564 4349 682 4413 statut·
714 4351 859 4427 thaumate
910 4384 957 4418 m.
983 4371 1092 4433 nistera·
1110 4372 1199 4421 surita
1216 4373 1307 4422 erutos
1326 4375 1351 4424 tn
1369 4376 1414 4426 atto
1432 4390 1477 4427 suo

295 4409 462 4479 agnoscimus]
490 4414 515 4464 l'.
535 4416 597 4466 tran,
616 4416 689 4479 its,
712 4433 783 4482 quem
803 4425 859 4498 catat
909 4446 989 4500 raptu,
1013 4429 1119 4504 ἇῤῥητα
1136 4431 1253 4504 ῥήματα.
1294 4440 1413 4493 treme„
1431 4443 1477 4494 1,..

294 4479 384 4556 Εΰῦθῧς
403 4481 461 4541 l,'l.
505 4483 551 4560 ct..
570 4483 600 4533 td
630 4485 692 4534 ¹¹⁰⁰ss
715 4484 858 4563 Telllllffifl'
910 4505 958 4553 tina
976 4506 1034 4555 dixit
1052 4522 1198 4567 „sermones
1211 4509 1419 4572 inenarrabilas“,
1435 4511 1477 4563 lib.

295 4547 499 4598 narratiunculrm
522 4558 592 4599 suam
612 4551 720 4603 licenter
738 4553 858 4605 Primord.
910 4571 934 4632 v,
954 4574 1042 4636 cap-1,
1062 4574 1169 4635 (Rigalt.)

295 4613 361 4665 Μ·
380 4615 429 4664 dff-
447 4630 472 4678 Ρ·
484 4615 541 4666 ¹³9·
562 4617 618 4667 ¹⁴¹4·
942 4640 959 4689 l.
977 4640 1150 4705 allocutiones}
1176 4643 1345 4694 Alloeutionea
1369 4646 1480 4710 appellat

328 4713 351 4748 e.
368 4697 531 4765 sacramenta]
554 4702 695 4762 Parabolas,
712 4706 857 4767 aenigmata,
908 4699 1024 4772 ὁμιλίας,
1051 4724 1177 4760 sermones
1203 4713 1291 4775 quibua
1311 4715 1434 4777 pupulam
1452 4715 1477 4765 ia

293 4764 392 4826 ligures,
422 4769 542 4829 mysteria,
569 4769 704 4821 cuiusmodi
720 4782 777 4822 sunt
794 4789 856 4837 quaa
907 4776 1010 4826 ecclesia
1029 4777 1223 4840 alloquebantur.
1247 4779 1479 4840 (Desidlleraldaa

294 4832 455 4884 ostenduntur
472 4844 513 4885 aut
526 4847 688 4900 suggeruntur
697 4855 741 4903 per
751 4844 855 4901 somnia,
907 4842 971 4905 [ligr.
993 4844 1022 4903 ll,
1042 4862 1065 4908 p.
1076 4844 1144 4904 218.)
