3242 5775
435 454 1100 572 ΑΝΙΜΑ.”·

148 1044 157 1056 .
244 929 317 1020 ¹De
340 959 405 1018 solo
428 977 520 1019 censu
543 958 657 1018 animae
686 975 867 1035 congressus
890 958 1097 1037 Hermogeni·,
1130 971 1275 1039 quatenus
1297 969 1328 1022 et
1344 978 1426 1043 cept.

147 1061 245 1118 lstum
275 1078 309 1118 ex
337 1058 477 1119 materiae
506 1056 606 1137 potius
637 1066 779 1135 suggestu
808 1077 895 1136 quam
924 1077 958 1118 ex
990 1057 1037 1118 dei
1060 1059 1129 1119 tiatu
1152 1060 1326 1123 constitisse

224 1241 239 1273 *
270 1243 307 1291 ns
332 1243 427 1292 const
451 1241 561 1290 trunto
579 1248 603 1291 t.
652 1243 679 1300 Q.
698 1242 831 1290 suttttttt
850 1242 1017 1291 ttonuntts
1036 1242 1232 1292 nuntientur
1256 1243 1326 1293 Chii·

153 1296 357 1360 TtithNENStS
376 1309 645 1363 tChRTttthiiEb'SiS
665 1325 709 1357 om.
723 1309 756 1364 θ.)
775 1309 812 1357 DE
832 1309 920 1357 intur
941 1309 1035 1357 ttuun.
1056 1309 1096 1359 BG.

225 1378 282 1438 Csp.
301 1377 318 1423 Ι.
367 1377 387 1424 t.
412 1375 449 1423 nt:
469 1375 713 1423 tttttonrttttttu
731 1375 841 1424 tttttttu
867 1372 877 1439 ΙΙ
906 1376 931 1424 Si
955 1376 1088 1424 substantie
1113 1376 1221 1435 enimse,
1249 1384 1272 1424 et
1296 1391 1326 1426 en

156 1443 300 1501 corporeus,
320 1451 343 1489 et
362 1456 391 1490 en
410 1443 521 1501 ettigiete,
546 1457 618 1490 unum
638 1456 692 1489 esse
711 1442 813 1489 enimam
833 1450 856 1490 et
874 1444 994 1504 spiritum,
1023 1457 1070 1490 non
1096 1442 1203 1505 sepereri
1222 1443 1325 1492 animem

156 1507 182 1546 0¹
200 1512 312 1565 animum,
331 1523 360 1555 en
380 1510 419 1565 sit,
438 1510 477 1556 ubi
496 1510 527 1556 sit
546 1510 609 1571 quod
629 1508 715 1555 dicitnr
733 1508 917 1567 hegemonicon,
935 1509 964 1558 de
983 1510 1088 1572 quinque
1106 1510 1218 1558 sensibus
1237 1524 1326 1570 corpo·

156 1568 257 1633 retibus,
284 1575 349 1638 qnod
368 1574 508 1636 philosophi
527 1583 550 1620 et
569 1575 681 1620 haeretiei
706 1573 856 1632 distinguunt
880 1575 941 1622 inter
964 1575 1085 1623 sensustie
1105 1584 1128 1623 et
1146 1575 1326 1636 intellectualis,

156 1626 306 1690 ¹ttteiteetum
330 1655 427 1703 semper
451 1642 544 1688 enimse
571 1641 659 1697 inesse,
689 1638 721 1686 De
745 1640 847 1688 secteris
865 1641 1014 1688 naturatibus
1032 1642 1134 1697 enimse,
1162 1641 1229 1690 Unde
1247 1644 1326 1693 enims

158 1699 269 1756 ⁸deorsus
288 1709 422 1756 haereticos
440 1707 480 1769 qui
499 1720 551 1754 erm
576 1706 606 1754 de
630 1705 705 1753 coetis
729 1706 855 1757 deterunt:
883 1706 1002 1755 Aduersus
1026 1714 1192 1767 argumentum
1211 1706 1326 1768 bistonio,

159 1774 369 1824 studuissemus
388 1772 578 1822 reminiscentias
596 1772 672 1820 dicet:
698 1772 731 1819 tie
749 1781 888 1835 contemptu
907 1773 1000 1821 enimse
1018 1773 1133 1822 aduersus
1151 1788 1193 1823 eos
1211 1775 1252 1839 qui
1270 1784 1327 1839 post

158 1838 251 1889 tectum
269 1842 366 1903 corpori
386 1854 437 1888 erm
457 1840 585 1888 inducunt:
611 1839 728 1887 Adversus
747 1839 896 1888 Pietomeum
914 1840 1010 1901 dopmt,
1028 1840 1092 1903 qood
1112 1855 1159 1890 uon
1178 1855 1206 1890 ex
1225 1843 1326 1893 mortuis

159 1894 217 1967 ¹ient
232 1908 287 1957 riri:
312 1908 346 1955 nd
367 1907 512 1969 Pythagoreo
531 1914 553 1953 et
572 1906 724 1967 Empedoclis
743 1908 870 1968 opiniones
894 1907 923 1955 de
943 1908 1143 1969 metempsychosi
1162 1916 1186 1957 et
1203 1915 1326 1959 metenso-

158 1971 289 2024 ¹llrtisimo:
321 1974 439 2022 Adversus
463 1973 569 2021 Simonis
594 1972 732 2034 opinionem
760 1982 782 2021 et
806 1973 959 2036 Carpocrotis
989 1974 1179 2024 haeretieorum:
1211 1974 1244 2025 De
1268 1990 1325 2026 sexu

159 2037 249 2089 ⁸'times
274 2048 298 2089 et
322 2042 410 2098 earnis,
437 2039 502 2102 quod
521 2038 592 2086 simui
612 2038 634 2086 in
654 2046 722 2087 utero
742 2041 883 2097 formentur,
909 2042 932 2088 iu
957 2053 1025 2089 eum:
1051 2040 1084 2088 De
1108 2048 1185 2090 eetete
1204 2043 1283 2093 cernit
1301 2051 1326 2094 et

157 2103 263 2157 aoimee:
282 2108 316 2156 De
335 2108 404 2164 cibis,
422 2106 542 2170 quomodo
562 2105 591 2153 nd
610 2105 712 2153 enimam
732 2106 852 2168 pertinere
870 2107 1009 2156 videantur:
1028 2106 1123 2155 Notium
1141 2122 1208 2170 pene,
1220 2109 1324 2159 euimem

156 2165 212 2218 ⁸ine
227 2174 353 2223 daemonio
372 2188 440 2222 esse:
468 2172 594 2231 Quomodo
614 2186 669 2220 cero
688 2174 807 2233 peccatrix
826 2173 932 2221 dicetur:
958 2172 991 2221 De
1010 2174 1073 2220 bono
1092 2181 1116 2221 et
1134 2174 1197 2221 meio
1215 2176 1324 2225 enimse:

156 2221 198 2282 1),
213 2250 300 2290 morte:
327 2241 360 2288 bo
383 2254 470 2288 somno
489 2239 622 2302 pertinente
641 2239 669 2287 nd
689 2246 814 2286 tractatum
840 2239 938 2288 mortis:
965 2239 992 2287 tn
1017 2239 1047 2287 do
1071 2240 1148 2287 enims
1168 2239 1324 2290 Hermotimi:

154 2286 197 2348 ¹³0
212 2306 371 2356 Hermotimo:
390 2307 423 2355 De
440 2306 550 2363 somniis,
569 2304 690 2367 quomodo
710 2318 737 2351 en
756 2306 860 2366 potietur
877 2305 965 2364 enimn,
984 2312 1007 2353 et
1025 2305 1088 2354 unde
1106 2305 1228 2355 evenient:
1253 2305 1286 2354 bo
1304 2307 1324 2356 ri

153 2367 250 2432 ¹lionis,
268 2374 339 2423 etde
358 2374 487 2421 itenendro
505 2373 640 2421 haeretico:
668 2370 730 2418 bibit
750 2372 843 2419 enimse
862 2372 885 2420 iu
904 2386 1006 2433 corpore
1025 2385 1122 2420 monere
1141 2378 1325 2433 postmortem,

153 2434 290 2490 ¹²tridetnr
308 2440 465 2503 quibusdem:
494 2439 527 2487 De
552 2439 645 2486 enimse
671 2450 779 2494 excessu,
807 2436 841 2485 be
866 2447 973 2500 receptu,
1002 2436 1035 2485 [te
1059 2437 1151 2495 interis,
1178 2445 1202 2486 et
1219 2452 1249 2485 en
1268 2438 1326 2488 iiiuc

153 2505 242 2564 purnes
259 2508 354 2556 enimse
372 2506 561 2570 compellentur:
586 2505 619 2553 bn
644 2510 824 2552 commorentur
847 2503 886 2552 hie
910 2504 1003 2553 enimse
1021 2510 1076 2565 post
1100 2500 1220 2563 mortem,
1235 2505 1270 2553 ret
1294 2505 1325 2554 eb

150 2566 240 2622 ¹uteris
257 2582 401 2631 commeent,
419 2576 453 2622 ‚tn
472 2572 560 2635 atiqoid
580 2572 674 2619 interim
693 2570 786 2618 enimse
805 2571 924 2632 patientur
942 2571 1005 2634 epod
1024 2571 1124 2629 interos,
1143 2569 1325 2622 ttesoioeenstt

152 2638 250 2688 trimae
268 2648 319 2690 cett.
339 2640 363 2688 B.
398 2641 424 2689 bt
440 2642 466 2690 d.
485 2641 585 2703 quinque
603 2640 678 2701 cupito
696 2638 857 2686 desiderentur
875 2653 926 2687 eum
943 2639 1003 2686 senti
1021 2637 1126 2686 dimidio.

196 2767 229 2802 *⁸¹
248 2772 285 2821 os
303 2766 415 2836 inunt]
441 2773 483 2821 iiic
507 2772 569 2820 tiber
593 2772 615 2818 in
634 2785 714 2819 erem·
766 2770 860 2819 titutum
874 2769 1010 2832 penereiem
1024 2768 1164 2818 nstituit
1175 2770 1325 2821 retinuimus.

149 2833 219 2887 buu
243 2838 361 2900 hgoberdi
391 2840 481 2903 possim
514 2839 652 2888 inscribitur
677 2836 714 2886 ott
765 2837 872 2899 (Rigalt.)
1016 2878 1024 2890 .

153 2896 251 2955 Ctnsv
269 2906 387 2955 intutu.
423 2907 469 2955 Sed
495 2905 564 2953 tatso.
606 2905 665 2954 Nem
690 2913 716 2952 ut
788 2904 859 2967 -Csp
878 2904 895 2952 Ι.
943 2920 964 2953 s.
990 2903 1023 2952 bo
1049 2903 1102 2952 solo
1130 2917 1204 2953 sensu
1232 2905 1326 2955 enimse

152 2973 191 3015 tt
205 2972 271 3022 istius
289 2973 371 3036 operis
389 2973 507 3036 principio
533 2980 605 3034 potet,
632 2972 653 3019 is
672 2972 716 3019 tuit
766 2985 913 3032 congressus
937 2965 1093 3034 Hermogeni]
1128 2970 1201 3020 Censet
1226 2973 1324 3034 onimoe,

153 3031 240 3087 lituius
258 3040 357 3088 citerius
376 3040 430 3088 iibri
448 3040 643 3103 quemsdtersos
655 3038 715 3087 Her·
767 3039 789 3086 id
809 3046 845 3085 est
869 3040 905 3093 (ut
922 3037 985 3086 idem
1004 3045 1088 3086 tuetur
1106 3038 1212 3100 loquitur
1229 3034 1271 3086 tib.
1292 3038 1325 3088 Be

156 3105 281 3163 ¹nupetsem
292 3107 423 3169 Septimius
439 3113 522 3155 noster
538 3113 716 3167 composuerat,
766 3105 865 3154 Resurr.
875 3104 960 3154 Cernis
978 3118 1030 3167 esp.
1042 3102 1076 3162 2.)
1093 3111 1148 3153 ortu
1167 3117 1194 3153 os
1206 3118 1254 3167 quo
1267 3119 1326 3155 cett·

157 3171 191 3214 ¹¹t
205 3173 338 3221 ostenderet
355 3173 411 3235 quid
430 3174 522 3221 censeri
543 3173 621 3220 enims
640 3172 714 3219 debe·
765 3181 832 3220 netur
848 3172 948 3230 enimc,
975 3185 1003 3219 ec
1027 3169 1097 3219 vetuti
1120 3169 1241 3219 ueteiibus
1264 3172 1325 3232 eins,

158 3236 211 3295 'eu
233 3241 319 3288 etenim
338 3249 449 3288 constere
473 3253 500 3287 ex
518 3240 557 3288 dei
576 3241 641 3297 tinto,
666 3251 714 3286 non
766 3238 967 3302 quemadmodum
995 3237 1122 3300 exponitur
1148 3238 1210 3286 inire
1233 3238 1325 3301 cept.

163 3301 356 3367 utttermogenes
369 3306 471 3363 dicebat,
490 3321 516 3354 er
531 3306 644 3354 materiae
656 3319 714 3364 sug·
766 3305 835 3363 Quod
854 3312 932 3353 cutem
951 3304 1007 3353 hinc
1029 3303 1131 3352 adstruit
1148 3302 1277 3363 Pometios,
1295 3305 1325 3353 eb

162 3371 233 3418 sesto.
257 3373 307 3422 ttoc
324 3381 414 3421 tentum
434 3388 462 3420 eo
475 3372 567 3430 tibetto,
585 3374 625 3436 qui
644 3371 715 3419 hodie
766 3379 865 3421 eoctore
884 3371 971 3420 tibrum
989 3369 1024 3419 iio
1042 3369 1121 3419 Consu
1135 3370 1232 3419 Animos
1251 3371 1325 3420 tuisse

166 3425 315 3497 desideretur,
333 3440 446 3488 adversus
465 3439 610 3488 hoereticum
630 3439 714 3499 dispu·
766 3439 892 3501 seriptum,
923 3438 945 3485 id
973 3451 1027 3486 meo
1056 3437 1143 3487 iudicio
1172 3451 1253 3486 terum
1280 3444 1325 3486 est.

169 3497 253 3552 isteret.
288 3505 356 3555 Nunc
380 3506 410 3555 de
434 3508 529 3554 enimse
552 3513 614 3554 stetu
640 3521 667 3553 sc
685 3504 715 3552 de
765 3504 825 3553 Nem
845 3505 889 3553 etsi
908 3517 935 3552 ex
953 3505 1074 3553 communi
1099 3505 1191 3553 ratione
1210 3504 1326 3553 materies

169 3570 338 3632 iniectionibus
357 3573 456 3636 reliquis
474 3573 503 3620 sd
522 3587 574 3621 enm
591 3572 715 3634 pertinen·
766 3570 829 3620 idem
848 3571 939 3619 ridetur
956 3571 1084 3627 conticere,
1108 3571 1138 3620 de
1155 3584 1201 3634 que
1220 3571 1243 3618 in
1263 3569 1325 3617 tibro

171 3626 285 3699 ¹¹integit
303 3640 417 3688 adversus
435 3639 602 3703 philosophos.
634 3639 715 3701 tteque
765 3637 821 3686 ttdv.
847 3637 1021 3698 iiermopenem
1055 3646 1132 3688 ectum
1160 3646 1210 3695 est,
1246 3644 1325 3684 tumen

172 3700 348 3763 rtteptissimum
375 3707 422 3755 ism
447 3706 546 3768 rutgntis
571 3705 716 3754 editionibus
766 3703 841 3768 (quod
859 3704 929 3752 verbe
947 3706 994 3755 hoc
1012 3704 1065 3753 ioeo
1084 3705 1197 3762 iudicent,
1221 3702 1326 3765 itemque
