3242 5775
310 666 371 729 tot
560 676 661 730 onrart
684 676 815 720 srrrnm
837 674 1001 720 nonnanis
1024 673 1218 720 rnsrnnntsm

306 830 407 894 ludaei
427 830 467 890 ita
489 836 523 889 ut
543 827 721 890 describitur
742 826 879 906 'sperant
908 824 1041 886 locorum
1068 832 1099 885 et
1125 823 1280 904 samonum
1308 841 1317 885 t

305 930 434 1004 inducti,
465 927 616 1008 quomodo
638 926 794 1006 allegorica
815 925 1021 1005 interpretatio
1049 925 1079 985 in
1101 923 1251 987 Christum
1278 932 1309 985 ct

305 1032 380 1096 siam
402 1038 433 1093 et
452 1028 583 1091 habitum
606 1038 637 1090 et
657 1029 784 1089 fructum
807 1025 872 1088 eius
896 1024 1069 1105 spiritaliter
1089 1032 1281 1106 competetet
1296 1026 1317 1086 lt

307 1133 335 1170 ¹¹³
342 1130 483 1213 persequi
513 1138 543 1191 et
569 1130 599 1191 in
627 1128 685 1190 alio
714 1144 805 1206 opere
839 1126 1003 1206 digestum,
1036 1125 1117 1207 quod
1144 1125 1317 1187 inscrihimu

305 1231 477 1305 strennui,
501 1240 532 1292 ct
553 1230 583 1292 in
604 1227 755 1310 praesenti
771 1227 818 1290 vel
833 1245 869 1288 co
886 1227 1033 1300 otiosum,
1056 1227 1123 1306 quia
1140 1246 1200 1289 non
1216 1228 1253 1289 de
1267 1235 1316 1290 ter

304 1333 342 1397 dc
357 1331 477 1395 caelesti
491 1331 694 1412 promissione
708 1328 749 1389 sit
760 1328 908 1407 quaestio.
929 1328 1003 1389 Nam
1018 1335 1048 1389 ct
1064 1328 1240 1390 confitemur
1257 1327 1316 1389 ina

303 1451 430 1514 regnum
450 1431 683 1510 repromissum,
706 1429 760 1491 scd
782 1436 850 1490 ante
872 1428 1002 1503 caelum,
1024 1428 1078 1491 sed
1099 1429 1156 1490 alio
1171 1438 1266 1503 statu,
1288 1437 1316 1490 nt

303 1531 554 1597 resurrectionem
583 1532 614 1593 in
635 1530 715 1593 mille
736 1547 832 1592 annos
854 1528 885 1590 in
907 1528 1022 1591 civitate
1049 1529 1138 1592 divini
1167 1529 1269 1610 operis
1290 1530 1316 1592 Η

197 1608 291 1712 hilii·
304 1634 385 1697 caelo
408 1633 529 1707 delatra‘,
552 1650 639 1712 quam
661 1639 692 1692 et
712 1630 866 1710 apostolus
888 1638 1013 1693 matrem
1035 1638 1167 1692 nostram
1189 1649 1311 1692 sursum

305 1741 335 1798 et
354 1734 532 1815 'politeuma
553 1731 723 1806 nostrumt,
755 1731 786 1793 id
808 1741 855 1792 est
875 1731 1103 1811 municipatum,
1131 1730 1163 1792 in
1189 1731 1278 1793 caelis
1307 1750 1316 1794 t

203 1812 291 1912 ἷίῧῗῖἱζ
305 1836 445 1897 nnnuans
467 1834 553 1896 alicui
574 1833 675 1912 utique
696 1831 816 1894 caelesti
831 1831 938 1894 civitati
955 1851 1022 1894 cum
1037 1833 1166 1911 deputat.
1200 1832 1315 1894 Hence

195 1913 289 2018 aiiii*
305 1936 404 2011 novit;
427 1943 458 1997 et
479 1933 634 2014 apostolus
657 1934 783 1995 loannes
804 1931 886 1995 vidit
932 1932 970 1994 Et
991 1933 1041 2013 qui
1063 1932 1142 2013 apud
1162 1933 1251 1994 fidem
1273 1952 1313 1995 no

164 2011 289 2071 ‘mm'
303 2055 399 2099 novae
419 2036 593 2116 prophetiae
615 2052 716 2096 sermo
743 2040 885 2105 testatur,
919 2040 952 2094 ut
979 2033 1066 2094 etiam
1095 2033 1220 2113 effigiem
1254 2032 1316 2095 civit

301 2136 607 2219 repraesentationem
635 2134 699 2197 cius
727 2132 901 2212 conspectui
927 2134 1055 2195 suturam
1083 2134 1113 2195 in
1142 2134 1259 2212 signum
1288 2152 1316 2215 pt

301 2237 433 2319 Denique
460 2235 613 2317 ’proxime
641 2242 820 2315 expunctum
846 2243 892 2295 est
920 2233 1055 2295 orientali
1083 2234 1298 2315 expeditione·.

301 2339 381 2401 enim
402 2338 528 2400 ethnicis
550 2354 669 2416 quoque
683 2333 810 2397 testibus
826 2333 979 2396 inludaea
999 2354 1054 2415 per
1074 2336 1139 2397 dics
1161 2336 1315 2415 quadragir

300 2438 370 2501 tinis
399 2438 558 2500 momentis
592 2435 738 2498 civitaten
766 2434 802 2495 de
835 2434 916 2496 caelo
943 2436 1138 2515 pependisse,
1179 2437 1260 2500 omni
1287 2455 1315 2498 m

299 2538 400 2600 hahitu
422 2545 615 2600 evanescente
636 2535 673 2597 de
694 2536 830 2614 proiectu
859 2534 933 2611 diei,
967 2545 996 2597 et
1024 2536 1096 2598 alias
1125 2536 1162 2599 de
1189 2538 1315 2617 proximi

298 2636 382 2699 lianc
403 2635 529 2698 dicimus
553 2634 734 2714 excipiendis
750 2634 970 2698 resurrectione
984 2636 1095 2697 sanctis
1112 2645 1142 2699 ct
1155 2636 1315 2700 relovendii

297 2736 448 2799 honorum
469 2737 571 2816 ntique
593 2734 770 2815 spiritalium
792 2736 878 2816 copia
905 2734 936 2796 in
965 2737 1238 2817 compensationem
1266 2757 1315 2801 eor

298 2838 330 2901 in
351 2836 470 2900 saeculo
493 2835 539 2898 vel
559 2834 750 2917 despeximus
772 2835 821 2898 vel
841 2834 995 2899 amisimus
1016 2855 1033 2899 a
1056 2836 1113 2899 deo
1135 2847 1315 2920 prospectan

297 2938 367 2999 'dem
389 2945 420 2999 et
440 2938 554 3000 iustum
576 2946 607 2998 ct
627 2936 684 2999 deo
707 2936 829 3016 dignum
857 2936 918 2998 illic
944 2955 1063 3017 quoque
1089 2940 1220 3003 exultare
1249 2943 1315 3003 lami

297 3036 348 3100 uhi
371 3045 443 3099 sunt
463 3045 494 3099 et
514 3037 614 3099 afflicti
635 3037 668 3098 in
694 3037 816 3099 nomine
843 3022 973 3118 ipsius..
1002 3038 1082 3102 llaec
1107 3042 1184 3103 ratio
1211 3042 1298 3121 regni

297 3146 368 3218 post
389 3139 473 3201 cuins
495 3137 575 3200 mille
596 3155 708 3212 annm,
737 3137 815 3199 intra
836 3156 923 3218 qnam
945 3148 1070 3202 aemtem
1092 3141 1315 3205 concluditure

366 3324 423 3390 Cap.
442 3325 518 3376 xlii.
564 3324 586 3373 l.
604 3330 718 3389 separent
737 3324 761 3373 0.
815 3323 859 3375 lh.
883 3327 999 3391 prosequi
1023 3327 1130 3377 laurent.
1188 3326 1212 3376 2.
1235 3322 1314 3376 nolis

297 3392 320 3444 3.
339 3393 449 3460 Denique
466 3393 575 3457 proxime
593 3399 736 3457 expunctum
754 3393 821 3443 oded.
839 3393 955 3454 laurent,
976 3395 1114 3445 dorilensis.
1155 3393 1264 3458 lienique
1283 3410 1314 3460 cxl

329 3527 485 3578 nnnst’n
504 3521 659 3590 stnettntt]
685 3526 736 3576 linc
759 3525 856 3576 Tertul-
908 3525 1045 3577 Lactantius
1068 3535 1092 3576 et
1115 3529 1164 3579 alii.
1207 3529 1314 3594 liieron5

295 3595 352 3644 lieni
371 3608 432 3657 opas
446 3593 597 3655 hqoharilino
616 3593 698 3644 codice
716 3590 878 3643 contiaehe-'
907 3593 1041 3644 sdEsaiam
1061 3597 1209 3658 praelatione
1221 3612 1314 3662 compo

294 3669 342 3720 tar,
361 3669 401 3709 etat
420 3674 449 3709 eo
467 3669 532 3710 certe
550 3662 681 3725 esemplsri
703 3661 767 3710 unde
784 3674 855 3709 sunm
907 3662 940 3710 eit
957 3663 986 3709 sh
1004 3661 1117 3725 dionysio
1135 3664 1296 3715 alexandrino

295 3726 398 3778 describi
410 3728 499 3777 curavit
509 3729 658 3789 leobardus.
676 3728 735 3779 item
749 3735 772 3777 et
784 3727 856 3776 hodie
906 3742 990 3778 sersus
1014 3729 1141 3780 irenaeum
1167 3747 1246 3794 eoque
1274 3733 1314 3783 liht

268 3815 270 3819 ·
295 3801 420 3859 comparet
438 3793 521 3843 titulos
539 3793 686 3844 interlihros
701 3795 781 3856 viginti
793 3809 855 3858 qae-
907 3795 1030 3858 elegenter
1048 3797 1161 3848 derisam.
1197 3802 1314 3861 angustia

294 3869 350 3912 taor
367 3861 449 3911 lndice
466 3862 664 3922 comprehensos.
687 3862 855 3919 nlstiosantcm
907 3863 937 3912 de
964 3863 1063 3914 Ciuitate
1092 3865 1134 3915 net
1161 3867 1303 3930 opinionem

294 3929 377 3992 operis
408 3929 517 3976 meminit
542 3928 701 3992 llieronpmus
731 3932 755 3980 in
782 3929 856 3994 Pepis
908 3937 1029 3995 utetmqne
1048 3933 1208 3992 tolerabilem,
1226 3934 1247 3983 si
1258 3935 1314 3999 aliqt

293 3994 485 4057 hieropolitano,
504 4001 527 4042 et
546 4010 598 4058 esp.
609 3995 643 4046 36
661 3998 856 4047 Commentario·
906 3999 1028 4061 spiritales
1052 4000 1075 4048 in
1100 4001 1142 4049 illo
1165 4001 1276 4061 sahhsto,
1303 4003 1314 4052 l

294 4075 347 4112 ram
366 4062 390 4111 iu
401 4060 560 4121 Ezechielem,
578 4066 732 4127 atqoeetim
745 4066 768 4114 in
781 4064 855 4116 Prae·
907 4065 982 4129 ptimo
1019 4067 1155 4117 millensrio
1183 4083 1313 4129 sanorum,

258 4151 265 4166 x
292 4130 383 4181 latione
401 4127 507 4192 esplss.
527 4130 551 4178 in
569 4129 672 4181 Essiam.
690 4132 798 4194 (Rigalt)
906 4134 997 4183 sanctis
1015 4148 1059 4198 per
1077 4135 1167 4185 domini
1195 4137 1314 4200 praesenti

325 4211 346 4246 c
366 4197 390 4245 ia
408 4197 501 4245 civitate
519 4197 590 4246 divini
609 4199 691 4262 operis
703 4198 855 4249 lliernsslem
906 4208 997 4250 rentur.
1049 4203 1184 4262 Quinetiam
1214 4204 1314 4254 huiusce

292 4263 359 4314 caelo
378 4258 469 4327 delate]
493 4266 595 4313 tuream
620 4273 854 4330 etqoegemmstsm
905 4269 1014 4332 seipsum
1038 4270 1168 4334 aliquando
1192 4272 1269 4321 inisse
1293 4272 1314 4321 ts

291 4331 316 4380 in
342 4332 413 4380 terris
438 4331 587 4380 itiernsalem
619 4334 750 4396 sperrheot
781 4334 854 4384 nimis
905 4336 972 4396 qsttt
1016 4337 1054 4387 et.
1081 4339 1152 4388 etiam
1181 4353 1242 4401 qnae
1276 4338 1314 4391 hal

292 4397 383 4449 credidi
402 4397 505 4447 ludricis
524 4398 622 4459 tabulis,
648 4413 709 4463 qaas
732 4401 767 4450 illi
795 4394 854 4448 dett·
904 4402 979 4453 l'rim.
999 4404 1063 4454 Eccl.
1081 4407 1129 4455 hir.
1146 4421 1172 4471 p.
1186 4405 1245 4455 tat.

291 4456 418 4530 πράσεις
427 4464 591 4528 sppellshent,
604 4465 699 4530 decepti
708 4469 785 4518 serbis
797 4469 852 4535 qai·
937 4469 961 4520 d.
980 4471 1111 4535 politeuma
1128 4468 1251 4538 nostrum]
1269 4472 1307 4524 ct.

291 4533 393 4583 hosdem
412 4540 436 4582 et
449 4533 583 4583 Ezechielis
595 4534 713 4584 etheriae
724 4550 853 4599 perperam
906 4551 960 4601 cap.
969 4537 993 4588 3.

292 4600 430 4651 intellectis.
473 4599 532 4650 lade
550 4600 636 4665 Pepiss
659 4601 773 4665 primum,
798 4617 854 4655 mox
938 4618 961 4654 e.
985 4605 1092 4669 Denique
1118 4608 1228 4670 proxime
1255 4622 1313 4673 espn

292 4675 316 4718 et
334 4668 449 4729 lustinus,
473 4667 513 4731 qni
532 4668 595 4717 viros
613 4682 640 4717 ea
658 4683 703 4733 spe
721 4670 853 4730 eradentes
903 4672 1014 4721 orientali
1032 4671 1205 4742 expeditione]
1224 4676 1305 4727 Severi

292 4725 511 4802 dpdsyroiptoroc
526 4727 597 4782 κατὰ
614 4727 706 4785 πάντα
717 4736 852 4803 Χριστια·
901 4753 985 4789 tersas
1004 4741 1114 4791 Parthos.
1131 4742 1239 4805 (Rigalt)
1268 4744 1313 4797 l’ro

289 4797 355 4858 sehr
372 4811 448 4864 toret,
474 4810 524 4852 tam
550 4810 574 4852 ct
591 4802 705 4855 lreaeeas
728 4813 752 4855 et
769 4807 851 4870 Septi·
902 4806 974 4857 hodie
991 4808 1060 4859 solos
1077 4809 1242 4861 Tertullianus
1265 4814 1313 4862 m'et

290 4871 353 4922 mins
371 4879 454 4923 noster
470 4870 640 4924 etlictoriaus
655 4872 809 4926 Pietatiensis
826 4881 852 4925 et
902 4873 994 4929 lldntet
1010 4876 1083 4930 Prim.
1102 4877 1167 4930 licet.
1185 4879 1235 4930 dtr.
1253 4893 1279 4944 p.
1288 4879 1313 4931 tt
