<?xml version="1.0" encoding="UTF-8"?>
<!DOCTYPE html PUBLIC "-//W3C//DTD XHTML 1.0 Transitional//EN"
    "http://www.w3.org/TR/xhtml1/DTD/xhtml1-transitional.dtd">
<html xmlns="http://www.w3.org/1999/xhtml" xml:lang="en" lang="en">
 <head>
  <title>
</title>
<meta http-equiv="Content-Type" content="text/html;charset=utf-8" />
  <meta name='ocr-system' content='tesseract 3.04.00' />
  <meta name='ocr-capabilities' content='ocr_page ocr_carea ocr_par ocr_line ocrx_word'/>
</head>
<body>
  <div class='ocr_page' id='page_1' title='image "./quaesupersuntom00oehlgoog_0298.png"; bbox 0 0 3242 5775; ppageno 0'>
   <div class='ocr_carea' id='block_1_1' title="bbox 209 617 1198 724">
    <p class='ocr_par' dir='ltr' id='par_1_1' title="bbox 209 617 1198 724">
     <span class='ocr_line' id='line_1_1' title="bbox 209 617 1198 724; baseline -0.005 -24"><span class='ocrx_word' id='word_1_1' title='bbox 209 617 225 629; x_wconf 83' lang='lat'>··</span> <span class='ocrx_word' id='word_1_2' title='bbox 285 635 348 700; x_wconf 71' lang='grc'>348</span> <span class='ocrx_word' id='word_1_3' title='bbox 495 717 499 724; x_wconf 34' lang='grc' dir='ltr'>Ι</span> <span class='ocrx_word' id='word_1_4' title='bbox 538 653 639 703; x_wconf 79' lang='lat' dir='ltr'>untnrt</span> <span class='ocrx_word' id='word_1_5' title='bbox 663 651 794 696; x_wconf 72' lang='grc' dir='ltr'><strong>ΒΕΡΤΙΙΙΙ</strong></span> <span class='ocrx_word' id='word_1_6' title='bbox 816 652 981 697; x_wconf 68' lang='lat' dir='ltr'>receneris</span> <span class='ocrx_word' id='word_1_7' title='bbox 1004 652 1198 702; x_wconf 68' lang='lat' dir='ltr'>rsnrunuttt</span> 
     </span>
    </p>
   </div>
   <div class='ocr_carea' id='block_1_2' title="bbox 164 800 1297 3611">
    <p class='ocr_par' dir='ltr' id='par_1_2' title="bbox 260 800 1297 3202">
     <span class='ocr_line' id='line_1_2' title="bbox 285 800 1276 883; baseline -0.002 -19"><span class='ocrx_word' id='word_1_8' title='bbox 285 802 373 865; x_wconf 88' lang='lat' dir='ltr'>alium</span> <span class='ocrx_word' id='word_1_9' title='bbox 395 801 482 863; x_wconf 88' lang='lat' dir='ltr'>deum</span> <span class='ocrx_word' id='word_1_10' title='bbox 504 800 616 863; x_wconf 88' lang='lat' dir='ltr'>bonnm</span> <span class='ocrx_word' id='word_1_11' title='bbox 645 811 675 863; x_wconf 89' lang='lat' dir='ltr'>et</span> <span class='ocrx_word' id='word_1_12' title='bbox 706 802 851 883; x_wconf 91' lang='lat' dir='ltr'>optimum</span> <span class='ocrx_word' id='word_1_13' title='bbox 873 801 976 864; x_wconf 80' lang='lat' dir='ltr'>volunt</span> <span class='ocrx_word' id='word_1_14' title='bbox 1002 800 1082 863; x_wconf 88' lang='lat' dir='ltr'>credi</span> <span class='ocrx_word' id='word_1_15' title='bbox 1111 803 1180 882; x_wconf 89' lang='lat' dir='ltr'>quia</span> <span class='ocrx_word' id='word_1_16' title='bbox 1207 802 1276 864; x_wconf 86' lang='lat' dir='ltr'>maii</span> 
     </span>
     <span class='ocr_line' id='line_1_3' title="bbox 285 902 1297 983; baseline -0.001 -18"><span class='ocrx_word' id='word_1_17' title='bbox 285 902 455 965; x_wconf 75' lang='lat' dir='ltr'><strong>existiment</strong></span> <span class='ocrx_word' id='word_1_18' title='bbox 482 912 662 976; x_wconf 72' lang='lat' dir='ltr'>creatorem,</span> <span class='ocrx_word' id='word_1_19' title='bbox 695 903 764 964; x_wconf 74' lang='lat' dir='ltr'>‘ant</span> <span class='ocrx_word' id='word_1_20' title='bbox 790 904 942 965; x_wconf 79' lang='lat' dir='ltr'>materiam</span> <span class='ocrx_word' id='word_1_21' title='bbox 974 921 1040 964; x_wconf 90' lang='lat' dir='ltr'>cnm</span> <span class='ocrx_word' id='word_1_22' title='bbox 1068 912 1202 965; x_wconf 90' lang='lat' dir='ltr'>creatore</span> <span class='ocrx_word' id='word_1_23' title='bbox 1230 922 1297 983; x_wconf 76' lang='lat' dir='ltr'>prop</span> 
     </span>
     <span class='ocr_line' id='line_1_4' title="bbox 283 987 1296 1083; baseline 0 -17"><span class='ocrx_word' id='word_1_24' title='bbox 283 987 411 1066; x_wconf 76' lang='lat' dir='ltr'>‘maium</span> <span class='ocrx_word' id='word_1_25' title='bbox 425 1022 442 1064; x_wconf 94' lang='lat' dir='ltr'>a</span> <span class='ocrx_word' id='word_1_26' title='bbox 458 1003 595 1076; x_wconf 87' lang='lat' dir='ltr'>materia,</span> <span class='ocrx_word' id='word_1_27' title='bbox 617 1022 677 1066; x_wconf 92' lang='lat' dir='ltr'>noo</span> <span class='ocrx_word' id='word_1_28' title='bbox 699 1022 716 1064; x_wconf 90' lang='lat' dir='ltr'>a</span> <span class='ocrx_word' id='word_1_29' title='bbox 739 1013 874 1065; x_wconf 87' lang='lat' dir='ltr'>creatore</span> <span class='ocrx_word' id='word_1_30' title='bbox 896 1004 1056 1076; x_wconf 90' lang='lat' dir='ltr'>deducant,</span> <span class='ocrx_word' id='word_1_31' title='bbox 1079 1004 1197 1083; x_wconf 87' lang='lat' dir='ltr'>quando</span> <span class='ocrx_word' id='word_1_32' title='bbox 1215 1004 1296 1066; x_wconf 90' lang='lat' dir='ltr'>nullu</span> 
     </span>
     <span class='ocr_line' id='line_1_5' title="bbox 285 1104 1297 1184; baseline 0 -18"><span class='ocrx_word' id='word_1_33' title='bbox 285 1106 359 1167; x_wconf 87' lang='lat' dir='ltr'>dens</span> <span class='ocrx_word' id='word_1_34' title='bbox 381 1104 524 1166; x_wconf 88' lang='lat' dir='ltr'>liberetur</span> <span class='ocrx_word' id='word_1_35' title='bbox 544 1104 601 1165; x_wconf 89' lang='lat' dir='ltr'>ista</span> <span class='ocrx_word' id='word_1_36' title='bbox 624 1104 814 1184; x_wconf 76' lang='lat' dir='ltr'>quaestione,</span> <span class='ocrx_word' id='word_1_37' title='bbox 844 1114 877 1166; x_wconf 92' lang='lat' dir='ltr'>nt</span> <span class='ocrx_word' id='word_1_38' title='bbox 904 1124 964 1166; x_wconf 93' lang='lat' dir='ltr'>non</span> <span class='ocrx_word' id='word_1_39' title='bbox 993 1112 1097 1166; x_wconf 79' lang='lat' dir='ltr'>auctor</span> <span class='ocrx_word' id='word_1_40' title='bbox 1124 1105 1192 1166; x_wconf 89' lang='lat' dir='ltr'>mali</span> <span class='ocrx_word' id='word_1_41' title='bbox 1214 1105 1297 1166; x_wconf 84' lang='lat' dir='ltr'>vider</span> 
     </span>
     <span class='ocr_line' id='line_1_6' title="bbox 284 1204 1282 1286; baseline 0 -20"><span class='ocrx_word' id='word_1_42' title='bbox 284 1205 382 1286; x_wconf 82' lang='lat' dir='ltr'>possit</span> <span class='ocrx_word' id='word_1_43' title='bbox 402 1204 538 1284; x_wconf 85' lang='lat' dir='ltr'>quisquis</span> <span class='ocrx_word' id='word_1_44' title='bbox 566 1204 615 1266; x_wconf 86' lang='lat' dir='ltr'>iiie</span> <span class='ocrx_word' id='word_1_45' title='bbox 646 1214 691 1266; x_wconf 89' lang='lat' dir='ltr'>est</span> <span class='ocrx_word' id='word_1_46' title='bbox 718 1206 769 1284; x_wconf 91' lang='lat' dir='ltr'>qni</span> <span class='ocrx_word' id='word_1_47' title='bbox 796 1205 905 1267; x_wconf 90' lang='lat' dir='ltr'>malum</span> <span class='ocrx_word' id='word_1_48' title='bbox 932 1206 988 1267; x_wconf 90' lang='lat' dir='ltr'>etsi</span> <span class='ocrx_word' id='word_1_49' title='bbox 1015 1224 1076 1266; x_wconf 92' lang='lat' dir='ltr'>non</span> <span class='ocrx_word' id='word_1_50' title='bbox 1104 1206 1170 1285; x_wconf 90' lang='lat' dir='ltr'>ipse</span> <span class='ocrx_word' id='word_1_51' title='bbox 1197 1207 1282 1280; x_wconf 83' lang='lat' dir='ltr'>iecit,</span> 
     </span>
     <span class='ocr_line' id='line_1_7' title="bbox 284 1305 1297 1387; baseline 0 -19"><span class='ocrx_word' id='word_1_52' title='bbox 284 1325 461 1387; x_wconf 91' lang='lat' dir='ltr'>quocunque</span> <span class='ocrx_word' id='word_1_53' title='bbox 482 1305 530 1368; x_wconf 75' lang='lat' dir='ltr'>“et</span> <span class='ocrx_word' id='word_1_54' title='bbox 551 1305 709 1367; x_wconf 85' lang='lat' dir='ltr'>undeunde</span> <span class='ocrx_word' id='word_1_55' title='bbox 730 1325 841 1386; x_wconf 88' lang='lat' dir='ltr'>passus</span> <span class='ocrx_word' id='word_1_56' title='bbox 864 1316 910 1369; x_wconf 86' lang='lat' dir='ltr'>est</span> <span class='ocrx_word' id='word_1_57' title='bbox 930 1306 1004 1368; x_wconf 85' lang='lat' dir='ltr'>deri.</span> <span class='ocrx_word' id='word_1_58' title='bbox 1041 1306 1147 1369; x_wconf 76' lang='lat' dir='ltr'>Audiat</span> <span class='ocrx_word' id='word_1_59' title='bbox 1168 1307 1259 1385; x_wconf 86' lang='lat' dir='ltr'>igitur</span> <span class='ocrx_word' id='word_1_60' title='bbox 1281 1326 1297 1368; x_wconf 92' lang='lat' dir='ltr'>e</span> 
     </span>
     <span class='ocr_line' id='line_1_8' title="bbox 283 1406 1297 1488; baseline -0.001 -18"><span class='ocrx_word' id='word_1_61' title='bbox 283 1427 392 1488; x_wconf 89' lang='lat' dir='ltr'>genes,</span> <span class='ocrx_word' id='word_1_62' title='bbox 415 1407 485 1468; x_wconf 91' lang='lat' dir='ltr'>dum</span> <span class='ocrx_word' id='word_1_63' title='bbox 507 1406 575 1469; x_wconf 90' lang='lat' dir='ltr'>alibi</span> <span class='ocrx_word' id='word_1_64' title='bbox 598 1407 635 1468; x_wconf 91' lang='lat' dir='ltr'>de</span> <span class='ocrx_word' id='word_1_65' title='bbox 658 1407 726 1468; x_wconf 92' lang='lat' dir='ltr'>mali</span> <span class='ocrx_word' id='word_1_66' title='bbox 747 1408 863 1469; x_wconf 88' lang='lat' dir='ltr'>ratione</span> <span class='ocrx_word' id='word_1_67' title='bbox 885 1407 1109 1487; x_wconf 78' lang='lat' dir='ltr'>distinguimus,</span> <span class='ocrx_word' id='word_1_68' title='bbox 1143 1407 1260 1469; x_wconf 89' lang='lat' dir='ltr'>interim</span> <span class='ocrx_word' id='word_1_69' title='bbox 1284 1428 1297 1470; x_wconf 90' lang='lat' dir='ltr'>s</span> 
     </span>
     <span class='ocr_line' id='line_1_9' title="bbox 283 1507 1297 1588; baseline -0.001 -18"><span class='ocrx_word' id='word_1_70' title='bbox 283 1509 355 1570; x_wconf 87' lang='lat' dir='ltr'>nihii</span> <span class='ocrx_word' id='word_1_71' title='bbox 378 1507 477 1588; x_wconf 87' lang='lat' dir='ltr'>egisse</span> <span class='ocrx_word' id='word_1_72' title='bbox 498 1508 553 1570; x_wconf 88' lang='lat' dir='ltr'>hac</span> <span class='ocrx_word' id='word_1_73' title='bbox 575 1526 629 1568; x_wconf 91' lang='lat' dir='ltr'>sua</span> <span class='ocrx_word' id='word_1_74' title='bbox 651 1507 841 1569; x_wconf 71' lang='lat' dir='ltr'>iniectionet.</span> <span class='ocrx_word' id='word_1_75' title='bbox 883 1509 959 1571; x_wconf 88' lang='lat' dir='ltr'>Ecce</span> <span class='ocrx_word' id='word_1_76' title='bbox 981 1510 1075 1581; x_wconf 89' lang='lat' dir='ltr'>enim,</span> <span class='ocrx_word' id='word_1_77' title='bbox 1099 1510 1156 1570; x_wconf 91' lang='lat' dir='ltr'>etsi</span> <span class='ocrx_word' id='word_1_78' title='bbox 1178 1529 1239 1571; x_wconf 90' lang='lat' dir='ltr'>noo</span> <span class='ocrx_word' id='word_1_79' title='bbox 1261 1526 1297 1569; x_wconf 90' lang='lat' dir='ltr'>au</span> 
     </span>
     <span class='ocr_line' id='line_1_10' title="bbox 283 1608 1297 1689; baseline -0.002 -17"><span class='ocrx_word' id='word_1_80' title='bbox 283 1609 472 1672; x_wconf 69' lang='lat' dir='ltr'>&#39;assentator</span> <span class='ocrx_word' id='word_1_81' title='bbox 493 1608 578 1670; x_wconf 87' lang='lat' dir='ltr'>maii·</span> <span class='ocrx_word' id='word_1_82' title='bbox 598 1609 748 1672; x_wconf 86' lang='lat' dir='ltr'>invenitur</span> <span class='ocrx_word' id='word_1_83' title='bbox 769 1609 861 1685; x_wconf 89' lang='lat' dir='ltr'>deus,</span> <span class='ocrx_word' id='word_1_84' title='bbox 892 1611 942 1689; x_wconf 91' lang='lat' dir='ltr'>qni</span> <span class='ocrx_word' id='word_1_85' title='bbox 965 1609 1073 1671; x_wconf 87' lang='lat' dir='ltr'>melum</span> <span class='ocrx_word' id='word_1_86' title='bbox 1096 1611 1235 1671; x_wconf 89' lang='lat' dir='ltr'>materiae</span> <span class='ocrx_word' id='word_1_87' title='bbox 1257 1618 1297 1672; x_wconf 83' lang='lat' dir='ltr'>tar</span> 
     </span>
     <span class='ocr_line' id='line_1_11' title="bbox 282 1709 1296 1790; baseline -0.002 -17"><span class='ocrx_word' id='word_1_88' title='bbox 282 1710 348 1774; x_wconf 89' lang='lat' dir='ltr'>nuit</span> <span class='ocrx_word' id='word_1_89' title='bbox 369 1711 406 1772; x_wconf 91' lang='lat' dir='ltr'>de</span> <span class='ocrx_word' id='word_1_90' title='bbox 427 1709 530 1772; x_wconf 64' lang='lat' dir='ltr'>bono*</span> <span class='ocrx_word' id='word_1_91' title='bbox 551 1718 619 1770; x_wconf 89' lang='lat' dir='ltr'>ante</span> <span class='ocrx_word' id='word_1_92' title='bbox 642 1709 743 1772; x_wconf 90' lang='lat' dir='ltr'>mundi</span> <span class='ocrx_word' id='word_1_93' title='bbox 764 1710 1024 1785; x_wconf 89' lang='lat' dir='ltr'>constitutionem,</span> <span class='ocrx_word' id='word_1_94' title='bbox 1053 1729 1139 1790; x_wconf 86' lang='lat' dir='ltr'>quarn</span> <span class='ocrx_word' id='word_1_95' title='bbox 1164 1720 1195 1772; x_wconf 90' lang='lat' dir='ltr'>ut</span> <span class='ocrx_word' id='word_1_96' title='bbox 1217 1711 1296 1771; x_wconf 92' lang='lat' dir='ltr'>bonu</span> 
     </span>
     <span class='ocr_line' id='line_1_12' title="bbox 260 1792 1297 1891; baseline -0.002 -17"><span class='ocrx_word' id='word_1_97' title='bbox 260 1792 265 1803; x_wconf 47' lang='lat'>⁸</span> <span class='ocrx_word' id='word_1_98' title='bbox 283 1811 416 1874; x_wconf 87' lang='lat' dir='ltr'>aemulus</span> <span class='ocrx_word' id='word_1_99' title='bbox 439 1810 616 1873; x_wconf 86' lang='lat' dir='ltr'>emendasse</span> <span class='ocrx_word' id='word_1_100' title='bbox 637 1810 789 1873; x_wconf 87' lang='lat' dir='ltr'>debuerat.</span> <span class='ocrx_word' id='word_1_101' title='bbox 829 1811 887 1873; x_wconf 78' lang='lat' dir='ltr'>tut</span> <span class='ocrx_word' id='word_1_102' title='bbox 908 1812 987 1874; x_wconf 92' lang='lat' dir='ltr'>enim</span> <span class='ocrx_word' id='word_1_103' title='bbox 1009 1811 1106 1891; x_wconf 85' lang='lat' dir='ltr'>potnit</span> <span class='ocrx_word' id='word_1_104' title='bbox 1127 1813 1297 1885; x_wconf 88' lang='lat' dir='ltr'>emendare,</span> 
     </span>
     <span class='ocr_line' id='line_1_13' title="bbox 282 1911 1282 1992; baseline -0.001 -18"><span class='ocrx_word' id='word_1_105' title='bbox 282 1913 353 1987; x_wconf 86' lang='lat' dir='ltr'>luit,</span> <span class='ocrx_word' id='word_1_106' title='bbox 376 1919 427 1974; x_wconf 89' lang='lat' dir='ltr'>ent</span> <span class='ocrx_word' id='word_1_107' title='bbox 447 1911 541 1973; x_wconf 82' lang='lat' dir='ltr'>voluit</span> <span class='ocrx_word' id='word_1_108' title='bbox 562 1912 696 1991; x_wconf 89' lang='lat' dir='ltr'>quidem,</span> <span class='ocrx_word' id='word_1_109' title='bbox 720 1931 822 1973; x_wconf 85' lang='lat' dir='ltr'>verum</span> <span class='ocrx_word' id='word_1_110' title='bbox 844 1931 906 1973; x_wconf 92' lang='lat' dir='ltr'>non</span> <span class='ocrx_word' id='word_1_111' title='bbox 927 1912 1025 1992; x_wconf 91' lang='lat' dir='ltr'>potuit</span> <span class='ocrx_word' id='word_1_112' title='bbox 1046 1912 1180 1974; x_wconf 85' lang='lat' dir='ltr'>infirmus</span> <span class='ocrx_word' id='word_1_113' title='bbox 1196 1913 1282 1976; x_wconf 90' lang='lat' dir='ltr'>dens.</span> 
     </span>
     <span class='ocr_line' id='line_1_14' title="bbox 281 2012 1297 2093; baseline -0.004 -17"><span class='ocrx_word' id='word_1_114' title='bbox 281 2023 312 2076; x_wconf 91' lang='lat' dir='ltr'>et</span> <span class='ocrx_word' id='word_1_115' title='bbox 332 2013 443 2086; x_wconf 87' lang='lat' dir='ltr'>noluit,</span> <span class='ocrx_word' id='word_1_116' title='bbox 465 2013 560 2074; x_wconf 89' lang='lat' dir='ltr'>mains</span> <span class='ocrx_word' id='word_1_117' title='bbox 583 2023 613 2073; x_wconf 88' lang='lat' dir='ltr'>et</span> <span class='ocrx_word' id='word_1_118' title='bbox 633 2012 714 2092; x_wconf 87' lang='lat' dir='ltr'>ipse,</span> <span class='ocrx_word' id='word_1_119' title='bbox 738 2014 806 2093; x_wconf 92' lang='lat' dir='ltr'>quia</span> <span class='ocrx_word' id='word_1_120' title='bbox 821 2013 898 2075; x_wconf 87' lang='lat' dir='ltr'>malo</span> <span class='ocrx_word' id='word_1_121' title='bbox 913 2013 1000 2087; x_wconf 84' lang='lat' dir='ltr'>iavit,</span> <span class='ocrx_word' id='word_1_122' title='bbox 1023 2013 1110 2074; x_wconf 82' lang='lat' dir='ltr'>etsie</span> <span class='ocrx_word' id='word_1_123' title='bbox 1127 2013 1184 2074; x_wconf 88' lang='lat' dir='ltr'>iam</span> <span class='ocrx_word' id='word_1_124' title='bbox 1199 2012 1297 2074; x_wconf 74' lang='lat' dir='ltr'>&#39;habet</span> 
     </span>
     <span class='ocr_line' id='line_1_15' title="bbox 284 2109 1297 2197; baseline -0.004 -20"><span class='ocrx_word' id='word_1_125' title='bbox 284 2116 364 2197; x_wconf 86' lang='lat' dir='ltr'>quod</span> <span class='ocrx_word' id='word_1_126' title='bbox 384 2115 454 2177; x_wconf 91' lang='lat' dir='ltr'>licet</span> <span class='ocrx_word' id='word_1_127' title='bbox 474 2132 535 2175; x_wconf 93' lang='lat' dir='ltr'>non</span> <span class='ocrx_word' id='word_1_128' title='bbox 557 2112 752 2186; x_wconf 80' lang='lat' dir='ltr'>⁹institnerit,</span> <span class='ocrx_word' id='word_1_129' title='bbox 765 2113 872 2194; x_wconf 88' lang='lat' dir='ltr'>·¹⁰quia</span> <span class='ocrx_word' id='word_1_130' title='bbox 894 2109 1024 2187; x_wconf 77' lang='lat' dir='ltr'>tamen,&#39;</span> <span class='ocrx_word' id='word_1_131' title='bbox 1038 2114 1065 2174; x_wconf 89' lang='lat' dir='ltr'>si</span> <span class='ocrx_word' id='word_1_132' title='bbox 1086 2113 1234 2176; x_wconf 86' lang='lat' dir='ltr'>noluisset</span> <span class='ocrx_word' id='word_1_133' title='bbox 1256 2113 1297 2173; x_wconf 87' lang='lat' dir='ltr'>¹¹ii</span> 
     </span>
     <span class='ocr_line' id='line_1_16' title="bbox 283 2214 1297 2295; baseline -0.004 -17"><span class='ocrx_word' id='word_1_134' title='bbox 283 2235 345 2279; x_wconf 92' lang='lat' dir='ltr'>non</span> <span class='ocrx_word' id='word_1_135' title='bbox 366 2224 461 2289; x_wconf 90' lang='lat' dir='ltr'>esset,</span> <span class='ocrx_word' id='word_1_136' title='bbox 494 2215 561 2295; x_wconf 90' lang='lat' dir='ltr'>ipse</span> <span class='ocrx_word' id='word_1_137' title='bbox 583 2215 640 2276; x_wconf 87' lang='lat' dir='ltr'>iam</span> <span class='ocrx_word' id='word_1_138' title='bbox 660 2214 733 2276; x_wconf 83' lang='lat' dir='ltr'>fecit</span> <span class='ocrx_word' id='word_1_139' title='bbox 753 2233 823 2275; x_wconf 87' lang='lat' dir='ltr'>esse</span> <span class='ocrx_word' id='word_1_140' title='bbox 844 2215 923 2293; x_wconf 91' lang='lat' dir='ltr'>quod</span> <span class='ocrx_word' id='word_1_141' title='bbox 945 2214 1039 2276; x_wconf 91' lang='lat' dir='ltr'>noluit</span> <span class='ocrx_word' id='word_1_142' title='bbox 1060 2233 1119 2275; x_wconf 93' lang='lat' dir='ltr'>non</span> <span class='ocrx_word' id='word_1_143' title='bbox 1143 2233 1221 2275; x_wconf 89' lang='lat' dir='ltr'>esse.</span> <span class='ocrx_word' id='word_1_144' title='bbox 1267 2215 1297 2288; x_wconf 45' lang='lat' dir='ltr'>Q*</span> 
     </span>
     <span class='ocr_line' id='line_1_17' title="bbox 282 2314 1289 2402; baseline -0.003 -23"><span class='ocrx_word' id='word_1_145' title='bbox 282 2325 330 2380; x_wconf 91' lang='lat' dir='ltr'>est</span> <span class='ocrx_word' id='word_1_146' title='bbox 343 2314 484 2398; x_wconf 73' lang='lat' dir='ltr'>turpius?</span> <span class='ocrx_word' id='word_1_147' title='bbox 517 2314 549 2377; x_wconf 90' lang='lat' dir='ltr'>Si</span> <span class='ocrx_word' id='word_1_148' title='bbox 570 2315 599 2376; x_wconf 90' lang='lat' dir='ltr'>id</span> <span class='ocrx_word' id='word_1_149' title='bbox 621 2314 714 2377; x_wconf 82' lang='lat' dir='ltr'>voluit</span> <span class='ocrx_word' id='word_1_150' title='bbox 735 2334 804 2377; x_wconf 88' lang='lat' dir='ltr'>esse</span> <span class='ocrx_word' id='word_1_151' title='bbox 826 2315 904 2394; x_wconf 90' lang='lat' dir='ltr'>qnod</span> <span class='ocrx_word' id='word_1_152' title='bbox 926 2315 991 2395; x_wconf 89' lang='lat' dir='ltr'>ipse</span> <span class='ocrx_word' id='word_1_153' title='bbox 1013 2314 1107 2402; x_wconf 90' lang='lat' dir='ltr'>noluit</span> <span class='ocrx_word' id='word_1_154' title='bbox 1121 2315 1244 2386; x_wconf 83' lang='lat' dir='ltr'>iecisse,</span> <span class='ocrx_word' id='word_1_155' title='bbox 1267 2314 1289 2347; x_wconf 78' lang='lat'>¹⁸</span> 
     </span>
     <span class='ocr_line' id='line_1_18' title="bbox 282 2416 1283 2502; baseline -0.005 -21"><span class='ocrx_word' id='word_1_156' title='bbox 282 2418 475 2498; x_wconf 85' lang='lat' dir='ltr'>semetipsum</span> <span class='ocrx_word' id='word_1_157' title='bbox 498 2416 572 2495; x_wconf 87' lang='lat' dir='ltr'>egit,</span> <span class='ocrx_word' id='word_1_158' title='bbox 596 2434 662 2478; x_wconf 90' lang='lat' dir='ltr'>cnm</span> <span class='ocrx_word' id='word_1_159' title='bbox 684 2424 714 2478; x_wconf 89' lang='lat' dir='ltr'>et</span> <span class='ocrx_word' id='word_1_160' title='bbox 735 2416 829 2478; x_wconf 86' lang='lat' dir='ltr'>voluit</span> <span class='ocrx_word' id='word_1_161' title='bbox 849 2435 917 2479; x_wconf 87' lang='lat' dir='ltr'>esse</span> <span class='ocrx_word' id='word_1_162' title='bbox 939 2417 1019 2496; x_wconf 90' lang='lat' dir='ltr'>quod</span> <span class='ocrx_word' id='word_1_163' title='bbox 1041 2416 1137 2477; x_wconf 92' lang='lat' dir='ltr'>noluit</span> <span class='ocrx_word' id='word_1_164' title='bbox 1157 2417 1283 2502; x_wconf 78' lang='lat' dir='ltr'>iecisse,</span> 
     </span>
     <span class='ocr_line' id='line_1_19' title="bbox 281 2516 1297 2597; baseline -0.004 -16"><span class='ocrx_word' id='word_1_165' title='bbox 281 2520 391 2582; x_wconf 80' lang='lat' dir='ltr'>iecisse</span> <span class='ocrx_word' id='word_1_166' title='bbox 412 2517 492 2597; x_wconf 90' lang='lat' dir='ltr'>quod</span> <span class='ocrx_word' id='word_1_167' title='bbox 514 2516 608 2578; x_wconf 83' lang='lat' dir='ltr'>voluit</span> <span class='ocrx_word' id='word_1_168' title='bbox 629 2535 708 2578; x_wconf 87' lang='lat' dir='ltr'>esse.</span> <span class='ocrx_word' id='word_1_169' title='bbox 752 2518 844 2590; x_wconf 86' lang='lat' dir='ltr'>Quasi</span> <span class='ocrx_word' id='word_1_170' title='bbox 865 2517 978 2579; x_wconf 89' lang='lat' dir='ltr'>bonurn</span> <span class='ocrx_word' id='word_1_171' title='bbox 1000 2516 1094 2578; x_wconf 79' lang='lat' dir='ltr'>voluit</span> <span class='ocrx_word' id='word_1_172' title='bbox 1115 2536 1198 2589; x_wconf 85' lang='lat' dir='ltr'>esse,</span> <span class='ocrx_word' id='word_1_173' title='bbox 1228 2526 1259 2578; x_wconf 92' lang='lat' dir='ltr'>et</span> <span class='ocrx_word' id='word_1_174' title='bbox 1280 2537 1297 2597; x_wconf 90' lang='lat' dir='ltr'><strong>q</strong></span> 
     </span>
     <span class='ocr_line' id='line_1_20' title="bbox 281 2616 1291 2693; baseline -0.003 -11"><span class='ocrx_word' id='word_1_175' title='bbox 281 2618 342 2682; x_wconf 90' lang='lat' dir='ltr'>lum</span> <span class='ocrx_word' id='word_1_176' title='bbox 363 2618 460 2681; x_wconf 88' lang='lat' dir='ltr'>noluit</span> <span class='ocrx_word' id='word_1_177' title='bbox 480 2616 599 2679; x_wconf 81' lang='lat' dir='ltr'>iecisse.</span> <span class='ocrx_word' id='word_1_178' title='bbox 637 2617 725 2690; x_wconf 87' lang='lat' dir='ltr'>Quod</span> <span class='ocrx_word' id='word_1_179' title='bbox 739 2636 801 2679; x_wconf 93' lang='lat' dir='ltr'>non</span> <span class='ocrx_word' id='word_1_180' title='bbox 824 2617 983 2680; x_wconf 74' lang='lat' dir='ltr'>¹‘iaciendo</span> <span class='ocrx_word' id='word_1_181' title='bbox 1006 2618 1114 2679; x_wconf 89' lang='lat' dir='ltr'>malurn</span> <span class='ocrx_word' id='word_1_182' title='bbox 1138 2618 1291 2693; x_wconf 84' lang='lat' dir='ltr'>indicavit,</span> 
     </span>
     <span class='ocr_line' id='line_1_21' title="bbox 281 2718 1297 2799; baseline -0.006 -17"><span class='ocrx_word' id='word_1_183' title='bbox 281 2719 380 2782; x_wconf 90' lang='lat' dir='ltr'>nendo</span> <span class='ocrx_word' id='word_1_184' title='bbox 401 2718 513 2780; x_wconf 91' lang='lat' dir='ltr'>bonum</span> <span class='ocrx_word' id='word_1_185' title='bbox 537 2718 789 2797; x_wconf 69' lang='lat' dir='ltr'>¹‘praenuntiavit</span> <span class='ocrx_word' id='word_1_186' title='bbox 824 2718 932 2781; x_wconf 76' lang='lat' dir='ltr'>Maium</span> <span class='ocrx_word' id='word_1_187' title='bbox 954 2737 1010 2799; x_wconf 92' lang='lat' dir='ltr'>pro</span> <span class='ocrx_word' id='word_1_188' title='bbox 1032 2719 1112 2781; x_wconf 92' lang='lat' dir='ltr'>bono</span> <span class='ocrx_word' id='word_1_189' title='bbox 1135 2719 1297 2781; x_wconf 86' lang='lat' dir='ltr'>sustinend</span> 
     </span>
     <span class='ocr_line' id='line_1_22' title="bbox 281 2817 1297 2903; baseline -0.002 -21"><span class='ocrx_word' id='word_1_190' title='bbox 281 2821 381 2903; x_wconf 87' lang='lat' dir='ltr'>potius</span> <span class='ocrx_word' id='word_1_191' title='bbox 404 2817 596 2892; x_wconf 88' lang='lat' dir='ltr'>eradicando,</span> <span class='ocrx_word' id='word_1_192' title='bbox 618 2827 753 2880; x_wconf 85' lang='lat' dir='ltr'>assertor</span> <span class='ocrx_word' id='word_1_193' title='bbox 774 2819 839 2882; x_wconf 89' lang='lat' dir='ltr'>eius</span> <span class='ocrx_word' id='word_1_194' title='bbox 860 2821 997 2882; x_wconf 82' lang='lat' dir='ltr'>inventus</span> <span class='ocrx_word' id='word_1_195' title='bbox 1019 2831 1084 2893; x_wconf 88' lang='lat' dir='ltr'>est,</span> <span class='ocrx_word' id='word_1_196' title='bbox 1106 2820 1198 2895; x_wconf 87' lang='lat' dir='ltr'>male,</span> <span class='ocrx_word' id='word_1_197' title='bbox 1223 2821 1249 2882; x_wconf 90' lang='lat' dir='ltr'>si</span> <span class='ocrx_word' id='word_1_198' title='bbox 1270 2840 1297 2902; x_wconf 75' lang='lat' dir='ltr'>pr</span> 
     </span>
     <span class='ocr_line' id='line_1_23' title="bbox 282 2919 1297 3000; baseline 0.001 -17"><span class='ocrx_word' id='word_1_199' title='bbox 282 2931 388 2995; x_wconf 90' lang='lat' dir='ltr'>tatem,</span> <span class='ocrx_word' id='word_1_200' title='bbox 415 2920 558 3000; x_wconf 88' lang='lat' dir='ltr'>turpiter,</span> <span class='ocrx_word' id='word_1_201' title='bbox 586 2919 612 2981; x_wconf 89' lang='lat' dir='ltr'>si</span> <span class='ocrx_word' id='word_1_202' title='bbox 640 2938 695 2999; x_wconf 90' lang='lat' dir='ltr'>per</span> <span class='ocrx_word' id='word_1_203' title='bbox 716 2923 937 2984; x_wconf 88' lang='lat' dir='ltr'>necessitatem.</span> <span class='ocrx_word' id='word_1_204' title='bbox 980 2922 1039 2984; x_wconf 77' lang='lat' dir='ltr'>Aut</span> <span class='ocrx_word' id='word_1_205' title='bbox 1058 2922 1185 2984; x_wconf 78' lang='lat' dir='ltr'>famulus</span> <span class='ocrx_word' id='word_1_206' title='bbox 1208 2923 1297 2984; x_wconf 86' lang='lat' dir='ltr'>eritr</span> 
     </span>
     <span class='ocr_line' id='line_1_24' title="bbox 281 3020 1297 3096; baseline 0.001 -12"><span class='ocrx_word' id='word_1_207' title='bbox 281 3031 332 3085; x_wconf 89' lang='lat' dir='ltr'>aut</span> <span class='ocrx_word' id='word_1_208' title='bbox 353 3021 481 3094; x_wconf 79' lang='lat' dir='ltr'>eminis,</span> <span class='ocrx_word' id='word_1_209' title='bbox 504 3038 570 3083; x_wconf 88' lang='lat' dir='ltr'>curn</span> <span class='ocrx_word' id='word_1_210' title='bbox 594 3020 732 3083; x_wconf 88' lang='lat' dir='ltr'>materiae</span> <span class='ocrx_word' id='word_1_211' title='bbox 753 3022 832 3083; x_wconf 86' lang='lat' dir='ltr'>maio</span> <span class='ocrx_word' id='word_1_212' title='bbox 855 3031 1065 3096; x_wconf 85' lang='lat' dir='ltr'>conversatus,</span> <span class='ocrx_word' id='word_1_213' title='bbox 1088 3023 1197 3086; x_wconf 91' lang='lat' dir='ltr'>nedum</span> <span class='ocrx_word' id='word_1_214' title='bbox 1220 3023 1297 3085; x_wconf 90' lang='lat' dir='ltr'>etian</span> 
     </span>
     <span class='ocr_line' id='line_1_25' title="bbox 282 3123 520 3202; baseline -0.008 -17"><span class='ocrx_word' id='word_1_215' title='bbox 282 3123 346 3186; x_wconf 90' lang='lat' dir='ltr'>eius</span> <span class='ocrx_word' id='word_1_216' title='bbox 369 3129 520 3202; x_wconf 87' lang='lat' dir='ltr'>operatus.</span> 
     </span>
    </p>

    <p class='ocr_par' dir='ltr' id='par_1_3' title="bbox 164 3222 1297 3611">
     <span class='ocr_line' id='line_1_26' title="bbox 164 3222 1275 3303; baseline 0.006 -23"><span class='ocrx_word' id='word_1_217' title='bbox 164 3235 263 3294; x_wconf 69' lang='lat' dir='ltr'>capnt.</span> <span class='ocrx_word' id='word_1_218' title='bbox 365 3224 403 3285; x_wconf 88' lang='lat' dir='ltr'>Et</span> <span class='ocrx_word' id='word_1_219' title='bbox 424 3232 521 3285; x_wconf 81' lang='lat' dir='ltr'>temen</span> <span class='ocrx_word' id='word_1_220' title='bbox 543 3222 639 3284; x_wconf 85' lang='lat' dir='ltr'>¹unde</span> <span class='ocrx_word' id='word_1_221' title='bbox 660 3222 749 3284; x_wconf 90' lang='lat' dir='ltr'>nobis</span> <span class='ocrx_word' id='word_1_222' title='bbox 770 3224 931 3302; x_wconf 86' lang='lat' dir='ltr'>persuadet</span> <span class='ocrx_word' id='word_1_223' title='bbox 945 3223 1147 3303; x_wconf 80' lang='lat' dir='ltr'>Hermogenes</span> <span class='ocrx_word' id='word_1_224' title='bbox 1169 3225 1275 3287; x_wconf 87' lang='lat' dir='ltr'>maiam</span> 
     </span>
     <span class='ocr_line' id='line_1_27' title="bbox 281 3323 1278 3405; baseline -0.003 -15"><span class='ocrx_word' id='word_1_225' title='bbox 281 3323 411 3390; x_wconf 68' lang='lat' dir='ltr'>teriam?</span> <span class='ocrx_word' id='word_1_226' title='bbox 447 3323 513 3385; x_wconf 89' lang='lat' dir='ltr'>Non</span> <span class='ocrx_word' id='word_1_227' title='bbox 535 3323 614 3385; x_wconf 89' lang='lat' dir='ltr'>enim</span> <span class='ocrx_word' id='word_1_228' title='bbox 635 3324 746 3405; x_wconf 89' lang='lat' dir='ltr'>poterit</span> <span class='ocrx_word' id='word_1_229' title='bbox 766 3343 828 3385; x_wconf 92' lang='lat' dir='ltr'>non</span> <span class='ocrx_word' id='word_1_230' title='bbox 849 3325 958 3386; x_wconf 90' lang='lat' dir='ltr'>maium</span> <span class='ocrx_word' id='word_1_231' title='bbox 980 3324 1079 3387; x_wconf 77' lang='lat' dir='ltr'>dicem</span> <span class='ocrx_word' id='word_1_232' title='bbox 1100 3326 1147 3386; x_wconf 95' lang='lat' dir='ltr'>cui</span> <span class='ocrx_word' id='word_1_233' title='bbox 1170 3326 1278 3388; x_wconf 90' lang='lat' dir='ltr'>malum</span> 
     </span>
     <span class='ocr_line' id='line_1_28' title="bbox 281 3424 1297 3507; baseline -0.002 -16"><span class='ocrx_word' id='word_1_234' title='bbox 281 3429 354 3491; x_wconf 86' lang='lat' dir='ltr'>Nam</span> <span class='ocrx_word' id='word_1_235' title='bbox 382 3426 538 3490; x_wconf 85' lang='lat' dir='ltr'>definimus</span> <span class='ocrx_word' id='word_1_236' title='bbox 565 3424 791 3487; x_wconf 86' lang='lat' dir='ltr'>diminutionem</span> <span class='ocrx_word' id='word_1_237' title='bbox 824 3435 853 3486; x_wconf 92' lang='lat' dir='ltr'>et</span> <span class='ocrx_word' id='word_1_238' title='bbox 886 3425 1100 3488; x_wconf 87' lang='lat' dir='ltr'>subiectionem</span> <span class='ocrx_word' id='word_1_239' title='bbox 1131 3445 1237 3507; x_wconf 88' lang='lat' dir='ltr'>capere</span> <span class='ocrx_word' id='word_1_240' title='bbox 1266 3446 1297 3489; x_wconf 81' lang='lat' dir='ltr'>nr</span> 
     </span>
     <span class='ocr_line' id='line_1_29' title="bbox 280 3525 1297 3611; baseline -0.001 -19"><span class='ocrx_word' id='word_1_241' title='bbox 280 3529 380 3611; x_wconf 76' lang='lat' dir='ltr'>⁸guod</span> <span class='ocrx_word' id='word_1_242' title='bbox 403 3528 443 3590; x_wconf 92' lang='lat' dir='ltr'>sit</span> <span class='ocrx_word' id='word_1_243' title='bbox 463 3535 633 3600; x_wconf 88' lang='lat' dir='ltr'>aeternum,</span> <span class='ocrx_word' id='word_1_244' title='bbox 661 3537 693 3590; x_wconf 92' lang='lat' dir='ltr'>ut</span> <span class='ocrx_word' id='word_1_245' title='bbox 714 3526 763 3587; x_wconf 90' lang='lat' dir='ltr'>alii</span> <span class='ocrx_word' id='word_1_246' title='bbox 784 3525 959 3589; x_wconf 79' lang='lat' dir='ltr'>&#39;coaeterno</span> <span class='ocrx_word' id='word_1_247' title='bbox 986 3527 1111 3589; x_wconf 78' lang='lat' dir='ltr'>interius</span> <span class='ocrx_word' id='word_1_248' title='bbox 1139 3528 1297 3609; x_wconf 86' lang='lat' dir='ltr'>deputetur</span> 
     </span>
    </p>
   </div>
   <div class='ocr_carea' id='block_1_3' title="bbox 279 3678 1297 4147">
    <p class='ocr_par' dir='ltr' id='par_1_4' title="bbox 280 3678 1297 3946">
     <span class='ocr_line' id='line_1_30' title="bbox 280 3678 1297 3746; baseline 0.001 -14"><span class='ocrx_word' id='word_1_249' title='bbox 280 3683 306 3733; x_wconf 84' lang='lat' dir='ltr'>t.</span> <span class='ocrx_word' id='word_1_250' title='bbox 325 3690 348 3731; x_wconf 87' lang='lat' dir='ltr'>et</span> <span class='ocrx_word' id='word_1_251' title='bbox 365 3684 409 3732; x_wconf 83' lang='lat' dir='ltr'>te.</span> <span class='ocrx_word' id='word_1_252' title='bbox 460 3679 485 3730; x_wconf 73' lang='lat' dir='ltr'>d.</span> <span class='ocrx_word' id='word_1_253' title='bbox 503 3679 576 3728; x_wconf 83' lang='lat' dir='ltr'>elium</span> <span class='ocrx_word' id='word_1_254' title='bbox 595 3678 638 3730; x_wconf 80' lang='lat' dir='ltr'>AB.</span> <span class='ocrx_word' id='word_1_255' title='bbox 691 3678 715 3728; x_wconf 87' lang='grc'>6.</span> <span class='ocrx_word' id='word_1_256' title='bbox 734 3686 757 3728; x_wconf 90' lang='lat' dir='ltr'>et</span> <span class='ocrx_word' id='word_1_257' title='bbox 776 3678 839 3728; x_wconf 87' lang='lat' dir='ltr'>unde</span> <span class='ocrx_word' id='word_1_258' title='bbox 857 3694 945 3743; x_wconf 84' lang='lat' dir='ltr'>passos</span> <span class='ocrx_word' id='word_1_259' title='bbox 962 3680 988 3729; x_wconf 81' lang='grc' dir='ltr'>Α.</span> <span class='ocrx_word' id='word_1_260' title='bbox 1040 3679 1064 3730; x_wconf 76' lang='lat' dir='ltr'>i.</span> <span class='ocrx_word' id='word_1_261' title='bbox 1082 3679 1219 3730; x_wconf 83' lang='lat' dir='ltr'>adsectator</span> <span class='ocrx_word' id='word_1_262' title='bbox 1234 3684 1297 3746; x_wconf 76' lang='lat' dir='ltr'>piore</span> 
     </span>
     <span class='ocr_line' id='line_1_31' title="bbox 280 3745 1283 3811; baseline -0.003 -10"><span class='ocrx_word' id='word_1_263' title='bbox 280 3749 305 3801; x_wconf 80' lang='lat'>8.</span> <span class='ocrx_word' id='word_1_264' title='bbox 323 3750 426 3799; x_wconf 79' lang='lat' dir='ltr'>habetor</span> <span class='ocrx_word' id='word_1_265' title='bbox 442 3761 500 3796; x_wconf 86' lang='lat' dir='ltr'>rens</span> <span class='ocrx_word' id='word_1_266' title='bbox 518 3762 568 3809; x_wconf 78' lang='lat' dir='ltr'>ego.</span> <span class='ocrx_word' id='word_1_267' title='bbox 612 3745 714 3795; x_wconf 82' lang='lat' dir='ltr'>hebetur</span> <span class='ocrx_word' id='word_1_268' title='bbox 739 3746 791 3796; x_wconf 87' lang='lat' dir='ltr'>eius</span> <span class='ocrx_word' id='word_1_269' title='bbox 815 3746 902 3798; x_wconf 77' lang='lat' dir='ltr'>ABaoc.</span> <span class='ocrx_word' id='word_1_270' title='bbox 945 3747 1048 3797; x_wconf 70' lang='lat' dir='ltr'>habetor</span> <span class='ocrx_word' id='word_1_271' title='bbox 1071 3757 1156 3797; x_wconf 70' lang='lat' dir='ltr'>annor</span> <span class='ocrx_word' id='word_1_272' title='bbox 1178 3750 1232 3799; x_wconf 85' lang='lat' dir='ltr'>eins</span> <span class='ocrx_word' id='word_1_273' title='bbox 1250 3752 1283 3811; x_wconf 75' lang='lat' dir='ltr'>d,</span> 
     </span>
     <span class='ocr_line' id='line_1_32' title="bbox 282 3813 1297 3881; baseline -0.002 -14"><span class='ocrx_word' id='word_1_274' title='bbox 282 3818 373 3867; x_wconf 74' lang='lat' dir='ltr'>[irriso.</span> <span class='ocrx_word' id='word_1_275' title='bbox 424 3813 449 3864; x_wconf 77' lang='grc'>9.</span> <span class='ocrx_word' id='word_1_276' title='bbox 467 3816 578 3864; x_wconf 84' lang='lat' dir='ltr'>statuerit</span> <span class='ocrx_word' id='word_1_277' title='bbox 594 3814 619 3863; x_wconf 81' lang='grc' dir='ltr'>Α.</span> <span class='ocrx_word' id='word_1_278' title='bbox 675 3814 713 3862; x_wconf 89' lang='lat' dir='ltr'>ro.</span> <span class='ocrx_word' id='word_1_279' title='bbox 731 3815 834 3878; x_wconf 76' lang='lat' dir='ltr'>ouidii.</span> <span class='ocrx_word' id='word_1_280' title='bbox 889 3814 928 3864; x_wconf 85' lang='lat' dir='ltr'>ll.</span> <span class='ocrx_word' id='word_1_281' title='bbox 947 3815 971 3864; x_wconf 93' lang='lat' dir='ltr'>id</span> <span class='ocrx_word' id='word_1_282' title='bbox 988 3818 1013 3866; x_wconf 80' lang='grc' dir='ltr'>Α.</span> <span class='ocrx_word' id='word_1_283' title='bbox 1060 3813 1098 3864; x_wconf 82' lang='lat'>12.</span> <span class='ocrx_word' id='word_1_284' title='bbox 1117 3816 1215 3880; x_wconf 81' lang='lat' dir='ltr'>quidem</span> <span class='ocrx_word' id='word_1_285' title='bbox 1234 3817 1297 3881; x_wconf 86' lang='lat' dir='ltr'>turpi</span> 
     </span>
     <span class='ocr_line' id='line_1_33' title="bbox 280 3880 1297 3946; baseline -0.002 -12"><span class='ocrx_word' id='word_1_286' title='bbox 280 3882 437 3934; x_wconf 70' lang='lat' dir='ltr'>adversust.</span> <span class='ocrx_word' id='word_1_287' title='bbox 492 3880 531 3930; x_wconf 80' lang='lat' dir='ltr'>it.</span> <span class='ocrx_word' id='word_1_288' title='bbox 549 3881 685 3931; x_wconf 77' lang='lat' dir='ltr'>feriendum</span> <span class='ocrx_word' id='word_1_289' title='bbox 703 3883 729 3930; x_wconf 81' lang='grc' dir='ltr'>Α.</span> <span class='ocrx_word' id='word_1_290' title='bbox 783 3881 822 3930; x_wconf 76' lang='lat' dir='ltr'>tn.</span> <span class='ocrx_word' id='word_1_291' title='bbox 840 3882 1075 3944; x_wconf 67' lang='lat' dir='ltr'>praenuntientur.</span> <span class='ocrx_word' id='word_1_292' title='bbox 1111 3884 1297 3946; x_wconf 80' lang='lat' dir='ltr'>pronontirvitr</span> 
     </span>
    </p>

    <p class='ocr_par' dir='ltr' id='par_1_5' title="bbox 279 3946 1297 4147">
     <span class='ocr_line' id='line_1_34' title="bbox 348 3946 1297 4014; baseline 0.003 -15"><span class='ocrx_word' id='word_1_293' title='bbox 348 3948 407 4014; x_wconf 73' lang='lat' dir='ltr'>(lap.</span> <span class='ocrx_word' id='word_1_294' title='bbox 425 3947 463 3998; x_wconf 80' lang='lat' dir='ltr'>xl.</span> <span class='ocrx_word' id='word_1_295' title='bbox 501 3947 522 3996; x_wconf 88' lang='lat' dir='ltr'>i.</span> <span class='ocrx_word' id='word_1_296' title='bbox 541 3961 589 3997; x_wconf 88' lang='lat' dir='ltr'>noo</span> <span class='ocrx_word' id='word_1_297' title='bbox 608 3949 638 3997; x_wconf 87' lang='lat' dir='ltr'>de</span> <span class='ocrx_word' id='word_1_298' title='bbox 654 3949 699 3998; x_wconf 78' lang='lat' dir='ltr'>AB.</span> <span class='ocrx_word' id='word_1_299' title='bbox 751 3946 775 3998; x_wconf 84' lang='lat'>2.</span> <span class='ocrx_word' id='word_1_300' title='bbox 793 3950 858 4012; x_wconf 87' lang='lat' dir='ltr'>qood</span> <span class='ocrx_word' id='word_1_301' title='bbox 876 3949 908 4004; x_wconf 80' lang='lat' dir='ltr'>eit</span> <span class='ocrx_word' id='word_1_302' title='bbox 925 3957 1049 3999; x_wconf 85' lang='lat' dir='ltr'>aeternnm</span> <span class='ocrx_word' id='word_1_303' title='bbox 1067 3952 1143 4010; x_wconf 75' lang='lat' dir='ltr'>abed,</span> <span class='ocrx_word' id='word_1_304' title='bbox 1163 3966 1193 4000; x_wconf 80' lang='lat' dir='ltr'>ec</span> <span class='ocrx_word' id='word_1_305' title='bbox 1210 3952 1297 4002; x_wconf 70' lang='lat' dir='ltr'>emendo</span> 
     </span>
     <span class='ocr_line' id='line_1_35' title="bbox 280 4016 1297 4084; baseline 0.002 -17"><span class='ocrx_word' id='word_1_306' title='bbox 280 4017 350 4076; x_wconf 79' lang='lat' dir='ltr'>onor</span> <span class='ocrx_word' id='word_1_307' title='bbox 368 4017 388 4066; x_wconf 86' lang='lat' dir='ltr'>si</span> <span class='ocrx_word' id='word_1_308' title='bbox 407 4017 439 4066; x_wconf 80' lang='lat' dir='ltr'>ite</span> <span class='ocrx_word' id='word_1_309' title='bbox 457 4016 502 4064; x_wconf 86' lang='lat' dir='ltr'>erit</span> <span class='ocrx_word' id='word_1_310' title='bbox 519 4023 643 4065; x_wconf 85' lang='lat' dir='ltr'>aeternnm</span> <span class='ocrx_word' id='word_1_311' title='bbox 655 4016 698 4066; x_wconf 83' lang='lat' dir='ltr'>te.</span> <span class='ocrx_word' id='word_1_312' title='bbox 725 4017 759 4066; x_wconf 79' lang='lat' dir='ltr'>id</span> <span class='ocrx_word' id='word_1_313' title='bbox 776 4025 951 4080; x_wconf 65' lang='lat' dir='ltr'>emouerent</span> <span class='ocrx_word' id='word_1_314' title='bbox 968 4018 1080 4068; x_wconf 73' lang='lat' dir='ltr'>librorum</span> <span class='ocrx_word' id='word_1_315' title='bbox 1095 4021 1193 4081; x_wconf 76' lang='lat' dir='ltr'>vestigio</span> <span class='ocrx_word' id='word_1_316' title='bbox 1209 4022 1297 4084; x_wconf 77' lang='lat' dir='ltr'>proprii</span> 
     </span>
     <span class='ocr_line' id='line_1_36' title="bbox 279 4082 1096 4147; baseline -0.002 -13"><span class='ocrx_word' id='word_1_317' title='bbox 279 4085 456 4134; x_wconf 62' lang='lat' dir='ltr'>omnemne</span> <span class='ocrx_word' id='word_1_318' title='bbox 473 4083 537 4147; x_wconf 86' lang='lat' dir='ltr'>qnod</span> <span class='ocrx_word' id='word_1_319' title='bbox 555 4082 601 4132; x_wconf 88' lang='lat' dir='ltr'>sibi</span> <span class='ocrx_word' id='word_1_320' title='bbox 619 4083 691 4133; x_wconf 77' lang='lat' dir='ltr'>tuerit</span> <span class='ocrx_word' id='word_1_321' title='bbox 708 4090 855 4133; x_wconf 85' lang='lat' dir='ltr'>aeternum..</span> <span class='ocrx_word' id='word_1_322' title='bbox 893 4082 918 4134; x_wconf 78' lang='grc'>3.</span> <span class='ocrx_word' id='word_1_323' title='bbox 937 4091 1053 4134; x_wconf 74' lang='lat' dir='ltr'>coetaneo</span> <span class='ocrx_word' id='word_1_324' title='bbox 1070 4087 1096 4134; x_wconf 77' lang='lat' dir='ltr'>A.</span> 
     </span>
    </p>
   </div>
   <div class='ocr_carea' id='block_1_4' title="bbox 277 4177 1297 4927">
    <p class='ocr_par' dir='ltr' id='par_1_6' title="bbox 278 4177 1297 4642">
     <span class='ocr_line' id='line_1_37' title="bbox 313 4177 1297 4249; baseline 0.002 -15"><span class='ocrx_word' id='word_1_325' title='bbox 313 4185 338 4234; x_wconf 85' lang='lat' dir='ltr'>h.</span> <span class='ocrx_word' id='word_1_326' title='bbox 356 4180 506 4245; x_wconf 87' lang='lat' dir='ltr'>iniectione.l</span> <span class='ocrx_word' id='word_1_327' title='bbox 533 4183 583 4233; x_wconf 87' lang='lat' dir='ltr'>iioc</span> <span class='ocrx_word' id='word_1_328' title='bbox 607 4192 644 4233; x_wconf 87' lang='lat' dir='ltr'>est</span> <span class='ocrx_word' id='word_1_329' title='bbox 661 4177 772 4249; x_wconf 63' lang='lat' dir='ltr'>cusam.</span> <span class='ocrx_word' id='word_1_330' title='bbox 791 4185 840 4244; x_wconf 78' lang='lat' dir='ltr'>(Fr.</span> <span class='ocrx_word' id='word_1_331' title='bbox 890 4183 927 4234; x_wconf 83' lang='lat' dir='ltr'>vei</span> <span class='ocrx_word' id='word_1_332' title='bbox 946 4184 1061 4234; x_wconf 75' lang='lat' dir='ltr'>materiae</span> <span class='ocrx_word' id='word_1_333' title='bbox 1079 4192 1188 4235; x_wconf 81' lang='lat' dir='ltr'>ceturam</span> <span class='ocrx_word' id='word_1_334' title='bbox 1207 4185 1297 4237; x_wconf 79' lang='lat' dir='ltr'>dobner</span> 
     </span>
     <span class='ocr_line' id='line_1_38' title="bbox 279 4245 1297 4317; baseline 0.003 -16"><span class='ocrx_word' id='word_1_335' title='bbox 279 4251 381 4310; x_wconf 84' lang='lat' dir='ltr'>iunius.)</span> <span class='ocrx_word' id='word_1_336' title='bbox 415 4251 455 4301; x_wconf 87' lang='lat' dir='ltr'>Sic</span> <span class='ocrx_word' id='word_1_337' title='bbox 471 4251 528 4300; x_wconf 75' lang='lat' dir='ltr'>ide.</span> <span class='ocrx_word' id='word_1_338' title='bbox 546 4251 617 4301; x_wconf 79' lang='lat' dir='ltr'>itare.</span> <span class='ocrx_word' id='word_1_339' title='bbox 635 4251 700 4311; x_wconf 83' lang='lat' dir='ltr'>tv,t</span> <span class='ocrx_word' id='word_1_340' title='bbox 726 4251 792 4311; x_wconf 89' lang='lat' dir='ltr'>„Sed</span> <span class='ocrx_word' id='word_1_341' title='bbox 818 4259 841 4301; x_wconf 90' lang='lat' dir='ltr'>et</span> <span class='ocrx_word' id='word_1_342' title='bbox 890 4247 1000 4301; x_wconf 76' lang='grc' dir='ltr'>λουθεῑν</span> <span class='ocrx_word' id='word_1_343' title='bbox 1017 4245 1233 4317; x_wconf 81' lang='lat' dir='ltr'>atque&#39;suatinere</span> <span class='ocrx_word' id='word_1_344' title='bbox 1253 4254 1297 4311; x_wconf 78' lang='lat' dir='ltr'>ti&#39;r.</span> 
     </span>
     <span class='ocr_line' id='line_1_39' title="bbox 279 4318 1297 4382; baseline 0.002 -14"><span class='ocrx_word' id='word_1_345' title='bbox 279 4321 338 4368; x_wconf 75' lang='lat' dir='ltr'>istos</span> <span class='ocrx_word' id='word_1_346' title='bbox 356 4319 456 4382; x_wconf 87' lang='lat' dir='ltr'>proprio</span> <span class='ocrx_word' id='word_1_347' title='bbox 475 4333 606 4380; x_wconf 86' lang='lat' dir='ltr'>congressu</span> <span class='ocrx_word' id='word_1_348' title='bbox 622 4319 741 4379; x_wconf 86' lang='lat' dir='ltr'>cominus,</span> <span class='ocrx_word' id='word_1_349' title='bbox 761 4318 783 4368; x_wconf 92' lang='lat' dir='ltr'>id</span> <span class='ocrx_word' id='word_1_350' title='bbox 803 4325 841 4368; x_wconf 87' lang='lat' dir='ltr'>est</span> <span class='ocrx_word' id='word_1_351' title='bbox 925 4321 948 4370; x_wconf 91' lang='lat' dir='ltr'>d.</span> <span class='ocrx_word' id='word_1_352' title='bbox 966 4327 1032 4369; x_wconf 82' lang='lat' dir='ltr'>tento</span> <span class='ocrx_word' id='word_1_353' title='bbox 1050 4320 1163 4370; x_wconf 86' lang='lat' dir='ltr'>sustinuit</span> <span class='ocrx_word' id='word_1_354' title='bbox 1186 4321 1216 4370; x_wconf 91' lang='lat' dir='ltr'>de</span> <span class='ocrx_word' id='word_1_355' title='bbox 1240 4321 1297 4372; x_wconf 80' lang='lat' dir='ltr'>boor</span> 
     </span>
     <span class='ocr_line' id='line_1_40' title="bbox 279 4386 1297 4451; baseline 0.002 -16"><span class='ocrx_word' id='word_1_356' title='bbox 279 4400 324 4450; x_wconf 89' lang='lat' dir='ltr'>per</span> <span class='ocrx_word' id='word_1_357' title='bbox 340 4386 449 4448; x_wconf 73' lang='lat' dir='ltr'>singuiis</span> <span class='ocrx_word' id='word_1_358' title='bbox 465 4388 601 4436; x_wconf 78' lang='lat' dir='ltr'>iniectiones</span> <span class='ocrx_word' id='word_1_359' title='bbox 620 4386 710 4437; x_wconf 81' lang='lat' dir='ltr'>Pontici</span> <span class='ocrx_word' id='word_1_360' title='bbox 735 4386 839 4437; x_wconf 87' lang='lat' dir='ltr'>cecidis-</span> <span class='ocrx_word' id='word_1_361' title='bbox 890 4394 978 4437; x_wconf 78' lang='lat' dir='ltr'>tentem</span> <span class='ocrx_word' id='word_1_362' title='bbox 997 4401 1066 4437; x_wconf 83' lang='lat' dir='ltr'>suem</span> <span class='ocrx_word' id='word_1_363' title='bbox 1084 4395 1180 4451; x_wconf 86' lang='lat' dir='ltr'>tamque</span> <span class='ocrx_word' id='word_1_364' title='bbox 1195 4389 1297 4450; x_wconf 74' lang='lat' dir='ltr'>singular</span> 
     </span>
     <span class='ocr_line' id='line_1_41' title="bbox 278 4454 1297 4518; baseline 0.004 -15"><span class='ocrx_word' id='word_1_365' title='bbox 278 4468 340 4514; x_wconf 84' lang='lat' dir='ltr'>sem,</span> <span class='ocrx_word' id='word_1_366' title='bbox 358 4454 379 4503; x_wconf 87' lang='lat' dir='ltr'>ei</span> <span class='ocrx_word' id='word_1_367' title='bbox 398 4467 445 4503; x_wconf 92' lang='lat' dir='ltr'>oon</span> <span class='ocrx_word' id='word_1_368' title='bbox 464 4455 540 4503; x_wconf 84' lang='lat' dir='ltr'>mutto</span> <span class='ocrx_word' id='word_1_369' title='bbox 558 4456 719 4517; x_wconf 86' lang='lat' dir='ltr'>opportunius</span> <span class='ocrx_word' id='word_1_370' title='bbox 741 4454 838 4518; x_wconf 86' lang='lat' dir='ltr'>inipso</span> <span class='ocrx_word' id='word_1_371' title='bbox 890 4462 937 4505; x_wconf 85' lang='lat' dir='ltr'>tem</span> <span class='ocrx_word' id='word_1_372' title='bbox 957 4455 1046 4504; x_wconf 88' lang='lat' dir='ltr'>maium</span> <span class='ocrx_word' id='word_1_373' title='bbox 1065 4455 1180 4504; x_wconf 86' lang='lat' dir='ltr'>materiae</span> <span class='ocrx_word' id='word_1_374' title='bbox 1198 4456 1297 4507; x_wconf 77' lang='lat' dir='ltr'>sustine</span> 
     </span>
     <span class='ocr_line' id='line_1_42' title="bbox 279 4520 1297 4589; baseline 0.003 -18"><span class='ocrx_word' id='word_1_375' title='bbox 279 4529 303 4571; x_wconf 90' lang='lat' dir='ltr'>et</span> <span class='ocrx_word' id='word_1_376' title='bbox 320 4535 374 4571; x_wconf 88' lang='lat' dir='ltr'>enm</span> <span class='ocrx_word' id='word_1_377' title='bbox 397 4522 451 4586; x_wconf 89' lang='lat' dir='ltr'>ipso</span> <span class='ocrx_word' id='word_1_378' title='bbox 475 4520 607 4582; x_wconf 78' lang='lat' dir='ltr'>evangetio,</span> <span class='ocrx_word' id='word_1_379' title='bbox 636 4522 673 4571; x_wconf 86' lang='lat' dir='ltr'>cni</span> <span class='ocrx_word' id='word_1_380' title='bbox 697 4528 838 4586; x_wconf 83' lang='lat' dir='ltr'>procurant,</span> <span class='ocrx_word' id='word_1_381' title='bbox 924 4537 945 4589; x_wconf 84' lang='lat' dir='ltr'>e.</span> <span class='ocrx_word' id='word_1_382' title='bbox 964 4532 987 4573; x_wconf 88' lang='lat' dir='ltr'>et</span> <span class='ocrx_word' id='word_1_383' title='bbox 1010 4524 1047 4572; x_wconf 88' lang='lat' dir='ltr'>sie</span> <span class='ocrx_word' id='word_1_384' title='bbox 1064 4524 1111 4572; x_wconf 83' lang='lat' dir='ltr'>ianr</span> <span class='ocrx_word' id='word_1_385' title='bbox 1135 4523 1238 4573; x_wconf 82' lang='lat' dir='ltr'>habetur</span> <span class='ocrx_word' id='word_1_386' title='bbox 1261 4538 1297 4574; x_wconf 83' lang='lat' dir='ltr'>ret</span> 
     </span>
     <span class='ocr_line' id='line_1_43' title="bbox 278 4587 1268 4642; baseline 0.003 -4"><span class='ocrx_word' id='word_1_387' title='bbox 278 4587 490 4639; x_wconf 86' lang='lat' dir='ltr'>retunderentur.“</span> <span class='ocrx_word' id='word_1_388' title='bbox 889 4590 949 4640; x_wconf 87' lang='lat' dir='ltr'>sima</span> <span class='ocrx_word' id='word_1_389' title='bbox 979 4590 1115 4640; x_wconf 84' lang='lat' dir='ltr'>coniectura</span> <span class='ocrx_word' id='word_1_390' title='bbox 1144 4591 1177 4641; x_wconf 88' lang='lat' dir='ltr'>ita</span> <span class='ocrx_word' id='word_1_391' title='bbox 1207 4591 1268 4642; x_wconf 84' lang='lat' dir='ltr'>haec</span> 
     </span>
    </p>

    <p class='ocr_par' dir='ltr' id='par_1_7' title="bbox 888 4657 1297 4710">
     <span class='ocr_line' id='line_1_44' title="bbox 888 4657 1297 4710; baseline 0.007 -3"><span class='ocrx_word' id='word_1_392' title='bbox 888 4657 971 4708; x_wconf 80' lang='lat' dir='ltr'>videor</span> <span class='ocrx_word' id='word_1_393' title='bbox 995 4659 1147 4708; x_wconf 82' lang='lat' dir='ltr'>emendasse.</span> <span class='ocrx_word' id='word_1_394' title='bbox 1190 4658 1236 4709; x_wconf 78' lang='lat' dir='ltr'>Pro</span> <span class='ocrx_word' id='word_1_395' title='bbox 1260 4675 1297 4710; x_wconf 83' lang='lat' dir='ltr'>rer</span> 
     </span>
    </p>

    <p class='ocr_par' dir='ltr' id='par_1_8' title="bbox 277 4718 1297 4927">
     <span class='ocr_line' id='line_1_45' title="bbox 312 4718 1297 4789; baseline 0.005 -17"><span class='ocrx_word' id='word_1_396' title='bbox 312 4738 334 4773; x_wconf 78' lang='lat' dir='ltr'>c.</span> <span class='ocrx_word' id='word_1_397' title='bbox 352 4718 566 4785; x_wconf 85' lang='lat' dir='ltr'>assentatormali]</span> <span class='ocrx_word' id='word_1_398' title='bbox 585 4722 631 4781; x_wconf 82' lang='lat' dir='ltr'>oui</span> <span class='ocrx_word' id='word_1_399' title='bbox 650 4724 795 4773; x_wconf 81' lang='lat' dir='ltr'>assentiatur</span> <span class='ocrx_word' id='word_1_400' title='bbox 812 4731 839 4773; x_wconf 90' lang='lat' dir='ltr'>ut</span> <span class='ocrx_word' id='word_1_401' title='bbox 889 4725 959 4775; x_wconf 86' lang='lat' dir='ltr'>tibris</span> <span class='ocrx_word' id='word_1_402' title='bbox 975 4726 1096 4775; x_wconf 81' lang='lat' dir='ltr'>veteribus</span> <span class='ocrx_word' id='word_1_403' title='bbox 1105 4726 1227 4789; x_wconf 87' lang='lat' dir='ltr'>reperitur</span> <span class='ocrx_word' id='word_1_404' title='bbox 1239 4729 1297 4788; x_wconf 78' lang='lat' dir='ltr'>eise,</span> 
     </span>
     <span class='ocr_line' id='line_1_46' title="bbox 278 4790 1297 4854; baseline 0.005 -15"><span class='ocrx_word' id='word_1_405' title='bbox 278 4791 319 4840; x_wconf 82' lang='lat' dir='ltr'>flet</span> <span class='ocrx_word' id='word_1_406' title='bbox 349 4790 447 4840; x_wconf 78' lang='lat' dir='ltr'>matum.</span> <span class='ocrx_word' id='word_1_407' title='bbox 490 4790 532 4840; x_wconf 87' lang='lat' dir='ltr'>Sic</span> <span class='ocrx_word' id='word_1_408' title='bbox 560 4791 679 4854; x_wconf 74' lang='lat' dir='ltr'>accipitur</span> <span class='ocrx_word' id='word_1_409' title='bbox 698 4792 836 4842; x_wconf 73' lang='lat' dir='ltr'>assentandi</span> <span class='ocrx_word' id='word_1_410' title='bbox 888 4793 951 4842; x_wconf 83' lang='lat' dir='ltr'>rium</span> <span class='ocrx_word' id='word_1_411' title='bbox 969 4792 1084 4843; x_wconf 86' lang='lat' dir='ltr'>Ursinnm</span> <span class='ocrx_word' id='word_1_412' title='bbox 1102 4793 1175 4843; x_wconf 76' lang='lat' dir='ltr'>morit</span> <span class='ocrx_word' id='word_1_413' title='bbox 1198 4801 1225 4844; x_wconf 87' lang='lat' dir='ltr'>ut</span> <span class='ocrx_word' id='word_1_414' title='bbox 1247 4809 1297 4844; x_wconf 78' lang='lat' dir='ltr'>rou</span> 
     </span>
     <span class='ocr_line' id='line_1_47' title="bbox 277 4857 1297 4927; baseline 0.002 -20"><span class='ocrx_word' id='word_1_415' title='bbox 277 4857 383 4908; x_wconf 80' lang='lat' dir='ltr'>verbum.</span> <span class='ocrx_word' id='word_1_416' title='bbox 423 4858 472 4909; x_wconf 86' lang='lat' dir='ltr'>Sed</span> <span class='ocrx_word' id='word_1_417' title='bbox 495 4857 553 4922; x_wconf 86' lang='lat' dir='ltr'>qnid</span> <span class='ocrx_word' id='word_1_418' title='bbox 576 4858 598 4907; x_wconf 91' lang='lat' dir='ltr'>si</span> <span class='ocrx_word' id='word_1_419' title='bbox 621 4859 768 4910; x_wconf 78' lang='lat' dir='ltr'>adsectator?</span> <span class='ocrx_word' id='word_1_420' title='bbox 796 4860 836 4924; x_wconf 85' lang='lat' dir='ltr'>qni</span> <span class='ocrx_word' id='word_1_421' title='bbox 887 4867 937 4911; x_wconf 81' lang='lat' dir='ltr'>ator</span> <span class='ocrx_word' id='word_1_422' title='bbox 954 4860 985 4910; x_wconf 81' lang='lat' dir='ltr'>ed</span> <span class='ocrx_word' id='word_1_423' title='bbox 1002 4860 1067 4911; x_wconf 83' lang='lat' dir='ltr'>huuc</span> <span class='ocrx_word' id='word_1_424' title='bbox 1083 4861 1213 4923; x_wconf 72' lang='lat' dir='ltr'>genitivum</span> <span class='ocrx_word' id='word_1_425' title='bbox 1229 4876 1297 4927; x_wconf 80' lang='lat' dir='ltr'>supp</span> 
     </span>
    </p>
   </div>
   <div class='ocr_carea' id='block_1_5' title="bbox 0 0 1626 5775">
    <p class='ocr_par' dir='ltr' id='par_1_9' title="bbox 0 0 1626 5775">
     <span class='ocr_line' id='line_1_48' title="bbox 0 0 1626 5775; baseline 0 1"><span class='ocrx_word' id='word_1_426' title='bbox 0 0 1626 5775; x_wconf 95' lang='lat' dir='ltr'> </span> 
     </span>
    </p>
   </div>
  </div>
 </body>
</html>
