3242 5775
309 625 371 689 626
530 702 537 714 ⁸
564 639 667 691 comm
688 637 820 682 serrium
842 634 1005 679 rnonanrrs
1027 633 1227 678 rsnruccuru

210 777 215 784 ’
309 791 367 852 erit
393 796 487 862 statu,
521 789 600 867 quod
628 806 690 849 uon
718 786 852 849 naturale
881 785 956 847 affici
985 791 1087 865 potest
1117 782 1247 845 decessu
1273 780 1323 845 rel
1348 798 1458 844 samu

308 887 402 966 Quid,
425 889 449 950 si
473 877 531 950 ¹¹et
552 907 637 950 esum
660 897 691 950 et
711 895 814 968 potum
838 887 876 948 de
898 891 1019 946 naturae
1042 882 1176 945 sortibus
1199 881 1340 946 oximae?
1366 889 1461 944 namet

309 989 340 1051 iu
363 989 410 1049 bis
433 988 558 1069 plurima
588 989 687 1050 somni
713 988 953 1069 ”praeparatura
986 992 1043 1047 est.
1094 984 1182 1045 Certe
1210 984 1259 1045 bis
1282 1002 1300 1045 a
1321 980 1461 1065 primordie

170 1104 217 1151 cea
233 1105 297 1159 msa
311 1098 434 1152 naturae
456 1108 527 1151 suae
549 1091 641 1151 bomo
664 1089 786 1152 inbutus
809 1096 864 1150 est
915 1086 947 1147 Si
976 1085 1054 1166 apud
1081 1085 1169 1148 deum
1194 1084 1313 1160 discas,
1342 1083 1463 1147 illelom

308 1190 441 1271 generis,
463 1189 571 1264 Adam,
594 1197 662 1251 ante
684 1189 777 1252 ebibit
797 1207 940 1270 soporem
956 1205 1043 1267 quam
1062 1186 1136 1249 sitiit
1150 1186 1299 1265 quietem,
1322 1194 1391 1248 ante
1406 1184 1462 1246 dor·

306 1290 371 1352 miit
393 1310 481 1371 quam
502 1290 662 1365 laboravit,
691 1291 782 1351 immo
805 1308 895 1370 quam
915 1296 947 1350 et
967 1288 1043 1360 edit,
1074 1287 1166 1349 immo
1188 1306 1278 1367 quam
1300 1294 1333 1349 et
1352 1286 1462 1367 prolatus

308 1400 372 1464 est,
404 1399 436 1452 ut
463 1390 583 1452 rideant
609 1391 772 1454 naturalem
800 1390 928 1452 iudicem
957 1407 1096 1451 somnum
1129 1388 1270 1450 omnibus
1304 1382 1463 1450 nabaralibtt

306 1491 558 1570 principaliorem.
601 1491 674 1554 lude
701 1491 874 1553 deducimur
895 1490 983 1553 etiam
1006 1489 1164 1570 imaginem
1192 1489 1300 1551 mortis
1330 1489 1387 1551 iam
1412 1496 1463 1548 uu

309 1609 377 1653 eum
398 1591 585 1654 recensere¹.
621 1592 653 1654 Si
668 1592 747 1655 enim
762 1592 854 1653 Adam
870 1591 907 1653 de
923 1590 1042 1652 Christo
1063 1590 1216 1670 ”liguram
1239 1589 1339 1665 debat,
1361 1603 1462 1651 somnus

190 1697 193 1704 ’
306 1691 387 1755 aldae
408 1711 491 1753 mors
514 1701 578 1753 erat
592 1691 703 1754 Christi
725 1691 882 1753 dormituri
904 1691 933 1752 iu
957 1699 1101 1764 mortem,
1124 1699 1158 1751 ut
1179 1692 1216 1752 de
1237 1690 1348 1753 iniuria
1362 1686 1463 1771 puiuit

164 1792 408 1861 tamastanus
442 1793 508 1855 eius
540 1811 609 1854 vera
642 1800 737 1854 mater
769 1792 930 1853 viventium
958 1792 1134 1870 figuraretur
1167 1790 1301 1853 ecclesia.
1355 1790 1420 1853 ldeo
1441 1793 1463 1848 et

307 1911 432 1957 somnus
456 1903 516 1954 tam
538 1893 693 1967 salutaris,
725 1901 785 1955 tam
812 1892 983 1966 rationalis,
1015 1893 1104 1954 etiam
1133 1891 1163 1952 iu
1191 1891 1327 1971 publicae
1349 1900 1379 1954 et
1397 1905 1463 1953 cuu-

307 1994 408 2056 munis
430 1993 489 2054 iam
510 1994 615 2056 mortis
637 1993 787 2074 effingitur
815 1992 983 2075 exemplari
1019 1992 1119 2055 Voluit
1140 1992 1222 2053 euim
1243 1992 1338 2065 deus,
1364 2000 1394 2054 et
1410 1989 1463 2053 aba

307 2093 381 2154 nibil
408 2094 474 2155 siue
504 2095 721 2174 exemplaribus
748 2095 780 2157 iu
807 2113 861 2156 sua
890 2093 1087 2173 dispositione
1114 2092 1252 2166 molitus,
1287 2093 1464 2173 paradigmate

306 2193 486 2257 Platonico·
508 2195 627 2275 plenius
649 2195 770 2258 bumani
790 2195 837 2256 vel
851 2195 978 2257 maxime
993 2194 1069 2255 initii
1085 2213 1119 2255 ac
1132 2194 1201 2255 linis
1215 2193 1312 2257 lineas
1325 2190 1464 2274 ”quotidie

306 2313 394 2375 agere
415 2296 590 2370 nobiscum,
613 2315 732 2359 manum
754 2297 911 2377 porrigens
927 2295 996 2357 fidei
1011 2294 1126 2357 lucilius
1143 2293 1328 2358 adiuvandae
1340 2295 1465 2375 perima-

307 2396 391 2476 giues
414 2406 445 2458 et
464 2397 639 2477 parabolas,
662 2398 739 2461 sicut
761 2415 951 2470 sermonum,
975 2396 1015 2457 ita
1037 2404 1068 2457 et
1088 2413 1199 2457 rerum.
1235 2394 1381 2477 Proponit
1392 2394 1465 2473 igitur

305 2496 360 2558 tibi
384 2516 495 2577 corpus
517 2499 661 2561 amicari
682 2499 801 2577 soporis
824 2498 946 2571 elisum,
970 2496 1076 2557 blanda
1091 2496 1200 2575 quietis
1216 2496 1465 2577 necessitatspro·

306 2604 450 2671 stratum,
481 2599 633 2661 immobile
661 2600 736 2673 situ,
770 2600 857 2679 quale
885 2606 954 2660 ante
981 2598 1071 2659 vitam
1099 2597 1205 2670 iacuit,
1240 2606 1271 2659 et
1299 2598 1386 2678 quale
1412 2598 1467 2677 post

306 2696 395 2756 vitam
416 2697 539 2772 iacebit,
567 2706 601 2759 ut
628 2699 819 2762 testationem
848 2699 1009 2779 plasticae¹²
1031 2709 1061 2760 et
1082 2698 1269 2777 sepulturae,
1292 2698 1464 2779 ”expuam

305 2796 434 2858 animam
456 2798 540 2876 quasi
563 2799 696 2861 noudum
718 2800 864 2861 conlatam
893 2808 923 2861 et
950 2800 1034 2878 quasi
1062 2799 1121 2859 iam
1147 2798 1324 2879 ”creptam
1366 2798 1467 2861 Sedet

306 2895 355 2957 illa
377 2897 421 2959 sic
442 2900 569 2977 patitur,
597 2908 630 2961 ut
651 2900 720 2962 alibi
742 2919 831 2978 agere
855 2901 1003 2975 videatur,
1037 2900 1277 2963 dissimulatione
1299 2898 1467 2982 praesentiat

306 2998 435 3059 loturam
457 2998 653 3061 ”absentiam
674 3000 856 3062 ¹'ediscenst
880 3002 917 3063 de
939 3002 1125 3063 Hermotimo
1148 3000 1289 3062 sciemus.
1326 3001 1366 3063 Et
1385 3008 1467 3062 tarum

304 3097 424 3159 iuterim
446 3098 619 3160 ”somniatz
643 3100 722 3162 uude
744 3110 816 3162 tuuc
837 3101 978 3163 somnia‘l
1015 3102 1076 3163 Nec
1098 3101 1225 3180 quiescit
1246 3120 1303 3164 uec
1324 3097 1468 3181 ignavescit

304 3199 443 3274 omuino,
467 3220 524 3263 uec
544 3210 680 3264 naturam
694 3202 925 3264 immortalitatis
940 3201 1052 3264 ³⁰leriis
1068 3203 1190 3282 soporis
1204 3203 1343 3265 addidtr.
1373 3201 1468 3265 Probat

305 3319 340 3363 se
362 3301 502 3364 mobilem
518 3321 655 3380 semper3
677 3311 766 3376 terra,
788 3304 863 3364 mari
878 3304 1094 3383 peregrinatur,
1116 3302 1324 3383 ³¹uegotiatur,
1344 3303 1467 3380 agitatur.

303 3401 428 3475 laborat,
449 3403 542 3476 ludit,
560 3402 650 3477 dolet,
672 3404 790 3484 gaudet,
812 3404 892 3466 licita
913 3413 1001 3483 atque
1023 3404 1132 3466 inlicita
1153 3404 1352 3484 persequitur,
1373 3410 1466 3463 osteu-

305 3502 349 3564 dit
370 3504 450 3581 quod
473 3504 538 3565 siue
561 3523 689 3584 corpore
712 3505 799 3566 etiam
830 3504 991 3583 plurimum
1020 3504 1136 3584 possit,
1171 3504 1254 3585 quod
1280 3513 1312 3567 et
1338 3504 1399 3567 suis
1427 3502 1465 3562 iu·

304 3611 417 3665 structa
441 3606 480 3665 sit
507 3605 667 3679 membris,
700 3606 754 3667 sed
783 3595 976 3667 nibilominus
1005 3606 1215 3668 necessitatem
1243 3605 1353 3669 babeat
1377 3615 1466 3668 mrsts

305 3706 442 3783 corporis
470 3707 609 3784 agitandi.
659 3707 703 3767 lta
730 3725 797 3768 cum
827 3705 1007 3786 evigilaverit
1041 3724 1166 3787 corpus,
1199 3706 1350 3771 redditum
1376 3700 1466 3769 obdis

305 3852 347 3902 21.
366 3862 390 3903 at
406 3868 475 3903 esum
494 3855 589 3916 (ΑΜ,
634 3870 703 3905 esum
721 3858 824 3922 (lepido.
876 3856 918 3908 22.
936 3866 1050 3922 paratura
1067 3875 1090 3908 o.
1148 3854 1468 3920 sargumentum·

304 3921 424 3981 ttgurabat
441 3923 536 3984 Bmch
599 3922 640 3972 24.
659 3924 747 3974 cotidie
765 3926 809 3975 BG.
872 3924 913 3977 25.
936 3933 1049 3990 spectans
1067 3928 1092 3976 l.
1154 3925 1194 3976 26.
1223 3934 1333 3991 ereptam
1357 3923 1470 3991 amicat

304 3995 411 4035 erectam
430 3987 456 4037 B.
508 3987 550 4036 27.
568 3990 691 4040 absentiae
708 3994 733 4042 tl.
786 3991 827 4043 28.
852 3994 962 4043 ediscens
980 3991 1129 4051 (Ediscat.)
1153 3993 1183 4043 de
1200 3993 1355 4046 llermotimo
1371 3996 1470 4046 saeuos

305 4060 330 4101 et
347 4061 426 4130 tamen
445 4056 489 4105 ΑΒ.
531 4057 657 4117 ediscens,
684 4067 708 4108 et
726 4067 805 4109 tamen
829 4061 923 4126 reliqui„
982 4059 1022 4110 29.
1046 4061 1166 4122 somniat,
1193 4061 1258 4110 unde
1284 4071 1343 4114 tune
1366 4053 1471 4124 (siniti

304 4134 409 4197 somma,
428 4137 472 4173 nee
490 4123 533 4173 tlt.
574 4127 688 4186 somniat,
707 4141 752 4176 nec
768 4129 863 4192 reliqui.
915 4127 956 4179 30.
976 4129 1044 4178 ieriis
1062 4128 1160 4192 soporis
1178 4144 1228 4192 ego.
1272 4132 1332 4181 serii
1350 4130 1472 4193 (seruiq-

304 4201 377 4236 serou
396 4191 450 4251 ld.)
467 4192 565 4255 soporis
582 4193 626 4243 AB.
661 4208 754 4242 serram
773 4196 871 4258 soporis
892 4196 929 4246 do.
971 4209 1064 4244 servam
1082 4197 1166 4261 sopori
1185 4199 1217 4257 b,
1244 4212 1297 4247 cum
1314 4198 1471 4253 stratiotes

302 4255 340 4304 Fr.
354 4257 429 4318 lunio,
450 4260 496 4310 loa.
507 4261 634 4324 Scaligero.
688 4260 729 4311 st.
749 4264 894 4325 negotiator,
913 4265 1016 4326 agitatur
1034 4280 1078 4314 om.
1094 4265 1118 4314 Δ.

337 4355 353 4403 l.
373 4357 430 4406 lude
448 4359 633 4410 deducimur-
648 4361 789 4425 recensere]
808 4363 867 4412 lude
918 4380 1041 4417 cessuram
1060 4364 1273 4429 probattltigeltt
1305 4366 1474 4421 illutibar-

302 4423 444 4473 deducimur
463 4442 491 4475 eo
511 4437 537 4477 ut
554 4443 724 4478 recenseamus
743 4437 799 4479 cett.
829 4431 867 4481 Cf.
918 4434 981 4484 douc
1001 4449 1053 4497 cap.
1065 4433 1105 4482 51.
1124 4447 1149 4497 p.
1162 4431 1208 4482 103
1225 4448 1280 4498 sqq.

301 4490 386 4607 bezig:
402 4492 524 4543 Heraldus
551 4496 582 4544 sd
604 4497 706 4561 Apolog.
724 4498 866 4550 Tertulliani

334 4639 367 4674 m.
391 4626 556 4689 paradigmate
580 4627 715 4698 Platonico]
743 4633 795 4684 lloc
818 4634 866 4686 ite·

299 4707 352 4742 rum
373 4708 401 4741 ex
420 4694 548 4744 Phaedone
567 4697 682 4761 Platonis,
709 4703 773 4765 apud
792 4717 863 4766 qoem

299 4760 414 4839 §ocrstes
432 4777 477 4826 per
494 4765 603 4841 exempla
622 4771 798 4819 contrariorum
817 4771 864 4820 sibi
950 4786 973 4820 0.
992 4772 1059 4821 teriis
1077 4773 1174 4838 soporis
1192 4769 1305 4839 addicit]
1332 4775 1368 4825 lta
1386 4777 1483 4827 taudem

300 4843 399 4880 invicem
417 4830 598 4883 succedentium
616 4835 685 4886 ritem
710 4839 782 4889 morti
804 4853 863 4889 suc·
915 4839 976 4890 baec
993 4841 1064 4892 verba
1082 4842 1218 4892 restituisse
1239 4842 1300 4893 mibi
1317 4843 1385 4894 visus
1402 4859 1466 4896 sum.

951 4550 975 4585 n.
994 4531 1122 4599 plasticae]
1141 4535 1269 4594 Plastieae,
1289 4538 1478 4601 quaauteviuu

916 4603 998 4653 iacens
1016 4605 1191 4662 formatusest,
1209 4605 1352 4668 aepotturoe,
1373 4611 1480 4671 quapest

915 4671 987 4720 vitam
1005 4671 1088 4721 iacens
1106 4672 1212 4721 luturum
1231 4680 1277 4721 est
1297 4672 1462 4744 (inluniae.)
