3242 5775
315 672 377 736 154
568 683 669 736 oomni
693 682 827 726 sarrmn
847 680 1016 726 sconsnrxs
1038 677 1237 730 scammum

312 836 403 899 dictio
426 843 457 897 et
476 833 541 897 laus
564 843 594 896 et
614 831 726 913 hymni.
763 830 848 904 Quae
870 829 970 892 omnia
992 848 1058 894 mm
1080 828 1111 891 in
1135 837 1163 891 te
1184 839 1306 910 quoquo
1322 827 1479 909 deprehen·

313 937 437 1007 dantur,
460 944 491 998 et
513 935 695 1014 signaculum
718 933 858 995 frontium
881 940 912 994 et
933 930 1125 994 ecclesiarum
1148 939 1334 992 sacramenta
1356 937 1388 991 et
1401 947 1478 992 mun·

314 1037 403 1100 ditias
423 1036 649 1108 sacrificiorum,
671 1033 763 1095 debes
785 1034 845 1095 iam
867 1051 1040 1114 erumpere,
1073 1030 1115 1094 uti
1138 1031 1220 1095 dicas
1243 1031 1385 1114 spiritum
1404 1048 1480 1094 cres·

314 1140 390 1201 toris
412 1146 463 1199 tuo
486 1136 604 1198 Christo
626 1136 835 1214 prophetasse.

163 1258 297 1319 ospxxru.
399 1238 498 1313 Nunc,
520 1235 588 1316 quia
610 1254 676 1297 cum
699 1235 814 1297 ludaeis
837 1252 928 1313 negas
947 1233 1068 1295 venisse
1082 1230 1235 1294 Christum
1256 1249 1380 1307 corum,
1401 1249 1485 1294 reeo-

315 1357 425 1420 gnosce
448 1347 478 1400 et
499 1337 608 1400 exitum
631 1336 782 1416 ipsorum,
810 1354 899 1415 quem
920 1345 992 1415 post
1013 1333 1164 1395 Christum
1191 1331 1314 1395 relaturi
1334 1332 1495 1413 praediw

316 1441 424 1503 bantur
445 1439 485 1501 oh
507 1439 706 1518 impietatem,
734 1456 792 1517 qua
820 1455 889 1499 eum
911 1435 959 1498 ¹et
984 1436 1243 1516 despexeruntet
1264 1433 1495 1498 interemerunt·

190 1554 304 1607 tecum.
315 1541 447 1604 Primum
470 1539 549 1602 enim
571 1557 606 1600 ex
628 1538 693 1610 die,
722 1557 779 1617 qua
801 1538 965 1600 secundum
986 1536 1103 1598 Esaiam
1125 1534 1251 1615 proiecit
1271 1536 1364 1597 homo
1386 1551 1492 1615 asper·

317 1649 452 1704 ramenta
474 1658 528 1702 sua
550 1658 640 1701 aurea
661 1647 692 1700 et
718 1648 874 1719 argentea,
906 1656 981 1717 quae
1009 1639 1142 1699 iecerunt
1169 1636 1328 1698 adorandis
1357 1636 1441 1698 ranis
1459 1641 1495 1714 d

315 1741 524 1815 ¹nocivis,.id
553 1748 601 1802 est
628 1758 664 1801 ex
691 1758 751 1819 quo
774 1758 866 1819 genus
893 1739 1047 1800 hominum
1078 1737 1233 1799 dilucidata
1261 1755 1318 1817 per
1340 1736 1495 1802 christon·

165 1844 440 1932 1„‚ffl‚„qq,seritate
461 1841 540 1903 idola
561 1841 697 1921 proiecit
730 1840 803 1901 Vide
826 1858 863 1901 an
885 1839 967 1918 quod
990 1839 1125 1918 sequitur
1139 1846 1319 1918 expunctum
1333 1838 1391 1900 sit:
1411 1836 1495 1900 abs·-

317 1943 384 2006 tulit
405 1943 484 2004 enim
506 1942 644 2003 dominus
665 1941 809 2003 'sabaoth
823 1960 840 2003 a
856 1940 961 2002 ludaea
984 1948 1014 2001 et
1034 1939 1070 2001 ah
1086 1938 1273 2001 Hierusalem
1294 1939 1376 2001 inter
1396 1947 1495 2004 oeten

317 2053 349 2106 et
369 2044 546 2124 prophetam
568 2051 598 2105 et
619 2043 782 2122 sapientem
804 2040 1013 2114 architectum,
1046 2040 1185 2119 spiritum
1212 2039 1325 2102 scilicet
1346 2047 1495 2116 sanctum

317 2144 368 2225 qui
390 2144 522 2206 aedificat
542 2143 714 2216 ecclesiam,
736 2141 877 2221 templum
901 2140 1013 2202 scilicet
1034 2149 1065 2202 et
1085 2141 1207 2203 domurn
1226 2148 1256 2202 et
1270 2140 1419 2203 civitatem
1434 2123 1495 2204 osta

204 2262 303 2310 rocus.
317 2245 391 2307 Nam
413 2244 519 2307 exinde
540 2244 617 2324 apud
639 2244 707 2305 illos
729 2242 844 2304 destitit
864 2241 912 2301 dei
927 2241 1037 2320 gratia,
1059 2250 1088 2302 et
1104 2242 1274 2303 mandatum
1291 2250 1337 2302 cst
1352 2235 1495 2318 nubihnsg¹

318 2364 357 2407 ne
378 2346 514 2426 pluerent
534 2345 658 2407 imbrem
682 2362 773 2423 super
793 2342 1072 2413 vineam-‘Sorech
1095 2342 1124 2403 id
1143 2350 1190 2404 est
1204 2341 1384 2403 caelestibus
1398 2327 1495 2406 beno-³

318 2445 410 2519 liciis,
444 2464 482 2507 no
513 2445 705 2524 provenirent
732 2444 834 2505 domui
855 2442 988 2505 israelis.
1041 2441 1164 2504 Fecerat
1195 2442 1273 2504 enim
1304 2443 1425 2523 spinas,
1457 2457 1495 2522 q

319 2545 426 2624 quihus
449 2545 601 2606 dominum
623 2552 833 2628 coronaverat,
855 2552 886 2605 ot
906 2562 967 2605 non
981 2544 1141 2616 iustitiam,
1163 2543 1218 2605 sed
1233 2542 1410 2616 clamorem,
1433 2549 1495 2625 qud

318 2647 349 2706 in
371 2662 488 2706 crucem
511 2662 579 2706 eum
600 2652 777 2705 extorserat
820 2645 857 2705 Et
878 2645 918 2706 ita
941 2643 1099 2706 subtractis
1121 2637 1333 2706 charismatum
1355 2643 1495 2712 ‘roribus

318 2746 367 2807 lex
388 2752 418 2806 ct
438 2744 601 2825 prophetae
623 2763 718 2823 usque
740 2746 776 2806 ad
792 2746 945 2807 loannem.
984 2744 1098 2805 Dehinc
1119 2762 1186 2805 cum
1201 2743 1253 2805 ⁸ea
1274 2743 1495 2823 perseverans!

319 2845 430 2908 luroris
453 2853 483 2906 et
503 2863 614 2920 nomen
635 2845 746 2907 domini
769 2864 824 2925 per
846 2846 930 2926 ipsos
952 2844 1223 2925 blasphemaretur,
1253 2845 1331 2908 siout
1352 2846 1495 2928 scripto·

185 2966 305 3020 resume
320 2954 381 3008 est:
403 2944 530 3025 Propter
550 2964 605 3008 ros
626 2946 865 3026 ⁷hlasphematur
885 2965 997 3008 nomen
1017 2965 1118 3008 meum
1139 2946 1169 3007 in
1185 2946 1358 3008 nationibus
1374 2947 1424 3021 (ah
1438 2946 1495 3021 dite·

321 3046 400 3108 enim
422 3047 521 3125 coepit
541 3045 688 3122 inlamia),
711 3055 741 3109 et
761 3057 880 3126 tempus
902 3049 1032 3109 medium
1046 3066 1063 3108 a
1078 3046 1200 3108 Tiberio
1217 3065 1312 3125 usque
1327 3048 1366 3109 ad
1381 3047 1495 3131 Vespa·

168 3168 307 3223 rectam.
321 3147 437 3209 sianum
459 3166 519 3209 non
538 3147 549 3179 ⁸
555 3146 764 3226 paenitentiam
779 3148 1021 3221 intellexissent·,
1042 3149 1118 3211 lacta
1140 3155 1188 3208 est
1208 3156 1288 3209 terra
1310 3166 1417 3212 eorum
1436 3148 1495 3213 dei

321 3258 418 3324 serta,
441 3249 575 3311 civitates
598 3266 702 3310 corum
722 3247 876 3321 'exustam
899 3251 1051 3328 regionem
1073 3266 1177 3310 eorum
1193 3247 1250 3308 suh
1269 3248 1406 3328 ipsorum
1421 3266 1495 3315 cons

321 3359 424 3430 spectu
447 3349 579 3413 extranei
601 3349 759 3423 devorant,
781 3349 921 3411 derelicta
943 3350 1028 3412 ¹⁰lilia
1049 3349 1141 3423 Sion,
1164 3357 1195 3410 et
1216 3358 1356 3428 tanquam
1378 3348 1495 3429 speech

322 3453 354 3514 in
376 3453 460 3515 vinea
484 3452 528 3515 rel
551 3453 581 3512 in
603 3450 805 3513 cucumerario
821 3451 937 3525 casula,
960 3469 996 3512 ex
1018 3469 1077 3529 quo
1100 3449 1322 3511 scilicerlsraet
1342 3451 1495 3517 dominu

322 3570 383 3613 non
405 3553 560 3631 cognovit,
582 3561 612 3614 et
632 3551 760 3633 populus
782 3569 851 3612 eum
872 3569 933 3612 non
955 3549 1115 3624 intellexit,
1138 3551 1192 3612 sed
1215 3549 1392 3629 dereliquit,
1414 3550 1495 3617 eti's

322 3651 554 3730 indignationem
576 3652 747 3730 provocarit
761 3659 894 3712 sanctum
911 3651 1070 3713 ¹¹lsraielis.
1104 3640 1155 3713 Sic
1175 3660 1206 3713 et
1226 3651 1401 3714 machaerae
1422 3664 1495 3717 oon*

205 3772 310 3823 recreo.
324 3751 479 3813 dicionalis
500 3752 701 3824 comminatio,
723 3752 756 3813 Si
777 3751 928 3813 volueritis
950 3770 1006 3813 nec
1019 3751 1174 3814 audieritis
1188 3770 1253 3825 me,
1274 3753 1495 3823 machaeram

322 3852 475 3924 comedet,
497 3849 632 3932 probarit
654 3851 804 3914 Christum
826 3852 936 3925 luisse,
970 3870 1059 3931 quem
1080 3871 1141 3913 non
1164 3853 1312 3914 audiendo
1334 3846 1495 3934 perisses!

324 3952 382 4024 Qui
406 3961 437 4011 et
457 3952 487 4013 in
510 3951 623 4032 psalmo
639 3952 911 4033 ¹²quinquagesimo
933 3962 1036 4015 octavo
1059 3953 1279 4033 dispersionem
1302 3953 1346 4016 eis
1366 3952 1495 4034 postul!

325 4070 340 4112 a
362 4058 463 4132 patre:
486 4050 657 4132 ¹³Disperge
680 4073 732 4115 eos
754 4053 785 4116 in
807 4054 915 4117 virtute
936 4062 996 4117 tua.
1040 4053 1099 4126 Qui
1122 4062 1153 4116 et
1173 4073 1281 4116 rursus
1302 4072 1361 4135 per
1379 4054 1495 4119 Esaia!

393 4204 451 4267 Cap.
468 4203 550 4254 xxtlt.
588 4205 609 4255 1.
628 4213 651 4255 et
669 4206 831 4270 despexerunt
847 4208 884 4257 cd.
902 4207 1009 4257 laurent.
1044 4206 1206 4271 despexerunt
1222 4207 1318 4271 reliqui.
1365 4205 1390 4257 ².
1408 4200 1495 4257 nocis!

326 4273 379 4322 cat.
414 4272 500 4320 nocuis
518 4274 624 4323 laurent.
660 4276 754 4323 noctuis
772 4276 808 4324 cd.
861 4272 886 4323 3.
904 4275 1066 4326 sohhsothd.
1118 4275 1141 4325 l.
1159 4274 1247 4323 Soreth
1267 4276 1321 4324 Cob.
1375 4274 1400 4324 5.
1424 4274 1495 4325 ratic

325 4340 395 4387 nibus
417 4339 537 4389 Vaticanus
554 4356 623 4389 unos.
667 4341 933 4392 &comburerent
969 4356 997 4391 ex
1015 4344 1051 4392 cd.
1093 4342 1118 4391 l.
1136 4355 1224 4390 nomen
1243 4355 1323 4390 mcum
1342 4340 1495 4405 blaspheu

324 4406 482 4456 turloorent.
517 4407 540 4456 e.
559 4408 720 4470 poenitentioe
739 4409 854 4459 latinius.
887 4408 911 4459 9.
931 4416 1028 4459 exustae
1046 4408 1103 4469 igni,
1122 4410 1244 4471 regionem
1263 4410 1300 4460 cd.
1338 4408 1379 4459 td.
1397 4404 1495 4461 unffi

325 4473 382 4522 Sion
401 4480 514 4534 tanquam
533 4476 568 4524 cd
607 4475 646 4524 ll.
665 4474 736 4523 israel
755 4476 863 4528 lustrent.
900 4475 940 4526 12.
959 4477 1159 4540 quinquagesimo
1173 4486 1257 4526 octavo
1274 4478 1313 4527 ed.
1348 4477 1495 4541 quinqua!

324 4543 386 4591 simo
404 4541 509 4603 septimo
525 4543 618 4606 reliqui.
653 4541 711 4592 Lllll
729 4542 836 4595 horrent.
891 4542 930 4595 13.
949 4544 1065 4607 Disperge
1082 4546 1119 4596 cd.
1154 4544 1272 4608 bispsrdo
1292 4544 1347 4594 Cot.
1364 4544 1474 4597 ussa

359 4676 417 4740 Cap.
436 4674 517 4725 tlttl.
549 4691 572 4725 a.
589 4690 638 4725 nou
656 4676 827 4739 paenitentiam
846 4678 885 4729 ia·
935 4677 1050 4727 texissent
1059 4677 1181 4727 Christum
1201 4678 1348 4740 intempore
1364 4691 1426 4727 suas
1442 4676 1495 4729 rb

324 4737 486 4806 tellexissent]
515 4742 540 4792 ld
563 4750 600 4793 cst
627 4736 795 4807 paenitenitiam
823 4746 885 4797 inire
935 4745 1033 4795 tationis
1059 4744 1244 4808 inveniendum,
1276 4745 1341 4797 iacta
1371 4751 1411 4795 est
1435 4750 1495 4797 tn

326 4812 468 4861 nescissent.
495 4809 663 4861 AliterContra
679 4810 884 4876 interempta
937 4826 1024 4863 eorum
1040 4811 1155 4863 deserta“
1174 4821 1229 4864 cett

326 4880 410 4939 ..oure
429 4891 483 4928 cum
500 4878 533 4928 ita
550 4879 739 4939 commisissent,
757 4879 887 4931 necintol·
938 4941 945 4952 ι
1234 4938 1237 4943 ,
1483 4892 1495 4923 ¹
