3242 5775
567 623 715 670 mrmsns
737 625 982 672 rtnmrmrtnos.
1298 617 1363 686 300

264 771 392 835 Primus
420 771 555 836 omnium
576 772 705 849 Ennius,
735 775 1015 857 poenitentum,
1044 759 1210 844 Coenteblt
1234 783 1364 849 maxima
1379 763 1507 866 uqssm'

176 873 264 949 eseli,
288 872 470 956 simplieiter
489 875 703 956 pronuntiarit,
726 875 811 939 ¹elati
833 876 911 940 situs
932 878 1081 954 nomine·‚
1103 879 1150 943 rel
1170 882 1239 963 quia
1258 875 1373 952 lorem'

176 973 236 1038 illie
258 973 432 1056 epulantem
454 974 567 1056 legerat
587 976 665 1058 apud
685 977 880 1041 floruerunt.
912 979 973 1042 Sed
994 980 1134 1044 haeretiei
1155 989 1282 1062 quantu
1303 1001 1359 1050 su·

176 1075 346 1158 permutet
373 1076 607 1158 supernitatum,
638 1085 670 1140 et
701 1086 827 1158 panus
862 1065 1060 1144 smbmiutus
1086 1081 1301 1162 sublimitatum
1325 1085 1360 1152 iu

176 1175 380 1240 babitaculmn
401 1177 450 1240 dei
473 1177 520 1240 sui
542 1178 686 1260 ouiustm
706 1180 934 1260 suspenderint,
955 1181 1129 1258 extulerint,
1151 1185 1356 1268 expanderint,

174 1277 283 1340 u‘rnm
308 1285 369 1340 est
405 1277 501 1341 Etiam
523 1279 649 1342 creatori
670 1288 778 1343 nostro
799 1280 952 1345 'Enniana
972 1282 1131 1346 mentonis
1150 1284 1183 1348 in
1203 1285 1362 1362 audiendu-¹
1467 1313 1473 1322 ·

173 1395 236 1442 tum
261 1377 414 1459 disposita
437 1389 509 1443 sunt
528 1381 639 1455 lorma,
661 1380 727 1444 aliis
750 1388 838 1462 atque
852 1382 917 1445 aliis
936 1383 1068 1464 pergulis
1088 1385 1301 1466 superstructis
1323 1393 1356 1452 ot

174 1478 337 1561 nimiique
358 1481 416 1543 deo
438 1499 493 1561 per
513 1481 638 1544 totidem
660 1481 754 1544 sealss
776 1481 946 1546 distributis
969 1492 1042 1564 quot
1055 1483 1212 1548 'bearmes
1232 1485 1354 1550 luerint.

172 1579 381 1644 luitorium‘
407 1584 501 1646 iaetus
529 1590 576 1645 est
596 1584 737 1646 mundus.
778 1583 909 1647 Insulam
937 1584 1113 1648 ⁴Feliuulam
1138 1585 1243 1649 eredas
1272 1593 1354 1650 tants

172 1680 302 1746 trbulsta
327 1682 508 1758 euelornm‘,
530 1684 650 1746 ‘neseio
673 1684 734 1747 ubi.
761 1683 825 1746 lllie
845 1685 972 1748 ‘tedam
985 1686 1256 1750 Valentinianorum
1276 1687 1353 1752 deus
1466 1675 1475 1684 ’

171 1782 205 1845 td
226 1787 371 1848 summas
392 1784 506 1865 tegulas
528 1784 648 1847 babitat
697 1785 784 1848 Hunc
810 1785 1045 1850 substantialiter
1070 1786 1190 1866 quidem
1210 1783 1353 1852 'Attin

172 1885 316 1954 rdiam
343 1885 507 1966 appellant,
537 1886 739 1966 personaliter
763 1886 855 1949 ⁷vero
876 1883 1052 1972 Προαρχὴν
1071 1895 1112 1950 et
1135 1882 1203 1971 dbis
1219 1876 1367 1972 Ἀρχὴν.

164 1987 255 2052 uam
278 1985 431 2067 Bptbon·,
468 1987 548 2067 quod
576 1988 607 2049 in
636 1986 811 2050 sublimibus
839 1987 982 2051 habitanti
1014 1987 1136 2050 minime
1157 1987 1350 2068 congruebat.

161 2089 329 2163 lunatum,
353 2087 547 2162 immensum,
570 2088 734 2163 inlinitum,
757 2088 935 2150 invisibilem
957 2097 1169 2169 aeternumque
1193 2089 1349 2167 deliniunt,

157 2189 249 2273 qussi
275 2187 383 2251 statim
403 2186 534 2268 probent
554 2207 638 2263 esse,
669 2189 696 2250 si
724 2189 811 2250 talem
840 2188 981 2251 definiant
1007 2190 1123 2269 qualem
1145 2190 1257 2252 suimus
1279 2207 1351 2254 eoos

154 2273 300 2363 deba-e,
323 2287 376 2350 ⁸ut
398 2283 443 2351 sio
463 2296 580 2351 etanta
602 2288 701 2350 omnia
723 2288 816 2351 luisse
831 2289 954 2352 dicatur.
986 2288 1046 2352 Sed
1061 2301 1094 2354 ut
1108 2290 1150 2352 sit
1163 2287 1349 2371 expostulo‘,
1391 2321 1395 2326 ·

153 2413 216 2458 oet:
238 2389 332 2456 aliud
354 2389 449 2469 magis
472 2390 503 2449 in
524 2388 717 2452 huiusmodi*
737 2390 976 2472 'denoto'qnam
998 2390 1079 2471 quod
1099 2398 1170 2472 post
1184 2389 1283 2452 omnia
1297 2387 1348 2453 i'u-

228 2581 300 2645 cap.
319 2575 370 2626 vti.
415 2576 438 2626 Ι.
457 2576 488 2627 de
504 2574 545 2626 lati
563 2577 596 2637 d,
616 2592 667 2628 etot
684 2577 785 2628 lalisio.
842 2575 867 2627 b.
885 2584 910 2627 ei
927 2577 1030 2628 bumana
1047 2578 1091 2631 Ab.
1149 2575 1174 2627 3.
1193 2576 1303 2629 barreio
1319 2575 1348 2630 B.

148 2651 178 2704 4.
199 2645 349 2701 Feliculam
367 2659 412 2694 est.
426 2643 461 2705 0.,
480 2645 521 2694 red
538 2646 606 2696 babet
622 2647 648 2694 io
663 2660 736 2708 uturp.
789 2644 814 2694 5.
832 2646 916 2695 neseio
933 2645 974 2695 ubi
991 2648 1084 2696 eremit
1101 2646 1193 2698 inclute
1209 2647 1305 2698 tulis
1321 2645 1349 2698 d·

151 2719 285 2784 ipitius
303 2728 333 2764 ss
350 2714 431 2776 spurio
448 2726 499 2760 etse
515 2712 635 2773 iudicarit,
653 2714 731 2762 matio
749 2727 798 2761 etr.
831 2713 960 2777 ldaeriptit
975 2714 1059 2774 „lloae
1075 2715 1222 2778 reperiuntur
1237 2715 1264 2762 iu
1281 2713 1348 2764 eodi-

148 2791 225 2838 αι,
244 2782 368 2845 uliquis,
387 2779 519 2829 reddibile
536 2777 777 2843 mepitproboodo.“
828 2779 875 2829 bb.
893 2781 957 2829 enirn
974 2781 1016 2832 ld.
1076 2779 1100 2831 θ.
1118 2793 1196 2831 osona
1213 2778 1303 2830 telsion
1319 2779 1348 2830 l.

153 2854 254 2907 odiit
277 2850 338 2900 dere
354 2848 424 2898 uerba
442 2846 468 2896 ii.
529 2846 553 2895 i.
572 2861 628 2896 rere
652 2849 776 2911 riposppo
799 2848 996 2912 eupappopbneti
1014 2841 1139 2912 dtbytbion'
1161 2851 1187 2901 A.
1223 2847 1273 2899 Ort.
1290 2847 1349 2898 bete

151 2924 230 2973 aer-be
250 2918 283 2968 B.
319 2916 363 2966 Pto
382 2913 483 2977 barben,
508 2929 567 2979 pene
584 2916 712 2964 eneoduit‘e
730 2922 764 2964 est
780 2916 888 2977 lametii,
916 2918 954 2967 ltie
972 2923 993 2966 ei
1010 2919 1035 2966 io
1053 2932 1116 2981 seqq.
1133 2918 1220 2981 odiptts
1237 2916 1349 2979 scriptura

151 2996 192 3040 est
208 2985 325 3052 Bythion
344 2985 370 3033 io
386 2982 479 3032 abeat.
531 2981 555 3032 8.
573 2990 598 3031 ut
616 2983 652 3031 sie
670 2984 737 3034 obed.
771 2983 809 3033 siu
824 2984 884 3034 aad.
936 2983 1126 3034 stauratii.

191 3158 259 3220 cap.
279 3151 332 3202 ΙΙΙ.
355 3165 377 3199 ι.
396 3149 453 3199 elati
472 3151 532 3199 situs
544 3146 651 3213 nomine]
671 3151 733 3200 Pau·
784 3153 885 3202 inditum
905 3152 986 3202 Felici.
1034 3154 1058 3203 ls
1075 3166 1131 3202 vero
1149 3150 1271 3202 Felioulte
1288 3164 1348 3201 suae

154 3227 197 3277 lus
215 3221 338 3273 exb'esto
351 3233 376 3282 p.
388 3217 429 3266 54„
441 3216 471 3265 lt.
488 3218 637 3279 „Coenacula
648 3218 733 3267 dieun-
785 3219 916 3269 tabulatum
935 3233 1075 3282 supremum
1094 3218 1223 3269 habitabat.
1260 3217 1305 3267 Est
1321 3218 1347 3269 iu

155 3303 197 3344 tur
215 3290 249 3340 ad
271 3300 337 3353 quat
355 3284 429 3335 scalis
453 3285 616 3333 ascenditur.u
652 3284 733 3336 Gloss.
783 3287 876 3337 Arriani
891 3285 1028 3349 Epictetieis
1045 3285 1108 3334 terri
1125 3299 1222 3333 nomeu.
1239 3283 1348 3346 (matis)

157 3357 255 3411 labbei
265 3370 273 3406 ι
283 3353 471 3418 „Commium
482 3343 640 3416 bradua«
659 3352 733 3401 Varro
819 3369 840 3403 e.
859 3354 931 3401 etiarn
941 3346 1046 3415 Bython]
1063 3350 1157 3399 lrensei
1170 3349 1344 3410 interpresl‚i

158 3418 575 3483 bab.1.v‚1bt‚‚iosteaquau
595 3420 618 3469 in
637 3419 733 3483 superi·
784 3444 836 3480 ‚‚·-·
854 3419 989 3483 perlectum
1011 3424 1125 3475 Aeonem,
1149 3415 1189 3479 qui
1214 3420 1269 3463 aute
1292 3414 1347 3465 tuit.

157 3509 203 3545 ure
221 3499 297 3557 parta
316 3487 440 3538 coenitare
459 3495 598 3550 coeperunt,
620 3486 733 3548 superio·
785 3487 855 3536 lione
872 3493 950 3533 tutem
975 3490 1000 3534 et
1016 3482 1153 3532 Protroben
1172 3488 1196 3530 et
1213 3481 1348 3543 Propttora

159 3564 195 3613 ris
222 3561 318 3609 dumus
346 3557 457 3604 universa
489 3556 614 3604 eoeoecule
643 3552 733 3602 diets.“
783 3561 807 3602 et
824 3552 915 3615 bython
934 3550 1045 3600 roetnt“
1088 3548 1154 3598 Libri
1171 3547 1303 3599 veteriores
1320 3547 1346 3597 iu

162 3628 198 3679 ct.
222 3628 343 3687 interprr.
368 3623 399 3672 ad
418 3621 501 3669 Horat.
520 3622 562 3684 Ep.
583 3622 601 3679 Ι,
614 3620 636 3680 Ι,
650 3621 691 3670 91.
710 3626 734 3668 et
784 3622 831 3669 boe
848 3618 966 3668 Adversus
983 3616 1162 3666 Valentinianos
1185 3613 1269 3664 libello
1290 3613 1346 3663 ubi-

106 3738 107 3747 ,
163 3696 267 3745 Sueten.
286 3695 346 3752 lug.
365 3688 471 3752 oapdb.
511 3688 559 3738 liv.
577 3687 676 3745 xxxix,
693 3686 733 3735 14.
783 3700 831 3751 que
849 3684 1080 3748 praebeotdptbt‘on,
1100 3697 1144 3746 pro
1160 3694 1208 3746 quo
1227 3694 1272 3743 epo
1290 3694 1346 3731 eum
1460 3686 1463 3691 '

164 3762 243 3813 itare
262 3758 381 3822 dmpbitr.
401 3756 443 3815 ΙΙΙ,
461 3756 484 3815 l,
500 3755 523 3804 3.
558 3756 645 3803 vitruv.
664 3754 694 3813 it,
708 3752 732 3802 8.
784 3753 891 3804 Pamelin
910 3761 934 3801 et
950 3751 1052 3814 Rigaltiu
1076 3763 1125 3800 non
1149 3748 1253 3799 dubitari
1270 3761 1368 3812 repo--

164 3829 280 3879 merum
299 3826 369 3874 Ennii
392 3823 454 3874 illud
481 3825 537 3871 citat
554 3824 625 3871 etiam
644 3819 733 3883 Virgilii
783 3836 841 3871 nere
860 3821 955 3882 Butler,
975 3833 1002 3867 ex
1020 3818 1129 3878 Irenaeo,
1156 3829 1229 3881 quern
1252 3815 1345 3865 eneri-

165 3897 288 3959 'mterpres
306 3893 421 3956 antiquus
440 3890 573 3939 obtained.
593 3904 615 3950 p.
624 3886 664 3936 63.
695 3887 731 3936 ci.
783 3890 863 3950 psisse
880 3896 904 3936 et
921 3887 1030 3950 pressius
1047 3885 1115 3949 sequi
1138 3898 1166 3933 se
1184 3882 1273 3948 ubique
1290 3884 1345 3946 ipse

166 3962 235 4014 Ennii
255 3962 308 4011 Frr.
326 3960 366 4009 ed.
384 3958 558 4022 spangenberg
577 3953 649 4017 pdd.
782 3955 946 4005 Tertullianus
964 3959 1120 4012 contestatur,
1147 3965 1225 4015 toque
1248 3950 1345 4014 potiora

198 4032 223 4080 b.
242 4018 731 4093 apndiiunerum.]tinniitbaasqq.
782 4023 805 4073 id
831 4022 882 4071 iure
905 4022 985 4070 lacere
1010 4033 1083 4084 posse
1109 4018 1167 4069 nibi
1191 4030 1245 4068 sum
1269 4017 1344 4079 risus,

199 4113 221 4147 r.
240 4091 403 4157 ldoritorium]
428 4092 453 4141 ld
473 4100 509 4140 est
533 4092 620 4139 domus
643 4102 732 4137 coena·
783 4104 837 4140 eum
857 4089 955 4138 eosdem
975 4086 1052 4137 libros
1068 4087 1187 4137 Adversus
1196 4084 1344 4135 idereiouem

167 4165 227 4214 ulit
245 4164 336 4213 referta
355 4160 487 4210 meritoriis
505 4157 730 4216 (utSuetoniusro-
782 4157 836 4217 Ι,5.
861 4164 886 4205 et
908 4155 1018 4219 spurium
1043 4152 1152 4204 libellum
1176 4150 1231 4202 dds.
1251 4150 1344 4201 Omnes

168 4240 205 4281 rat
219 4228 300 4281 t'itoll.
319 4244 373 4292 erp.
384 4226 430 4288 7.),
448 4241 509 4290 qnae
527 4225 638 4275 locantur
656 4236 730 4287 qure-
754 4220 764 4240 ⁴
782 4225 880 4273 llaeres.
900 4236 952 4286 etp.
963 4221 987 4270 4.
1012 4222 1139 4283 genuinam
1163 4217 1272 4270 vocabuli
1288 4218 1345 4269 ior·

170 4306 219 4348 stas
237 4297 329 4360 gratis3
349 4308 411 4360 quae
430 4294 512 4342 eodem
532 4293 644 4342 dicuntur
660 4291 730 4339 meri-
782 4305 845 4341 mom
864 4289 925 4339 tueri
943 4288 1057 4338 riderem.

172 4368 238 4415 teris.
272 4364 354 4414 luten.
372 4363 423 4411 Sat.
443 4361 484 4418 ΙΙΙ,
492 4360 548 4409 234.
569 4360 617 4419 (Fr.
629 4356 730 4418 lunius.)
816 4361 832 4408 l.
851 4357 898 4407 Sed
918 4362 943 4404 ut
960 4355 992 4405 sit
1009 4350 1148 4419 expostulo]
1171 4352 1200 4405 ld
1224 4360 1271 4413 ost,
1294 4352 1344 4403 boo

171 4432 206 4483 ct
222 4431 324 4481 llirlsen
344 4426 454 4479 bannale
473 4428 689 4477 buleuterium.
781 4427 852 4476 etiam
872 4424 986 4473 adversus
1004 4420 1186 4481 eoreenteude‚
1203 4420 1342 4471 doomonte

201 4498 225 4549 d.
242 4498 350 4549 insuitur
361 4493 494 4547 Feliculam
508 4494 592 4543 credas
610 4499 675 4540 tanta
693 4498 730 4540 ts·
781 4493 862 4542 omnis
880 4491 964 4549 luisse,
990 4489 1056 4555 quod
1077 4490 1157 4540 ttmeb
1180 4487 1228 4551 ipsi
1243 4494 1343 4550 negant,

168 4564 246 4615 buitta
261 4561 396 4626 caelorum]
417 4561 512 4611 insulae
530 4561 627 4611 nomine
645 4557 731 4623 appel·
780 4561 822 4624 qui
840 4565 994 4608 cotetantiam
1018 4556 1065 4607 deo
1089 4556 1203 4607 comitem
1224 4553 1342 4615 tribuunt,

171 4630 248 4682 batur
265 4633 338 4683 sedes
357 4642 420 4696 quae
435 4643 483 4677 nou
502 4629 632 4690 iunguntur
649 4626 730 4689 parie·
779 4625 890 4676 Ennoisu
907 4625 956 4674 sire
973 4624 1054 4686 Sigen.
1072 4622 1179 4687 (Rigalt.)
1253 4684 1259 4695 ⁸

172 4698 232 4749 lber
250 4714 304 4750 eum
322 4700 415 4749 ricinis.
461 4696 524 4746 liaeo
541 4697 613 4758 igitur
630 4695 675 4743 luit
692 4694 730 4743 in·
815 4708 838 4755 g.
856 4694 880 4742 in
898 4686 1049 4757 huiusmodi]
1072 4691 1098 4741 ln
1122 4684 1260 4740 bulutmodi
1276 4684 1340 4732 leo-

171 4766 235 4827 tiene
244 4767 342 4831 aliquod
353 4763 515 4822 meritorium,
533 4764 556 4812 in
567 4776 615 4826 quo
625 4760 729 4810 tabulata
780 4774 838 4809 num
857 4752 944 4809 labala.
963 4758 1068 4822 (abrit.)
1101 4756 1139 4809 Gi.
1156 4754 1247 4806 adnati.
1264 4748 1342 4801 tdbe

171 4844 238 4895 qum
256 4834 370 4901 plurima.
407 4830 501 4881 Nomen
519 4830 617 4880 domino
635 4830 730 4878 fortean
779 4828 847 4890 liupo
866 4818 919 4891 etp.
931 4822 970 4876 12
