3242 5775
169 1299 224 1356 Gap.
234 1297 278 1342 XL.

163 2897 281 2957 Capiti.

296 616 359 681 att
549 625 651 678 curnrx
674 624 805 669 snnnuu
827 622 992 668 rnonsurrs
1016 621 1212 667 nnnruxtaeru

295 788 393 843 summ
414 776 480 839 eins
503 775 603 837 omnia
625 773 713 836 simul
734 792 769 835 ex
792 771 930 834 omnibus
952 770 1077 846 habent,
1101 779 1135 833 ut
1156 789 1193 832 ex
1214 771 1325 848 partibo

296 878 485 949 dinoscatur,
518 874 621 955 utique
649 893 699 936 eas
726 882 827 953 partes
855 872 986 951 intellegi
1016 871 1060 933 ris
1089 889 1165 951 quae
1194 889 1230 932 ex
1258 870 1306 931 illa

297 986 383 1051 sunt,
405 994 480 1055 quae
500 975 590 1037 hodie
612 971 747 1036 videntur
768 972 898 1035 anobis.
933 972 1091 1046 Quomodo
1108 989 1180 1051 ergo
1201 972 1325 1032 omniur

295 1078 352 1141 bus
373 1074 500 1150 habeut,
523 1075 625 1155 utique
646 1093 682 1135 ex
703 1071 857 1152 pristinis,
879 1072 997 1151 quando
1019 1091 1095 1152 quae
1116 1071 1206 1134 hodie
1228 1071 1325 1134 vident

295 1176 423 1240 habeant
444 1193 531 1256 quarn
553 1175 677 1255 pristina
699 1172 843 1235 fuerunt?
1092 1159 1096 1165 ’

380 1276 460 1338 [licia
482 1276 512 1336 in
534 1269 640 1337 melius
661 1275 851 1335 reformatam
873 1273 1040 1346 mater-ium,
1065 1273 1167 1352 utique
1183 1272 1234 1334 'de
1256 1272 1324 1332 clete

297 1387 328 1440 et
349 1375 393 1437 vis
415 1374 539 1437 meliora
561 1374 742 1436 deteriorum
769 1374 998 1453 exemplarium·
1020 1372 1122 1468 ferrei
1165 1372 1297 1434 Confusa
1319 1390 1325 1432 ι

296 1495 378 1539 nunc
397 1492 468 1537 vero
491 1471 655 1554 composita
678 1481 741 1545 est,
775 1482 805 1534 et
832 1473 876 1535 vis
903 1493 939 1535 ex
961 1473 1136 1553 compositis
1159 1472 1326 1552 incomposi

297 1573 385 1638 herii
422 1574 507 1637 Nulla
528 1592 578 1635 res
600 1574 753 1653 speculum
773 1573 839 1636 ²est
859 1574 903 1634 rei
925 1574 1062 1646 alterius,
1085 1574 1116 1634 id
1138 1582 1266 1634 estnon
1288 1591 1323 1634 eo

296 1675 391 1738 Nemo
414 1692 447 1735 se
468 1674 546 1753 apud
567 1667 721 1735 tonsorem
742 1690 798 1753 pro
821 1673 942 1734 homine
969 1674 1080 1735 mulum
1109 1673 1254 1753 inspexit3
1287 1673 1325 1734 nir

297 1782 381 1855 putat
401 1774 433 1836 in
455 1773 509 1835 hac
530 1773 730 1834 exstructione
751 1772 854 1834 mundi
875 1772 1057 1853 ³disposiue
1078 1773 1136 1834 iam
1151 1782 1181 1834 et
1195 1781 1325 1851 comptae

297 1892 376 1937 mem
405 1882 435 1935 et
460 1872 598 1934 innultam
626 1871 780 1934 materiam
806 1873 1000 1950 respondere.
1056 1872 1134 1945 Quid
1167 1872 1256 1933 hodie
1284 1873 1325 1933 int

297 1973 426 2047 mundo,
447 1973 518 2053 quid
532 1972 631 2033 ⁴retro
647 1972 828 2050 speciatum⁸
849 1972 879 2032 in
894 1974 1031 2045 materia,
1054 1973 1104 2034 ‘ut
1119 1972 1271 2050 speculum
1288 1972 1325 2032 sit

298 2054 463 2135 materiae?
491 2072 564 2133 Cum
587 2072 753 2134 ornamenti
775 2072 896 2132 nomine
912 2072 952 2133 sit
966 2091 1059 2151 penes
1076 2073 1205 2134 Graecos
1222 2072 1325 2132 mundi

298 2172 388 2236 modo
401 2171 582 2234 fluctuatae
603 2172 743 2233 materiae
765 2170 923 2250 imaginem
944 2172 1108 2252 'praefert
1131 2180 1163 2233 ut
1184 2172 1264 2233 dieas
1288 2179 1325 2232 tot

300 2290 337 2333 ex
358 2271 508 2352 'partibus
531 2270 693 2350 cognosci?
736 2271 823 2333 Certe
844 2290 880 2333 ex
901 2271 952 2332 illo
974 2271 1054 2334 “toto
1084 2273 1141 2334 erit
1168 2274 1256 2333 etiam
1285 2272 1324 2333 to

298 2390 362 2433 non
381 2372 469 2453 ,venit
497 2372 528 2432 in
556 2371 812 2433 deformationem.
867 2371 904 2433 Et
931 2391 1021 2452 supra
1049 2371 1168 2434 edidisti
1196 2391 1255 2433 non
1287 2381 1325 2433 tot

300 2470 508 2533 ¹⁰fnbricatam.
551 2471 644 2550 Igitur·
665 2472 710 2533 rel
732 2470 791 2533 hoc
812 2472 886 2533 rude
914 2481 945 2532 et
970 2472 1155 2534 ¹¹confusum
1183 2481 1213 2534 et
1240 2473 1325 2533 incon

299 2588 361 2632 uon
381 2577 483 2649 potest
503 2571 534 2631 in
556 2571 691 2650 expolitis
714 2581 743 2632 et
764 2571 912 2633 distinctis
935 2580 965 2632 et
987 2572 1162 2651 compositis
1185 2591 1325 2650 recognos

299 2688 355 2731 nec
375 2677 475 2748 partes
497 2669 639 2733 materiae
660 2671 800 2751 appellari
822 2672 974 2744 convenit,
1003 2691 1069 2734 cum
1097 2691 1114 2732 a
1141 2674 1236 2733 forma
1258 2673 1322 2734 eius

300 2768 411 2831 tatiorm
432 2768 527 2831 divisa
546 2779 746 2832 recesserunt.

384 2868 529 2932 Revertor
550 2869 587 2932 ad
609 2877 739 2943 motum,
762 2879 795 2933 ut
816 2870 925 2950 ubique
947 2879 977 2933 te
997 2870 1143 2934 lubricum
1158 2872 1324 2954 ostendam.

299 2970 378 3032 (litus
401 2977 432 3029 et
452 2970 628 3031 inconfusus
650 2980 680 3030 et
702 2971 889 3032 turbulentus
912 2973 968 3035 fuit
987 2972 1127 3033 materiae
1155 2982 1266 3034 motus.
1311 2973 1325 3034 ξ

300 3076 329 3130 et
351 3067 426 3130 ollae
447 3069 577 3149 undique
600 3068 767 3132 ebullientis
796 3071 1020 3133 similitudinem
1050 3072 1203 3152 'opponis
1253 3073 1291 3133 Et
1318 3094 1325 3133 t

299 3167 368 3230 alibi
398 3168 473 3231 alius
502 3187 519 3230 a
545 3177 575 3230 te
597 3169 793 3232 adfirmatur?
843 3172 916 3232 Cum
939 3173 1017 3233 enim
1040 3172 1085 3265 vis
1109 3173 1262 3233 materiam
1284 3192 1325 3235 ne

298 3285 356 3330 nec
377 3269 483 3330 malam
506 3269 661 3341 inducere,
694 3270 801 3350 Igitur,
832 3271 947 3350 inquis,
980 3272 1138 3333 subiacens
1166 3272 1307 3347 materia,

299 3369 443 3431 momenti
464 3369 578 3431 liabens
600 3377 714 3431 motum
736 3389 834 3450 neque
856 3371 891 3431 ad
913 3371 1026 3432 bonum
1054 3390 1150 3451 neque
1180 3372 1217 3433 ad
1244 3373 1322 3435 malu

367 3487 426 3550 Cap.
444 3487 490 3536 xt..
536 3487 558 3535 l.
582 3487 612 3536 de
636 3487 797 3537 deterioribus
821 3489 866 3547 ed,
892 3489 1020 3549 ittennuua,
1046 3490 1158 3538 Latinius.
1202 3489 1325 3540 deterioril

298 3554 436 3603 Fr.lsaiur.
484 3552 508 3602 2.
527 3555 615 3603 estrei
634 3555 776 3604 alteriusl.
811 3553 911 3603 alterius
930 3557 964 3604 rei
983 3558 1028 3616 ed,
1048 3572 1078 3605 ee
1091 3557 1205 3606 Vaticano.
1241 3558 1325 3607 estoit

299 3619 323 3668 3.
342 3619 474 3682 dispositae
492 3621 539 3669 iam
558 3630 582 3670 et
600 3628 710 3684 comptae
728 3623 774 3681 ed,
785 3622 898 3670 Latinius.
935 3623 1053 3685 disposita
1072 3624 1118 3672 iam
1132 3631 1261 3686 etenmpta
1278 3626 1325 3685 ab,

299 3686 416 3749 disposita
436 3687 482 3736 iam
502 3695 526 3736 et
544 3697 680 3750 contempta
698 3688 742 3736 ts.
770 3687 819 3737 .f.
836 3695 901 3737 retro
920 3689 987 3739 olid.
1023 3697 1109 3739 tetrum
1126 3690 1169 3739 ts.
1211 3689 1234 3738 5.
1253 3693 1325 3741 anti

299 3752 437 3802 ornataAB.
478 3752 501 3801 7.
520 3756 626 3816 praefert
643 3755 686 3803 te.
701 3755 831 3804 Vaticanus.
866 3755 940 3804 refert
956 3757 1050 3819 reliqui.
1091 3754 1115 3804 8.
1134 3757 1247 3818 passibus
1264 3758 1308 3807 te.

298 3818 343 3866 AB.
380 3817 420 3865 to.
437 3816 658 3869 fabricatamiftcc.
674 3821 803 3871 Vaticanus.
838 3821 979 3870 fabricatum
999 3824 1037 3871 td.
1075 3821 1113 3870 fl.
1133 3824 1260 3872 confusum
1279 3825 1325 3873 etl

299 3891 349 3932 tnrn
368 3896 416 3931 nou
435 3891 515 3946 potest
531 3886 598 3934 nied.
617 3888 755 3937 furientis.
795 3888 960 3938 Emeudnverct
976 3891 1011 3938 ito
1027 3890 1074 3938 iam
1091 3895 1159 3938 auten
1176 3890 1305 3940 Rhenanus.

299 3963 348 3998 non
366 3949 551 4012 incompositum
571 3965 619 4007 nou
638 3954 773 4016 impotestis
787 3957 812 4004 t.
848 3955 945 4016 confugi
964 3956 1062 4004 etmihi
1081 3953 1195 4019 poputum
1215 3970 1264 4005 non
1284 3957 1307 4007 in

368 4014 426 4079 Cap.
444 4016 503 4065 ΧΗ.
540 4016 561 4066 l.
580 4032 690 4083 oppones
706 4020 752 4070 ts.
788 4022 892 4084 appouis
910 4023 933 4071 d.

333 4113 392 4178 Cap.
410 4114 457 4164 tt.
491 4132 511 4165 a.
531 4114 716 4183 exemplarium]
734 4120 859 4184 Cf.snpra
911 4121 994 4170 hibere
1018 4135 1046 4171 ex
1072 4121 1186 4183 adrerso;
1216 4137 1264 4185 qno
1288 4136 1325 4172 aer

299 4179 329 4228 ad
348 4180 455 4244 eap.38.
910 4187 971 4236 adeo
995 4188 1091 4248 tongins
1114 4189 1189 4252 petito
1212 4189 1324 4250 elegante

333 4246 357 4294 lt.
375 4248 507 4310 dispositae
531 4251 578 4298 iem
602 4256 626 4299 et
643 4248 766 4316 comptae]
793 4252 859 4301 llSS.
909 4260 965 4303 Aen.
984 4254 1067 4304 lib.lll
1085 4250 1176 4319 [nid]
1202 4255 1310 4313 „Coum

299 4326 390 4375 sequor
413 4322 437 4364 et
460 4317 515 4366 edit.
534 4319 610 4379 princ.
634 4318 717 4380 legens
745 4320 787 4377 „in
815 4319 859 4368 hac
909 4323 1032 4384 respondet
1050 4321 1138 4371 Gnosia
1162 4321 1263 4371 tellus.“
1297 4321 1325 4371 Ni

299 4380 447 4430 extractione
464 4383 546 4433 muudi
565 4385 678 4447 disposite
695 4386 742 4434 iem
761 4392 859 4435 etcum·
911 4388 1034 4437 materiam
1066 4388 1217 4451 respondere
1248 4390 1272 4437 in
1305 4388 1325 4437 ln

296 4444 368 4508 pte“
392 4447 508 4498 Latinium
522 4458 546 4499 et
557 4450 688 4499 Pamefinm
707 4453 731 4500 in
750 4460 856 4501 errorem
910 4456 1010 4514 mundo,
1028 4455 1052 4504 id
1068 4461 1106 4504 ast
1122 4455 1160 4503 sni
1171 4468 1317 4518 responsum

299 4510 404 4572 abduxit,
422 4515 486 4575 qnod
499 4517 670 4579 proprietatem
680 4519 744 4567 verbi
754 4518 858 4582 responss
910 4535 956 4582 que
975 4521 1095 4570 exhibere.
1131 4521 1182 4580 Qua
1202 4536 1228 4571 re
1246 4522 1325 4584 quid*

299 4577 345 4628 deo
363 4593 411 4628 non
430 4582 647 4633 animadverterint.
679 4585 739 4635 Nam
757 4586 781 4635 iu
800 4600 857 4650 ape·
909 4596 1031 4651 exponunt
1040 4587 1167 4652 perspicue
1176 4588 1325 4652 sequentia.(l

300 4644 355 4695 rulo
374 4648 523 4710 respondere
541 4650 618 4711 imago
637 4651 724 4701 dicitnr
750 4659 790 4701 aut
809 4667 857 4712 res,
943 4670 964 4703 e.
983 4651 1128 4719 speciatum]
1150 4647 1325 4713 Eldamari&

299 4726 344 4774 pro
364 4727 392 4762 en
410 4715 475 4777 qnod
485 4725 522 4765 est
534 4716 653 4779 praeberi,
671 4720 858 4782 repraesentari,
909 4721 958 4769 cies
982 4736 1040 4769 snas
1067 4722 1233 4784 informatum,
1260 4722 1299 4771 cni
1323 4746 1325 4766 ι

298 4780 395 4840 referri,
414 4781 449 4831 rel
467 4782 548 4847 potius
565 4784 720 4847 spectandam
744 4799 799 4835 sess
817 4800 858 4835 ex·
908 4789 1066 4851 imperiatum,
1079 4789 1228 4839 Adsideat.
1238 4788 1303 4840 att.
1310 4789 1325 4853 (l
