3242 5775
308 637 368 702 aot
563 649 665 701 uorsus
688 648 819 691 ssarnrn
842 647 1007 690 ruonsnrrs
1030 645 1229 690 rmauusurrr

261 823 263 828 ·
306 802 424 876 venire,
447 800 516 882 qnia
537 797 716 860 contrarium
741 816 776 859 ex
798 779 948 858 contrario
970 797 1036 869 liat,
1061 814 1118 858 nec
1137 794 1355 858 'visualitatem
1375 794 1455 856 iterun

307 922 343 965 ex
365 888 515 968 caecitate,
536 899 622 979 ”quia
644 898 681 960 de
702 897 867 960 visualitate
889 897 1014 959 caecitas
1036 896 1157 967 accidat.
1180 915 1236 959 neo
1251 897 1395 959 inventam
1407 913 1454 956 rru-

307 1022 361 1066 sns
384 1003 421 1065 de
443 1010 561 1064 senecta
592 1000 819 1071 ¹⁰reriveseere,
854 999 923 1077 quia
951 1018 987 1060 ex
1016 997 1133 1060 iuventa
1162 1006 1282 1060 senecta
1311 1002 1454 1066 marcescat

308 1123 364 1166 nec
384 1101 584 1183 insipientiam
602 1100 663 1161 ¹¹ex
680 1100 826 1178 sapientia
843 1099 940 1161 denuo
957 1098 1125 1173 ¹²0bmndi,
1149 1100 1218 1180 qnia
1234 1093 1300 1161 ¹'de
1315 1096 1454 1179 insipientia

308 1205 451 1285 sapientia
475 1211 606 1265 acuatur.
649 1202 729 1262 llaec
751 1210 780 1262 ct
801 1200 942 1261 Albinus·
965 1200 1080 1261 Platoni
1110 1219 1166 1262 sno
1195 1201 1309 1262 veritus
1336 1199 1456 1262 subtiliter

306 1305 423 1385 quaerit
444 1303 684 1366 contrarietatum
708 1320 816 1380 genera
838 1301 1030 1380 distinguere.
1079 1301 1172 1375 Quasi
1193 1319 1254 1363 non
1278 1311 1310 1363 et
1331 1303 1397 1363 hacc
1413 1309 1454 1360 tan

306 1406 443 1467 absolute
465 1405 495 1465 in
518 1402 776 1465 contrarietatibus
798 1403 896 1480 posita
919 1402 981 1462 sint
1002 1419 1089 1481 quam
1112 1411 1142 1464 et
1163 1402 1210 1464 illa
1233 1422 1309 1483 qnae
1331 1402 1389 1475 “ad
1403 1417 1455 1461 sen·

307 1504 429 1567 tentiam
451 1504 585 1583 magistri
609 1503 655 1564 sui
680 1502 956 1581 ¹⁶interpretantur,
978 1503 1073 1563 vitam
1102 1502 1168 1564 dico
1191 1513 1222 1564 et
1243 1514 1377 1566 mortem.
1413 1500 1455 1562 Not

307 1613 404 1667 tamen
427 1623 462 1666 ex
485 1613 582 1665 morte
605 1604 662 1664 vita
685 1603 827 1664 reddatur
849 1603 916 1681 qnia
940 1622 975 1663 ex
999 1604 1057 1664 rita
1079 1623 1161 1666 mors
1184 1605 1345 1667 deleratur.

164 1718 289 1779 ospm.
392 1705 470 1779 Quid
492 1713 589 1766 autem
613 1704 648 1764 ad
671 1713 767 1765 cetera
789 1703 1062 1783 respondebimus?
1094 1704 1195 1765 Primo
1212 1705 1292 1766 enim
1307 1704 1333 1766 si
1348 1723 1380 1765 ex
1394 1719 1455 1765 mor-

306 1806 366 1869 tuis
394 1806 468 1877 tiri,
502 1805 578 1867 sicut
600 1805 708 1865 mortni
731 1824 765 1866 ex
796 1804 886 1877 rivis,
920 1824 997 1867 unns
1027 1805 1148 1865 omnino
1177 1814 1206 1866 et
1234 1806 1313 1867 idem
1341 1818 1456 1867 numerus
1501 1869 1505 1880 ¹

307 1925 428 1988 semper
448 1905 596 1967 haesisset
615 1906 745 1966 omnium
762 1905 950 1978 ¹bominum,
974 1906 1022 1966 ibe
1045 1906 1158 1968 scilicet
1178 1924 1322 1968 numerus
1345 1905 1392 1985 qui
1410 1902 1455 1984 pri-

307 2026 375 2070 mus
397 2006 485 2068 vitam
508 2006 673 2067 introisset.
728 2006 851 2067 Priores
873 2008 952 2067 enim
975 2006 1119 2068 'mortuis
1141 2006 1215 2081 riri,
1244 2007 1352 2069 dehinc
1371 2000 1456 2067 mortni

307 2127 343 2170 ex
365 2108 455 2180 viris,
478 2106 524 2168 'et
545 2126 651 2169 rursus
674 2126 709 2169 ex
725 2108 853 2168 mortuis
868 2106 935 2168 vivi.
966 2108 1004 2169 Et
1017 2108 1086 2170 dum
1102 2108 1160 2170 boo
1174 2126 1294 2189 semper
1309 2129 1344 2171 ex
1358 2108 1456 2175 ‘isdem

306 2209 346 2271 ita
363 2209 486 2271 totidem
502 2227 631 2287 semper,
655 2208 703 2286 qni
721 2228 757 2269 ex
772 2208 896 2269 ‘isdem
930 2208 1021 2269 ⁰Nam
1044 2227 1140 2287 neque
1161 2208 1264 2288 plures
1287 2218 1338 2272 aut
1358 2207 1457 2289 pando·

306 2328 357 2372 res
373 2310 519 2371 ‘exissent
546 2328 633 2388 qnam
660 2309 842 2370 'redissent
890 2309 1060 2371 Invenimus
1083 2310 1197 2371 'autem
1212 2312 1297 2390 apud
1321 2311 1458 2373 Commen-

306 2411 399 2473 tarios
427 2413 514 2472 etiam
544 2412 745 2472 Humanarum
768 2411 998 2490 Antiquitatum·
1025 2396 1164 2490 paulatim
1196 2412 1360 2475 humanum
1386 2423 1459 2493 genus

307 2512 505 2585 exuberasse,
528 2512 598 2574 dum
619 2511 813 2590 ”Aborigines
836 2512 882 2573 rel
896 2513 959 2591 vagi
982 2512 1028 2573 vel
1043 2522 1178 2590 extorres
1199 2514 1246 2574 vel
1268 2513 1391 2593 gloriosi
1411 2508 1460 2592 qui·

307 2631 365 2692 que
387 2621 533 2692 occupant
553 2622 666 2686 terras,
689 2620 722 2674 ut
743 2613 868 2692 Scythae
892 2613 912 2645 ¹⁰
921 2613 1086 2686 Parthicas,
1110 2614 1170 2675 ¹¹ut
1192 2614 1374 2677 Temenidae
1390 2613 1461 2677 Pelo·

306 2714 506 2793 ponnesuml,
530 2721 563 2776 ut
582 2713 778 2775 Athenienses
794 2714 911 2788 Asiam,
935 2721 968 2775 ut
990 2714 1148 2794 ¹'Phryges
1170 2714 1285 2776 ltaliam
1310 2717 1369 2778 ¹³et
1382 2716 1463 2778 Phoe·

307 2813 389 2876 nices
404 2814 540 2890 Africam,
564 2815 634 2875 dnm
649 2814 811 2875 sollemnes
828 2815 916 2876 etiam
933 2814 1182 2896 ¹²¹’migrationes
1206 2835 1281 2896 quas
1300 2808 1466 2888 '‘duculot

308 2915 496 2997 ¹‘appellant
526 2916 652 2978 oonsilio
675 2917 881 2978 exonerandae
903 2918 1126 2998 popularitatis,
1160 2918 1190 2979 in
1213 2917 1289 2979 alios
1312 2920 1390 2982 lines
1411 2935 1468 2981 exa·

305 3017 386 3079 mina
407 3017 504 3097 gentis
526 3026 668 3079 eructant
720 3017 794 3078 Nam
817 3026 847 3078 et
869 3017 1091 3097 ’⁸Ahorigines⁸
1118 3019 1247 3080 nuncin
1272 3020 1337 3082 suis
1360 3021 1471 3084 sedibus

303 3127 492 3199 permanent,
522 3127 553 3181 et
573 3119 641 3179 alibi
664 3118 790 3197 amplius
814 3117 1008 3198 gentilitatem
1030 3121 1247 3180 feneraverunt
1302 3120 1392 3183 Certe
1414 3119 1474 3201 qui-

303 3219 370 3281 dem
393 3220 459 3299 ipsc
482 3220 564 3280 orbis
586 3221 615 3280 in
638 3227 780 3300 promptu
803 3228 865 3293 est,
889 3219 995 3280 cultior
1017 3220 1053 3280 de
1077 3218 1146 3280 die⁸
1169 3229 1197 3281 et
1219 3220 1398 3283 instructior
1418 3221 1475 3302 pri·

303 3320 394 3383 atino.
431 3321 537 3384 Omnia
560 3320 618 3381 iam
641 3320 750 3399 pervia,
774 3321 874 3382 omnia
896 3329 976 3394 nota,
1000 3320 1098 3381 omnia
1114 3321 1279 3400 negotiosa,
1303 3321 1478 3385 solitudines

303 3472 328 3525 8.
347 3474 539 3523 cuiusualltstem
559 3475 583 3522 A.
642 3472 666 3522 9.
693 3474 747 3536 quia
772 3472 801 3521 de
825 3472 959 3522 visualitate
978 3475 1059 3524 omd.
1122 3474 1161 3523 to.
1186 3474 1379 3526 reviresceret.
1420 3476 1479 3526 resi·

303 3541 394 3591 riacers
412 3543 505 3606 reliqui.
567 3541 604 3590 ll.
624 3542 647 3590 in
666 3541 808 3604 sapientiam
827 3541 851 3590 A.
908 3540 1120 3592 taeneotica.
1187 3539 1225 3589 13.
1244 3541 1274 3590 de
1291 3542 1335 3592 111.
1381 3557 1409 3593 ex
1428 3544 1480 3595 det.

304 3607 344 3659 14.
363 3610 392 3657 ad
412 3609 554 3658 sententiam
573 3609 683 3671 ngCob.
720 3609 854 3658 absentiam
872 3609 916 3659 ts.

371 3676 429 3738 Cap⁴
448 3677 514 3727 xxx.
562 3677 581 3724 Ι.
606 3676 731 3724 hominurn
756 3677 856 3726 emtb.
914 3673 938 3724 2.
964 3690 991 3725 ex
1011 3675 1111 3725 mortuis
1130 3674 1187 3725 lico.
1245 3674 1267 3724 3.
1295 3684 1320 3726 et
1342 3691 1430 3729 rursus
1454 3691 1481 3728 ax

303 3744 405 3792 mortuis
424 3742 466 3790 riri
486 3746 572 3793 om.A.
624 3743 648 3792 1.
667 3743 760 3792 hisdem
780 3745 804 3792 A.
841 3742 926 3792 iisdem
943 3743 1037 3807 reliqui.
1080 3743 1104 3792 5.
1124 3744 1200 3792 isdem
1218 3746 1243 3793 A.
1280 3744 1368 3793 iisdem
1388 3747 1481 3810 reliqui.

303 3808 328 3859 b.
346 3809 405 3859 llam
424 3811 521 3859 omAb.
563 3810 586 3856 'l.
607 3810 726 3859 redissent
743 3813 768 3861 A.
786 3803 908 3873 ltigultios.
944 3811 1051 3860 redirent
1069 3811 1142 3861 ocae.
1185 3809 1209 3859 8.
1227 3810 1299 3860 etiam
1317 3811 1363 3862 Ab.
1407 3813 1432 3862 9.
1451 3814 1481 3862 ab

303 3877 397 3937 origine
413 3876 494 3937 Altmq.
554 3876 593 3925 to,
613 3876 717 3926 Porticus
735 3879 779 3928 AR.
822 3878 956 3927 Parthicam
981 3878 1045 3928 Parte.
1059 3878 1164 3927 Ursinus.
1224 3877 1262 3926 11.
1289 3886 1315 3926 nt
1332 3879 1483 3930 Temenidae

302 3940 498 4005 Peloponnesum
517 3944 562 3992 los.
573 3943 684 4006 Saetiger.
720 3954 745 3994 nt
763 3945 871 3994 blenidae
891 3945 1085 4009 Peloponnesum
1103 3945 1161 3995 sto.
1196 3945 1483 4011 utAurpelsePelopon·

303 4022 388 4058 nesam
414 4011 445 4069 b.,
471 4026 521 4060 cam
538 4011 620 4061 Patrio
640 4011 730 4061 Ursino.
773 4014 800 4062 lo
817 4014 842 4063 A.
866 4015 923 4063 haee
947 4015 1016 4063 serbo
1039 4014 1207 4062 desideranter.
1271 4011 1311 4062 12.
1337 4012 1432 4078 Phyges
1456 4015 1483 4064 B.

304 4075 344 4125 ta.
363 4085 387 4125 et
403 4076 447 4127 111.
483 4085 508 4125 ut
524 4080 618 4143 reliqui.
677 4077 739 4127 131.
764 4080 935 4141 emigrationes
960 4083 984 4130 tn
1001 4082 1027 4131 A.
1047 4081 1102 4142 legit
1119 4080 1239 4142 lliqoltiass.
1294 4080 1333 4130 11.
1352 4073 1484 4136 ἀποικίας

300 4144 397 4207 1111191.
430 4139 570 4210 μετοικίας
588 4145 645 4195 Bt'o.
706 4145 744 4195 lb.
763 4155 849 4197 rocant
864 4149 890 4199 A.
952 4146 1484 4210 1111111ςί111.,1111111111111111

303 4211 388 4260 Ursini.
424 4213 529 4274 origines
547 4213 623 4264 Alica.

335 4310 394 4375 Cep.
412 4313 491 4364 lllllll.
533 4330 554 4364 a.
579 4311 691 4380 Albinus]
718 4315 742 4364 v.
771 4315 863 4367 Alcinoi
950 4333 971 4367 c.
990 4314 1143 4380 Aborigines]
1171 4317 1197 4366 ln
1215 4317 1335 4378 Agobardi
1361 4318 1426 4369 libro
1445 4319 1482 4370 le·

304 4377 399 4442 lsagog.
418 4379 522 4443 capta.
915 4386 978 4447 gitur
996 4385 1072 4444 „Nem
1092 4392 1115 4434 et
1133 4383 1264 4448 origines.“
1300 4385 1415 4447 Origines
1437 4403 1482 4437 an·

335 4447 392 4510 Cap.
412 4447 479 4497 llllll.
525 4464 547 4498 a.
577 4450 641 4512 apud
669 4450 863 4502 Commentarios
914 4460 962 4502 tem
981 4454 1127 4516 populorum
1152 4461 1176 4501 et
1199 4453 1294 4501 urbium
1319 4455 1394 4505 etiam
1413 4456 1483 4518 ipsos

300 4515 371 4564 etiarn
391 4515 553 4565 llumanarum
572 4514 756 4582 Antiquitatum]
773 4518 862 4568 Varro·
913 4520 1056 4582 Aborigines
1082 4527 1147 4570 recte
1171 4519 1217 4569 diei
1241 4534 1314 4570 nemo
1333 4521 1387 4571 iura
1405 4536 1484 4585 naga·

299 4581 338 4631 nis
363 4581 480 4631 librorum
499 4584 670 4648 Antiquitatum
698 4586 784 4635 lterum
810 4587 861 4636 lln-
912 4588 980 4637 rerit.
999 4587 1107 4648 (Rigalt.)

298 4663 424 4699 manarum
443 4650 553 4713 reliqniis
580 4652 626 4702 boc
644 4654 802 4715 fragmentum
822 4654 860 4704 in·
947 4655 970 4703 d.
989 4656 1077 4705 cultior
1094 4655 1124 4704 de
1143 4649 1273 4720 die].Com
1292 4654 1331 4704 his
1348 4655 1429 4706 serbis
1449 4659 1483 4707 et.

297 4732 361 4768 aere.
912 4737 975 4786 qnae
993 4723 1106 4784 leguntur
1131 4722 1177 4772 snb
1202 4723 1242 4771 tin.
1261 4736 1315 4786 cap.
1329 4721 1353 4772 2.
1370 4724 1427 4773 libri
1446 4725 1483 4774 lie

331 4786 354 4835 b.
373 4792 400 4834 ut
417 4785 518 4848 Scythae
536 4786 659 4835 Parthicas
677 4784 745 4855 cett]
770 4789 806 4840 Ci.
826 4790 861 4840 lla
912 4790 997 4839 Pallio.
1022 4792 1054 4840 lle
1066 4793 1105 4840 dte
1122 4789 1240 4854 Septimio
1259 4804 1314 4839 esse
1332 4792 1399 4854 qood
1409 4792 1483 4855 volgo

297 4851 373 4902 Pallio
392 4868 445 4917 cap.
456 4852 479 4902 2.
498 4867 552 4903 enm
572 4862 662 4905 annott.
911 4859 936 4906 io
954 4859 1005 4908 dies
1023 4859 1070 4909 disi
1088 4858 1118 4908 sd
1136 4858 1170 4909 lis
1189 4857 1281 4908 Paentt
1300 4857 1410 4924 eap12
