<?xml version="1.0" encoding="UTF-8"?>
<!DOCTYPE html PUBLIC "-//W3C//DTD XHTML 1.0 Transitional//EN"
    "http://www.w3.org/TR/xhtml1/DTD/xhtml1-transitional.dtd">
<html xmlns="http://www.w3.org/1999/xhtml" xml:lang="en" lang="en">
 <head>
  <title>
</title>
<meta http-equiv="Content-Type" content="text/html;charset=utf-8" />
  <meta name='ocr-system' content='tesseract 3.04.00' />
  <meta name='ocr-capabilities' content='ocr_page ocr_carea ocr_par ocr_line ocrx_word'/>
</head>
<body>
  <div class='ocr_page' id='page_1' title='image "./quaesupersuntom00oehlgoog_0174.png"; bbox 0 0 3242 5775; ppageno 0'>
   <div class='ocr_carea' id='block_1_1' title="bbox 320 571 1238 636">
    <p class='ocr_par' dir='ltr' id='par_1_1' title="bbox 320 571 1238 636">
     <span class='ocr_line' id='line_1_1' title="bbox 320 571 1238 636; baseline -0.004 -2"><span class='ocrx_word' id='word_1_1' title='bbox 320 571 383 636; x_wconf 83' lang='grc'><strong>210</strong></span> <span class='ocrx_word' id='word_1_2' title='bbox 575 585 678 635; x_wconf 74' lang='lat' dir='ltr'><strong>cuturn</strong></span> <span class='ocrx_word' id='word_1_3' title='bbox 699 584 830 628; x_wconf 79' lang='lat' dir='ltr'><strong>surrruu</strong></span> <span class='ocrx_word' id='word_1_4' title='bbox 851 584 1017 629; x_wconf 80' lang='lat' dir='ltr'><strong>ruounurrs</strong></span> <span class='ocrx_word' id='word_1_5' title='bbox 1040 584 1238 630; x_wconf 80' lang='lat' dir='ltr'><strong>rsnrunurrm</strong></span> 
     </span>
    </p>
   </div>
   <div class='ocr_carea' id='block_1_2' title="bbox 165 732 1345 4039">
    <p class='ocr_par' dir='ltr' id='par_1_2' title="bbox 180 732 1344 1218">
     <span class='ocr_line' id='line_1_2' title="bbox 320 732 1344 814; baseline -0.005 -13"><span class='ocrx_word' id='word_1_6' title='bbox 320 732 450 801; x_wconf 73' lang='lat' dir='ltr'><strong>sonam?</strong></span> <span class='ocrx_word' id='word_1_7' title='bbox 480 733 519 797; x_wconf 83' lang='lat' dir='ltr'><strong>Et</strong></span> <span class='ocrx_word' id='word_1_8' title='bbox 539 753 592 798; x_wconf 90' lang='lat' dir='ltr'><strong>eur</strong></span> <span class='ocrx_word' id='word_1_9' title='bbox 613 733 698 813; x_wconf 80' lang='lat' dir='ltr'>quasi</span> <span class='ocrx_word' id='word_1_10' title='bbox 719 733 861 814; x_wconf 78' lang='lat' dir='ltr'><strong>ignorans</strong></span> <span class='ocrx_word' id='word_1_11' title='bbox 881 732 1082 813; x_wconf 75' lang='lat' dir='ltr'><strong>loquebatur?</strong></span> <span class='ocrx_word' id='word_1_12' title='bbox 1113 733 1152 796; x_wconf 88' lang='lat' dir='ltr'><strong>Ut</strong></span> <span class='ocrx_word' id='word_1_13' title='bbox 1172 734 1344 796; x_wconf 74' lang='lat' dir='ltr'><strong>confession</strong></span> 
     </span>
     <span class='ocr_line' id='line_1_3' title="bbox 319 833 1344 920; baseline -0.005 -20"><span class='ocrx_word' id='word_1_14' title='bbox 319 844 510 920; x_wconf 82' lang='lat' dir='ltr'><strong>provocaret,</strong></span> <span class='ocrx_word' id='word_1_15' title='bbox 532 844 565 897; x_wconf 91' lang='lat' dir='ltr'><strong>ut</strong></span> <span class='ocrx_word' id='word_1_16' title='bbox 586 834 723 897; x_wconf 89' lang='lat' dir='ltr'><strong>timorem</strong></span> <span class='ocrx_word' id='word_1_17' title='bbox 744 833 896 914; x_wconf 90' lang='lat' dir='ltr'><strong>probaret.</strong></span> <span class='ocrx_word' id='word_1_18' title='bbox 930 834 980 895; x_wconf 92' lang='lat' dir='ltr'><strong>Sic</strong></span> <span class='ocrx_word' id='word_1_19' title='bbox 994 842 1025 895; x_wconf 88' lang='lat' dir='ltr'><strong>et</strong></span> <span class='ocrx_word' id='word_1_20' title='bbox 1038 833 1129 896; x_wconf 89' lang='lat' dir='ltr'><strong>lldam</strong></span> <span class='ocrx_word' id='word_1_21' title='bbox 1144 834 1301 915; x_wconf 79' lang='lat' dir='ltr'><strong>aliquando</strong></span> <span class='ocrx_word' id='word_1_22' title='bbox 1317 855 1344 916; x_wconf 82' lang='lat' dir='ltr'><strong>qr</strong></span> 
     </span>
     <span class='ocr_line' id='line_1_4' title="bbox 180 932 1344 1042; baseline -0.003 -42"><span class='ocrx_word' id='word_1_23' title='bbox 180 934 306 1042; x_wconf 45' lang='lat' dir='ltr'><strong>„2224sp</strong></span> <span class='ocrx_word' id='word_1_24' title='bbox 317 937 402 1019; x_wconf 87' lang='lat' dir='ltr'><strong>quasi</strong></span> <span class='ocrx_word' id='word_1_25' title='bbox 423 938 581 1017; x_wconf 77' lang='lat' dir='ltr'><strong>ignoraus,</strong></span> <span class='ocrx_word' id='word_1_26' title='bbox 603 936 695 997; x_wconf 90' lang='lat' dir='ltr'><strong>lldam</strong></span> <span class='ocrx_word' id='word_1_27' title='bbox 716 934 767 997; x_wconf 92' lang='lat' dir='ltr'><strong>ubi</strong></span> <span class='ocrx_word' id='word_1_28' title='bbox 790 932 863 996; x_wconf 74' lang='lat' dir='ltr'><strong>es‘?</strong></span> <span class='ocrx_word' id='word_1_29' title='bbox 907 934 1005 996; x_wconf 89' lang='lat' dir='ltr'><strong>Habes</strong></span> <span class='ocrx_word' id='word_1_30' title='bbox 1033 943 1064 996; x_wconf 90' lang='lat' dir='ltr'><strong>et</strong></span> <span class='ocrx_word' id='word_1_31' title='bbox 1090 944 1255 998; x_wconf 78' lang='lat' dir='ltr'><strong>creatorem</strong></span> <span class='ocrx_word' id='word_1_32' title='bbox 1283 955 1344 998; x_wconf 86' lang='lat' dir='ltr'><strong>oum</strong></span> 
     </span>
     <span class='ocr_line' id='line_1_5' title="bbox 216 1016 1344 1115; baseline -0.004 -13"><span class='ocrx_word' id='word_1_33' title='bbox 216 1016 222 1038; x_wconf 63' lang='lat'>⁸</span> <span class='ocrx_word' id='word_1_34' title='bbox 317 1046 488 1102; x_wconf 83' lang='lat' dir='ltr'><strong>excusatum</strong></span> <span class='ocrx_word' id='word_1_35' title='bbox 510 1046 540 1099; x_wconf 93' lang='lat' dir='ltr'><strong>et</strong></span> <span class='ocrx_word' id='word_1_36' title='bbox 561 1036 712 1098; x_wconf 81' lang='lat' dir='ltr'><strong>Christum</strong></span> <span class='ocrx_word' id='word_1_37' title='bbox 734 1035 860 1097; x_wconf 78' lang='lat' dir='ltr'><strong>creatori</strong></span> <span class='ocrx_word' id='word_1_38' title='bbox 882 1035 1086 1115; x_wconf 88' lang='lat' dir='ltr'><strong>adaequatum.</strong></span> <span class='ocrx_word' id='word_1_39' title='bbox 1123 1036 1183 1098; x_wconf 87' lang='lat' dir='ltr'><strong>Sed</strong></span> <span class='ocrx_word' id='word_1_40' title='bbox 1206 1045 1236 1099; x_wconf 90' lang='lat' dir='ltr'><strong>et</strong></span> <span class='ocrx_word' id='word_1_41' title='bbox 1258 1037 1344 1098; x_wconf 79' lang='lat' dir='ltr'><strong>boe&#39;</strong></span> 
     </span>
     <span class='ocr_line' id='line_1_6' title="bbox 317 1134 1344 1218; baseline -0.001 -18"><span class='ocrx_word' id='word_1_42' title='bbox 317 1139 466 1202; x_wconf 86' lang='lat' dir='ltr'><strong>versarius</strong></span> <span class='ocrx_word' id='word_1_43' title='bbox 495 1134 592 1217; x_wconf 77' lang='lat' dir='ltr'><strong>legis&#39;,</strong></span> <span class='ocrx_word' id='word_1_44' title='bbox 626 1145 677 1210; x_wconf 90' lang='lat' dir='ltr'><strong>ut,</strong></span> <span class='ocrx_word' id='word_1_45' title='bbox 709 1136 776 1216; x_wconf 89' lang='lat' dir='ltr'><strong>quia</strong></span> <span class='ocrx_word' id='word_1_46' title='bbox 803 1135 851 1197; x_wconf 81' lang='lat' dir='ltr'><strong>lex</strong></span> <span class='ocrx_word' id='word_1_47' title='bbox 878 1155 895 1197; x_wconf 93' lang='lat' dir='ltr'><strong>a</strong></span> <span class='ocrx_word' id='word_1_48' title='bbox 923 1144 1060 1198; x_wconf 88' lang='lat' dir='ltr'><strong>contactu</strong></span> <span class='ocrx_word' id='word_1_49' title='bbox 1087 1135 1243 1199; x_wconf 79' lang='lat' dir='ltr'><strong>”feminae</strong></span> <span class='ocrx_word' id='word_1_50' title='bbox 1271 1156 1344 1218; x_wconf 76' lang='lat' dir='ltr'><strong>sang</strong></span> 
     </span>
    </p>

    <p class='ocr_par' dir='ltr' id='par_1_3' title="bbox 282 1231 1344 1513">
     <span class='ocr_line' id='line_1_7' title="bbox 282 1231 1343 1318; baseline -0.002 -16"><span class='ocrx_word' id='word_1_51' title='bbox 282 1231 285 1250; x_wconf 93' lang='lat'>&#39;</span> <span class='ocrx_word' id='word_1_52' title='bbox 314 1247 500 1318; x_wconf 82' lang='lat' dir='ltr'><strong>summovet,</strong></span> <span class='ocrx_word' id='word_1_53' title='bbox 533 1238 643 1300; x_wconf 86' lang='lat' dir='ltr'><strong>ideirco</strong></span> <span class='ocrx_word' id='word_1_54' title='bbox 666 1237 800 1317; x_wconf 77' lang='lat' dir='ltr'><strong>gestierit</strong></span> <span class='ocrx_word' id='word_1_55' title='bbox 822 1255 883 1297; x_wconf 89' lang='lat' dir='ltr'><strong>nou</strong></span> <span class='ocrx_word' id='word_1_56' title='bbox 907 1246 1020 1298; x_wconf 87' lang='lat' dir='ltr'><strong>tautum</strong></span> <span class='ocrx_word' id='word_1_57' title='bbox 1049 1247 1217 1300; x_wconf 86' lang='lat' dir='ltr'><strong>contactum</strong></span> <span class='ocrx_word' id='word_1_58' title='bbox 1238 1240 1343 1302; x_wconf 86' lang='lat' dir='ltr'><strong>clusa</strong></span> 
     </span>
     <span class='ocr_line' id='line_1_8' title="bbox 317 1339 1344 1404; baseline -0.003 0"><span class='ocrx_word' id='word_1_59' title='bbox 317 1341 479 1404; x_wconf 87' lang='lat' dir='ltr'><strong>sedetiam</strong></span> <span class='ocrx_word' id='word_1_60' title='bbox 503 1340 659 1402; x_wconf 89' lang='lat' dir='ltr'><strong>sanitatem</strong></span> <span class='ocrx_word' id='word_1_61' title='bbox 682 1340 803 1400; x_wconf 89' lang='lat' dir='ltr'><strong>donare.</strong></span> <span class='ocrx_word' id='word_1_62' title='bbox 849 1339 873 1400; x_wconf 91' lang='lat'>0</span> <span class='ocrx_word' id='word_1_63' title='bbox 897 1339 984 1399; x_wconf 89' lang='lat' dir='ltr'><strong>deum</strong></span> <span class='ocrx_word' id='word_1_64' title='bbox 1007 1358 1067 1399; x_wconf 92' lang='lat' dir='ltr'><strong>non</strong></span> <span class='ocrx_word' id='word_1_65' title='bbox 1090 1349 1193 1401; x_wconf 89' lang='lat' dir='ltr'><strong>natura</strong></span> <span class='ocrx_word' id='word_1_66' title='bbox 1222 1339 1344 1402; x_wconf 78' lang='lat' dir='ltr'><strong>benefici</strong></span> 
     </span>
     <span class='ocr_line' id='line_1_9' title="bbox 317 1438 1344 1513; baseline -0.002 -9"><span class='ocrx_word' id='word_1_67' title='bbox 317 1439 529 1504; x_wconf 79' lang='lat' dir='ltr'><strong>aemulatione!</strong></span> <span class='ocrx_word' id='word_1_68' title='bbox 573 1443 611 1502; x_wconf 76' lang='lat' dir='ltr'><strong>lt</strong></span> <span class='ocrx_word' id='word_1_69' title='bbox 637 1439 732 1513; x_wconf 90' lang='lat' dir='ltr'><strong>enim,</strong></span> <span class='ocrx_word' id='word_1_70' title='bbox 767 1439 792 1499; x_wconf 90' lang='lat' dir='ltr'><strong>si</strong></span> <span class='ocrx_word' id='word_1_71' title='bbox 816 1438 903 1500; x_wconf 83' lang='lat' dir='ltr'><strong>tidem</strong></span> <span class='ocrx_word' id='word_1_72' title='bbox 926 1439 1058 1500; x_wconf 90' lang='lat' dir='ltr'><strong>mulieris</strong></span> <span class='ocrx_word' id='word_1_73' title='bbox 1082 1440 1249 1502; x_wconf 86' lang='lat' dir='ltr'><strong>invenimus</strong></span> <span class='ocrx_word' id='word_1_74' title='bbox 1273 1441 1344 1502; x_wconf 79' lang='lat' dir='ltr'><strong>itai</strong></span> 
     </span>
    </p>

    <p class='ocr_par' dir='ltr' id='par_1_4' title="bbox 165 1539 1344 2024">
     <span class='ocr_line' id='line_1_10' title="bbox 165 1539 1344 1619; baseline 0.002 -19"><span class='ocrx_word' id='word_1_75' title='bbox 165 1556 210 1601; x_wconf 74' lang='lat' dir='ltr'><strong>tue</strong></span> <span class='ocrx_word' id='word_1_76' title='bbox 225 1555 385 1610; x_wconf 74' lang='lat' dir='ltr'><strong>umescum</strong></span> <span class='ocrx_word' id='word_1_77' title='bbox 407 1542 492 1615; x_wconf 89' lang='lat' dir='ltr'><strong>dicit,</strong></span> <span class='ocrx_word' id='word_1_78' title='bbox 514 1541 602 1603; x_wconf 83' lang='lat' dir='ltr'><strong>Fides</strong></span> <span class='ocrx_word' id='word_1_79' title='bbox 625 1549 673 1601; x_wconf 89' lang='lat' dir='ltr'><strong>tua</strong></span> <span class='ocrx_word' id='word_1_80' title='bbox 696 1548 725 1601; x_wconf 90' lang='lat' dir='ltr'><strong>te</strong></span> <span class='ocrx_word' id='word_1_81' title='bbox 748 1540 856 1602; x_wconf 84' lang='lat' dir='ltr'><strong>salvam</strong></span> <span class='ocrx_word' id='word_1_82' title='bbox 872 1539 955 1613; x_wconf 86' lang='lat' dir='ltr'><strong>lecit,</strong></span> <span class='ocrx_word' id='word_1_83' title='bbox 979 1540 1108 1619; x_wconf 89' lang='lat' dir='ltr'><strong>quises,</strong></span> <span class='ocrx_word' id='word_1_84' title='bbox 1131 1549 1165 1602; x_wconf 93' lang='lat' dir='ltr'><strong>ut</strong></span> <span class='ocrx_word' id='word_1_85' title='bbox 1178 1542 1344 1603; x_wconf 82' lang='lat' dir='ltr'><strong>aemulatior</strong></span> 
     </span>
     <span class='ocr_line' id='line_1_11' title="bbox 302 1641 1344 1723; baseline -0.001 -18"><span class='ocrx_word' id='word_1_86' title='bbox 302 1642 522 1723; x_wconf 72' lang='lat' dir='ltr'><strong>interpreteris</strong></span> <span class='ocrx_word' id='word_1_87' title='bbox 544 1641 574 1703; x_wconf 90' lang='lat' dir='ltr'><strong>in</strong></span> <span class='ocrx_word' id='word_1_88' title='bbox 597 1642 654 1702; x_wconf 90' lang='lat' dir='ltr'><strong>isto</strong></span> <span class='ocrx_word' id='word_1_89' title='bbox 683 1643 777 1715; x_wconf 89' lang='lat' dir='ltr'><strong>lacto,</strong></span> <span class='ocrx_word' id='word_1_90' title='bbox 808 1641 888 1720; x_wconf 88' lang='lat' dir='ltr'><strong>quod</strong></span> <span class='ocrx_word' id='word_1_91' title='bbox 918 1641 984 1720; x_wconf 91' lang='lat' dir='ltr'><strong>ipse</strong></span> <span class='ocrx_word' id='word_1_92' title='bbox 1005 1642 1145 1704; x_wconf 90' lang='lat' dir='ltr'><strong>dominus</strong></span> <span class='ocrx_word' id='word_1_93' title='bbox 1169 1662 1202 1704; x_wconf 89' lang='lat' dir='ltr'><strong>ex</strong></span> <span class='ocrx_word' id='word_1_94' title='bbox 1226 1644 1296 1704; x_wconf 91' lang='lat' dir='ltr'><strong>lidei</strong></span> <span class='ocrx_word' id='word_1_95' title='bbox 1317 1662 1344 1704; x_wconf 73' lang='lat' dir='ltr'><strong>re</strong></span> 
     </span>
     <span class='ocr_line' id='line_1_12' title="bbox 317 1740 1344 1805; baseline 0 0"><span class='ocrx_word' id='word_1_96' title='bbox 317 1743 399 1805; x_wconf 88' lang='lat' dir='ltr'><strong>tione</strong></span> <span class='ocrx_word' id='word_1_97' title='bbox 414 1744 524 1805; x_wconf 90' lang='lat' dir='ltr'><strong>editum</strong></span> <span class='ocrx_word' id='word_1_98' title='bbox 540 1740 693 1804; x_wconf 69' lang='lat' dir='ltr'><strong>ostendit?</strong></span> <span class='ocrx_word' id='word_1_99' title='bbox 732 1741 791 1803; x_wconf 87' lang='lat' dir='ltr'><strong>Sed</strong></span> <span class='ocrx_word' id='word_1_100' title='bbox 813 1741 889 1803; x_wconf 87' lang='lat' dir='ltr'><strong>banc</strong></span> <span class='ocrx_word' id='word_1_101' title='bbox 911 1742 957 1802; x_wconf 82' lang='lat' dir='ltr'><strong>vis</strong></span> <span class='ocrx_word' id='word_1_102' title='bbox 980 1742 1112 1804; x_wconf 90' lang='lat' dir='ltr'><strong>mulieris</strong></span> <span class='ocrx_word' id='word_1_103' title='bbox 1134 1743 1221 1804; x_wconf 89' lang='lat' dir='ltr'><strong>fidem</strong></span> <span class='ocrx_word' id='word_1_104' title='bbox 1237 1745 1344 1805; x_wconf 89' lang='lat' dir='ltr'><strong>constit</strong></span> 
     </span>
     <span class='ocr_line' id='line_1_13' title="bbox 317 1841 1344 1923; baseline -0.006 -18"><span class='ocrx_word' id='word_1_105' title='bbox 317 1851 537 1923; x_wconf 88' lang='lat' dir='ltr'><strong>contempserat</strong></span> <span class='ocrx_word' id='word_1_106' title='bbox 558 1843 664 1923; x_wconf 81' lang='lat' dir='ltr'><strong>legem.</strong></span> <span class='ocrx_word' id='word_1_107' title='bbox 706 1841 745 1902; x_wconf 87' lang='lat' dir='ltr'><strong>Et</strong></span> <span class='ocrx_word' id='word_1_108' title='bbox 766 1842 812 1904; x_wconf 91' lang='lat' dir='ltr'><strong>cui</strong></span> <span class='ocrx_word' id='word_1_109' title='bbox 836 1842 975 1904; x_wconf 82' lang='lat' dir='ltr'><strong>credibile</strong></span> <span class='ocrx_word' id='word_1_110' title='bbox 996 1852 1029 1904; x_wconf 92' lang='lat' dir='ltr'><strong>ut</strong></span> <span class='ocrx_word' id='word_1_111' title='bbox 1057 1843 1163 1905; x_wconf 87' lang='lat' dir='ltr'><strong>mulier</strong></span> <span class='ocrx_word' id='word_1_112' title='bbox 1184 1844 1295 1907; x_wconf 91' lang='lat' dir='ltr'><strong>nullius</strong></span> <span class='ocrx_word' id='word_1_113' title='bbox 1323 1865 1344 1906; x_wconf 85' lang='lat' dir='ltr'><strong>a</strong></span> 
     </span>
     <span class='ocr_line' id='line_1_14' title="bbox 317 1943 1342 2024; baseline 0.001 -19"><span class='ocrx_word' id='word_1_114' title='bbox 317 1944 454 2017; x_wconf 90' lang='lat' dir='ltr'><strong>conscia,</strong></span> <span class='ocrx_word' id='word_1_115' title='bbox 476 1943 615 2006; x_wconf 57' lang='lat' dir='ltr'><strong>²‘nullius</strong></span> <span class='ocrx_word' id='word_1_116' title='bbox 637 1944 732 2005; x_wconf 87' lang='lat' dir='ltr'><strong>adbuc</strong></span> <span class='ocrx_word' id='word_1_117' title='bbox 753 1960 847 2004; x_wconf 87' lang='lat' dir='ltr'><strong>norae</strong></span> <span class='ocrx_word' id='word_1_118' title='bbox 866 1944 939 2023; x_wconf 78' lang='lat' dir='ltr'><strong>legis</strong></span> <span class='ocrx_word' id='word_1_119' title='bbox 955 1944 1082 2019; x_wconf 87' lang='lat' dir='ltr'><strong>initiata,</strong></span> <span class='ocrx_word' id='word_1_120' title='bbox 1105 1945 1200 2023; x_wconf 83' lang='lat' dir='ltr'><strong>legem</strong></span> <span class='ocrx_word' id='word_1_121' title='bbox 1222 1945 1342 2024; x_wconf 91' lang='lat' dir='ltr'><strong>inrump</strong></span> 
     </span>
    </p>

    <p class='ocr_par' dir='ltr' id='par_1_5' title="bbox 317 2042 1344 2225">
     <span class='ocr_line' id='line_1_15' title="bbox 317 2042 1344 2127; baseline 0.002 -21"><span class='ocrx_word' id='word_1_122' title='bbox 317 2045 363 2106; x_wconf 91' lang='lat' dir='ltr'><strong>cui</strong></span> <span class='ocrx_word' id='word_1_123' title='bbox 386 2044 483 2107; x_wconf 88' lang='lat' dir='ltr'><strong>adbuc</strong></span> <span class='ocrx_word' id='word_1_124' title='bbox 503 2042 683 2107; x_wconf 75' lang='lat' dir='ltr'><strong>tenebatur?</strong></span> <span class='ocrx_word' id='word_1_125' title='bbox 727 2043 792 2116; x_wconf 82' lang='lat' dir='ltr'><strong>Qua</strong></span> <span class='ocrx_word' id='word_1_126' title='bbox 819 2043 947 2123; x_wconf 90' lang='lat' dir='ltr'><strong>denique</strong></span> <span class='ocrx_word' id='word_1_127' title='bbox 976 2046 1033 2107; x_wconf 88' lang='lat' dir='ltr'><strong>lide</strong></span> <span class='ocrx_word' id='word_1_128' title='bbox 1061 2043 1197 2126; x_wconf 76' lang='lat' dir='ltr'><strong>inrupit?</strong></span> <span class='ocrx_word' id='word_1_129' title='bbox 1230 2046 1259 2106; x_wconf 91' lang='lat' dir='ltr'><strong>in</strong></span> <span class='ocrx_word' id='word_1_130' title='bbox 1288 2066 1344 2127; x_wconf 91' lang='lat' dir='ltr'><strong>que</strong></span> 
     </span>
     <span class='ocr_line' id='line_1_16' title="bbox 317 2142 1344 2225; baseline 0.001 -18"><span class='ocrx_word' id='word_1_131' title='bbox 317 2144 469 2208; x_wconf 77' lang='lat' dir='ltr'><strong>credensi</strong></span> <span class='ocrx_word' id='word_1_132' title='bbox 491 2164 578 2224; x_wconf 90' lang='lat' dir='ltr'><strong>quem</strong></span> <span class='ocrx_word' id='word_1_133' title='bbox 602 2142 774 2225; x_wconf 79' lang='lat' dir='ltr'><strong>spernens?</strong></span> <span class='ocrx_word' id='word_1_134' title='bbox 806 2144 1004 2207; x_wconf 68' lang='lat' dir='ltr'><strong>Creatorem?</strong></span> <span class='ocrx_word' id='word_1_135' title='bbox 1037 2146 1124 2209; x_wconf 86' lang='lat' dir='ltr'><strong>Certe</strong></span> <span class='ocrx_word' id='word_1_136' title='bbox 1146 2146 1226 2208; x_wconf 89' lang='lat' dir='ltr'><strong>enim</strong></span> <span class='ocrx_word' id='word_1_137' title='bbox 1249 2166 1284 2208; x_wconf 82' lang='lat' dir='ltr'><strong>ex</strong></span> <span class='ocrx_word' id='word_1_138' title='bbox 1307 2147 1344 2208; x_wconf 87' lang='lat' dir='ltr'><strong>fid</strong></span> 
     </span>
    </p>

    <p class='ocr_par' dir='ltr' id='par_1_6' title="bbox 317 2245 1342 2327">
     <span class='ocr_line' id='line_1_17' title="bbox 317 2245 1342 2327; baseline 0 -18"><span class='ocrx_word' id='word_1_139' title='bbox 317 2246 349 2309; x_wconf 92' lang='lat' dir='ltr'><strong>Si</strong></span> <span class='ocrx_word' id='word_1_140' title='bbox 364 2266 400 2308; x_wconf 85' lang='lat' dir='ltr'><strong>ex</strong></span> <span class='ocrx_word' id='word_1_141' title='bbox 419 2246 476 2307; x_wconf 90' lang='lat' dir='ltr'><strong>lide</strong></span> <span class='ocrx_word' id='word_1_142' title='bbox 492 2245 652 2318; x_wconf 89' lang='lat' dir='ltr'><strong>creatoris,</strong></span> <span class='ocrx_word' id='word_1_143' title='bbox 674 2264 749 2324; x_wconf 88' lang='lat' dir='ltr'><strong>quae</strong></span> <span class='ocrx_word' id='word_1_144' title='bbox 764 2245 853 2306; x_wconf 90' lang='lat' dir='ltr'><strong>alium</strong></span> <span class='ocrx_word' id='word_1_145' title='bbox 869 2247 956 2310; x_wconf 88' lang='lat' dir='ltr'><strong>deum</strong></span> <span class='ocrx_word' id='word_1_146' title='bbox 972 2247 1141 2326; x_wconf 86' lang='lat' dir='ltr'><strong>ignorabat,</strong></span> <span class='ocrx_word' id='word_1_147' title='bbox 1165 2246 1342 2327; x_wconf 69' lang='lat' dir='ltr'><strong>²5ecquomo</strong></span> 
     </span>
    </p>

    <p class='ocr_par' dir='ltr' id='par_1_7' title="bbox 317 2345 1344 2428">
     <span class='ocr_line' id='line_1_18' title="bbox 317 2345 1344 2428; baseline 0.003 -20"><span class='ocrx_word' id='word_1_148' title='bbox 317 2348 381 2409; x_wconf 92' lang='lat' dir='ltr'><strong>eius</strong></span> <span class='ocrx_word' id='word_1_149' title='bbox 403 2345 538 2426; x_wconf 73' lang='lat' dir='ltr'><strong>inrupit?</strong></span> <span class='ocrx_word' id='word_1_150' title='bbox 578 2346 651 2408; x_wconf 88' lang='lat' dir='ltr'><strong>Tam</strong></span> <span class='ocrx_word' id='word_1_151' title='bbox 674 2346 752 2407; x_wconf 90' lang='lat' dir='ltr'><strong>euim</strong></span> <span class='ocrx_word' id='word_1_152' title='bbox 774 2346 903 2428; x_wconf 91' lang='lat' dir='ltr'><strong>inrupit,</strong></span> <span class='ocrx_word' id='word_1_153' title='bbox 926 2347 952 2408; x_wconf 90' lang='lat' dir='ltr'><strong>si</strong></span> <span class='ocrx_word' id='word_1_154' title='bbox 975 2347 1102 2428; x_wconf 89' lang='lat' dir='ltr'><strong>inrupit,</strong></span> <span class='ocrx_word' id='word_1_155' title='bbox 1125 2368 1212 2427; x_wconf 82' lang='lat' dir='ltr'><strong>quom</strong></span> <span class='ocrx_word' id='word_1_156' title='bbox 1235 2368 1271 2409; x_wconf 83' lang='lat' dir='ltr'><strong>ox</strong></span> <span class='ocrx_word' id='word_1_157' title='bbox 1294 2350 1344 2411; x_wconf 75' lang='lat' dir='ltr'><strong>lide</strong></span> 
     </span>
    </p>

    <p class='ocr_par' dir='ltr' id='par_1_8' title="bbox 315 2447 1343 2530">
     <span class='ocr_line' id='line_1_19' title="bbox 315 2447 1343 2530; baseline 0.002 -22"><span class='ocrx_word' id='word_1_158' title='bbox 315 2447 369 2508; x_wconf 88' lang='lat' dir='ltr'><strong>ris.</strong></span> <span class='ocrx_word' id='word_1_159' title='bbox 402 2448 560 2521; x_wconf 84' lang='lat' dir='ltr'><strong>Quomodo</strong></span> <span class='ocrx_word' id='word_1_160' title='bbox 583 2447 661 2508; x_wconf 91' lang='lat' dir='ltr'><strong>euim</strong></span> <span class='ocrx_word' id='word_1_161' title='bbox 683 2458 841 2527; x_wconf 90' lang='lat' dir='ltr'><strong>utrumque</strong></span> <span class='ocrx_word' id='word_1_162' title='bbox 858 2448 1027 2522; x_wconf 88' lang='lat' dir='ltr'><strong>conveniet,</strong></span> <span class='ocrx_word' id='word_1_163' title='bbox 1051 2459 1084 2509; x_wconf 88' lang='lat' dir='ltr'><strong>ut</strong></span> <span class='ocrx_word' id='word_1_164' title='bbox 1106 2459 1134 2511; x_wconf 89' lang='lat' dir='ltr'><strong>et</strong></span> <span class='ocrx_word' id='word_1_165' title='bbox 1155 2449 1305 2530; x_wconf 91' lang='lat' dir='ltr'><strong>inruperit</strong></span> <span class='ocrx_word' id='word_1_166' title='bbox 1325 2469 1343 2510; x_wconf 93' lang='lat' dir='ltr'><strong>e</strong></span> 
     </span>
    </p>

    <p class='ocr_par' dir='ltr' id='par_1_9' title="bbox 316 2547 1344 2629">
     <span class='ocr_line' id='line_1_20' title="bbox 316 2547 1344 2629; baseline 0.003 -21"><span class='ocrx_word' id='word_1_167' title='bbox 316 2566 380 2609; x_wconf 92' lang='lat' dir='ltr'><strong>eam</strong></span> <span class='ocrx_word' id='word_1_168' title='bbox 403 2547 565 2626; x_wconf 88' lang='lat' dir='ltr'><strong>inruperit,</strong></span> <span class='ocrx_word' id='word_1_169' title='bbox 587 2556 712 2626; x_wconf 89' lang='lat' dir='ltr'><strong>propter</strong></span> <span class='ocrx_word' id='word_1_170' title='bbox 734 2567 822 2627; x_wconf 64' lang='lat' dir='ltr'><strong>mam</strong></span> <span class='ocrx_word' id='word_1_171' title='bbox 845 2548 995 2629; x_wconf 88' lang='lat' dir='ltr'><strong>inrupisse</strong></span> <span class='ocrx_word' id='word_1_172' title='bbox 1018 2568 1077 2610; x_wconf 90' lang='lat' dir='ltr'><strong>nou</strong></span> <span class='ocrx_word' id='word_1_173' title='bbox 1101 2548 1224 2610; x_wconf 81' lang='lat' dir='ltr'><strong>debuit?</strong></span> <span class='ocrx_word' id='word_1_174' title='bbox 1259 2550 1344 2611; x_wconf 87' lang='lat' dir='ltr'><strong>Dicar</strong></span> 
     </span>
    </p>

    <p class='ocr_par' dir='ltr' id='par_1_10' title="bbox 314 2647 1345 3031">
     <span class='ocr_line' id='line_1_21' title="bbox 315 2647 1344 2727; baseline 0.004 -19"><span class='ocrx_word' id='word_1_175' title='bbox 315 2648 388 2708; x_wconf 89' lang='lat' dir='ltr'><strong>baec</strong></span> <span class='ocrx_word' id='word_1_176' title='bbox 412 2647 467 2709; x_wconf 90' lang='lat' dir='ltr'><strong>luit</strong></span> <span class='ocrx_word' id='word_1_177' title='bbox 494 2647 607 2726; x_wconf 84' lang='lat' dir='ltr'><strong>primo,</strong></span> <span class='ocrx_word' id='word_1_178' title='bbox 642 2667 699 2727; x_wconf 87' lang='lat' dir='ltr'><strong>qua</strong></span> <span class='ocrx_word' id='word_1_179' title='bbox 728 2648 816 2710; x_wconf 92' lang='lat' dir='ltr'><strong>deum</strong></span> <span class='ocrx_word' id='word_1_180' title='bbox 844 2667 933 2710; x_wconf 87' lang='lat' dir='ltr'><strong>suum</strong></span> <span class='ocrx_word' id='word_1_181' title='bbox 961 2650 1127 2711; x_wconf 86' lang='lat' dir='ltr'><strong>confidebat</strong></span> <span class='ocrx_word' id='word_1_182' title='bbox 1149 2649 1344 2712; x_wconf 78' lang='lat' dir='ltr'><strong>misericordit</strong></span> 
     </span>
     <span class='ocr_line' id='line_1_22' title="bbox 315 2747 1344 2832; baseline 0.003 -23"><span class='ocrx_word' id='word_1_183' title='bbox 315 2766 403 2828; x_wconf 88' lang='lat' dir='ltr'><strong>quam</strong></span> <span class='ocrx_word' id='word_1_184' title='bbox 435 2747 534 2827; x_wconf 90' lang='lat' dir='ltr'><strong>ipsum</strong></span> <span class='ocrx_word' id='word_1_185' title='bbox 567 2747 760 2821; x_wconf 86' lang='lat' dir='ltr'><strong>sacrificium,</strong></span> <span class='ocrx_word' id='word_1_186' title='bbox 793 2768 850 2828; x_wconf 90' lang='lat' dir='ltr'><strong>qua</strong></span> <span class='ocrx_word' id='word_1_187' title='bbox 880 2768 948 2810; x_wconf 88' lang='lat' dir='ltr'><strong>eum</strong></span> <span class='ocrx_word' id='word_1_188' title='bbox 977 2749 1064 2810; x_wconf 89' lang='lat' dir='ltr'><strong>deum</strong></span> <span class='ocrx_word' id='word_1_189' title='bbox 1093 2749 1198 2811; x_wconf 74' lang='lat' dir='ltr'><strong>²⁸certa</strong></span> <span class='ocrx_word' id='word_1_190' title='bbox 1229 2760 1294 2812; x_wconf 88' lang='lat' dir='ltr'><strong>erat</strong></span> <span class='ocrx_word' id='word_1_191' title='bbox 1321 2772 1344 2832; x_wconf 71' lang='lat' dir='ltr'><strong>op</strong></span> 
     </span>
     <span class='ocr_line' id='line_1_23' title="bbox 316 2845 1345 2929; baseline 0.007 -20"><span class='ocrx_word' id='word_1_192' title='bbox 316 2847 451 2922; x_wconf 83' lang='lat' dir='ltr'><strong>Christo,</strong></span> <span class='ocrx_word' id='word_1_193' title='bbox 479 2847 563 2929; x_wconf 73' lang='lat' dir='ltr'><strong>”qua</strong></span> <span class='ocrx_word' id='word_1_194' title='bbox 586 2845 630 2910; x_wconf 90' lang='lat' dir='ltr'><strong>sic</strong></span> <span class='ocrx_word' id='word_1_195' title='bbox 652 2867 719 2910; x_wconf 87' lang='lat' dir='ltr'><strong>eum</strong></span> <span class='ocrx_word' id='word_1_196' title='bbox 743 2848 853 2929; x_wconf 80' lang='lat' dir='ltr'><strong>tetigit,</strong></span> <span class='ocrx_word' id='word_1_197' title='bbox 882 2868 942 2911; x_wconf 90' lang='lat' dir='ltr'><strong>uon</strong></span> <span class='ocrx_word' id='word_1_198' title='bbox 966 2858 997 2912; x_wconf 96' lang='lat' dir='ltr'><strong>ut</strong></span> <span class='ocrx_word' id='word_1_199' title='bbox 1019 2850 1170 2913; x_wconf 86' lang='lat' dir='ltr'><strong>bominem</strong></span> <span class='ocrx_word' id='word_1_200' title='bbox 1193 2862 1345 2927; x_wconf 85' lang='lat' dir='ltr'><strong>sanetum,</strong></span> 
     </span>
     <span class='ocr_line' id='line_1_24' title="bbox 314 2931 1344 3031; baseline 0.006 -21"><span class='ocrx_word' id='word_1_201' title='bbox 314 2931 507 3031; x_wconf 81' lang='lat' dir='ltr'><strong>prophetam,</strong></span> <span class='ocrx_word' id='word_1_202' title='bbox 530 2968 618 3030; x_wconf 89' lang='lat' dir='ltr'><strong>quem</strong></span> <span class='ocrx_word' id='word_1_203' title='bbox 640 2951 896 3012; x_wconf 85' lang='lat' dir='ltr'><strong>contaminabilem</strong></span> <span class='ocrx_word' id='word_1_204' title='bbox 912 2970 968 3031; x_wconf 92' lang='lat' dir='ltr'><strong>pro</strong></span> <span class='ocrx_word' id='word_1_205' title='bbox 983 2952 1110 3013; x_wconf 86' lang='lat' dir='ltr'><strong>bumana</strong></span> <span class='ocrx_word' id='word_1_206' title='bbox 1126 2952 1293 3014; x_wconf 88' lang='lat' dir='ltr'><strong>substantia</strong></span> <span class='ocrx_word' id='word_1_207' title='bbox 1309 2974 1344 3016; x_wconf 87' lang='lat' dir='ltr'><strong>sc</strong></span> 
     </span>
    </p>

    <p class='ocr_par' dir='ltr' id='par_1_11' title="bbox 315 3051 1344 3432">
     <span class='ocr_line' id='line_1_25' title="bbox 315 3051 1344 3134; baseline 0.007 -24"><span class='ocrx_word' id='word_1_208' title='bbox 315 3059 349 3111; x_wconf 93' lang='lat' dir='ltr'><strong>ut</strong></span> <span class='ocrx_word' id='word_1_209' title='bbox 370 3051 468 3131; x_wconf 92' lang='lat' dir='ltr'><strong>ipsum</strong></span> <span class='ocrx_word' id='word_1_210' title='bbox 491 3051 593 3123; x_wconf 88' lang='lat' dir='ltr'><strong>deum,</strong></span> <span class='ocrx_word' id='word_1_211' title='bbox 623 3069 709 3130; x_wconf 88' lang='lat' dir='ltr'><strong>quem</strong></span> <span class='ocrx_word' id='word_1_212' title='bbox 732 3052 810 3112; x_wconf 90' lang='lat' dir='ltr'><strong>nulla</strong></span> <span class='ocrx_word' id='word_1_213' title='bbox 833 3051 973 3130; x_wconf 86' lang='lat' dir='ltr'><strong>spurcitia</strong></span> <span class='ocrx_word' id='word_1_214' title='bbox 1002 3053 1093 3132; x_wconf 90' lang='lat' dir='ltr'><strong>pollui</strong></span> <span class='ocrx_word' id='word_1_215' title='bbox 1122 3072 1215 3134; x_wconf 88' lang='lat' dir='ltr'><strong>posse</strong></span> <span class='ocrx_word' id='word_1_216' title='bbox 1237 3073 1344 3133; x_wconf 89' lang='lat' dir='ltr'><strong>praesu</strong></span> 
     </span>
     <span class='ocr_line' id='line_1_26' title="bbox 315 3149 1344 3232; baseline 0.006 -21"><span class='ocrx_word' id='word_1_217' title='bbox 315 3149 416 3229; x_wconf 88' lang='lat' dir='ltr'><strong>ltaque</strong></span> <span class='ocrx_word' id='word_1_218' title='bbox 438 3171 498 3213; x_wconf 92' lang='lat' dir='ltr'><strong>uon</strong></span> <span class='ocrx_word' id='word_1_219' title='bbox 523 3161 633 3212; x_wconf 88' lang='lat' dir='ltr'><strong>temere</strong></span> <span class='ocrx_word' id='word_1_220' title='bbox 654 3152 847 3231; x_wconf 88' lang='lat' dir='ltr'><strong>interpretata</strong></span> <span class='ocrx_word' id='word_1_221' title='bbox 870 3162 916 3213; x_wconf 92' lang='lat' dir='ltr'><strong>est</strong></span> <span class='ocrx_word' id='word_1_222' title='bbox 930 3152 986 3212; x_wconf 91' lang='lat' dir='ltr'><strong>sibi</strong></span> <span class='ocrx_word' id='word_1_223' title='bbox 1003 3154 1113 3232; x_wconf 84' lang='lat' dir='ltr'><strong>legem,</strong></span> <span class='ocrx_word' id='word_1_224' title='bbox 1137 3174 1170 3214; x_wconf 91' lang='lat' dir='ltr'><strong>ea</strong></span> <span class='ocrx_word' id='word_1_225' title='bbox 1186 3157 1344 3217; x_wconf 73' lang='lat' dir='ltr'><strong>contamino</strong></span> 
     </span>
     <span class='ocr_line' id='line_1_27' title="bbox 315 3251 1344 3335; baseline 0.008 -25"><span class='ocrx_word' id='word_1_226' title='bbox 315 3251 450 3313; x_wconf 77' lang='lat' dir='ltr'><strong>licentem</strong></span> <span class='ocrx_word' id='word_1_227' title='bbox 473 3271 547 3332; x_wconf 88' lang='lat' dir='ltr'><strong>quae</strong></span> <span class='ocrx_word' id='word_1_228' title='bbox 570 3260 671 3314; x_wconf 88' lang='lat' dir='ltr'><strong>essent</strong></span> <span class='ocrx_word' id='word_1_229' title='bbox 700 3253 954 3326; x_wconf 84' lang='lat' dir='ltr'><strong>contaminabilia,</strong></span> <span class='ocrx_word' id='word_1_230' title='bbox 984 3273 1044 3313; x_wconf 91' lang='lat' dir='ltr'><strong>non</strong></span> <span class='ocrx_word' id='word_1_231' title='bbox 1073 3254 1176 3327; x_wconf 84' lang='lat' dir='ltr'><strong>derrm,</strong></span> <span class='ocrx_word' id='word_1_232' title='bbox 1206 3275 1294 3335; x_wconf 82' lang='lat' dir='ltr'><strong>quem</strong></span> <span class='ocrx_word' id='word_1_233' title='bbox 1319 3258 1344 3319; x_wconf 89' lang='lat' dir='ltr'><strong>io</strong></span> 
     </span>
     <span class='ocr_line' id='line_1_28' title="bbox 315 3352 1344 3432; baseline 0.006 -19"><span class='ocrx_word' id='word_1_234' title='bbox 315 3353 489 3415; x_wconf 82' lang='lat' dir='ltr'><strong>confidebat.</strong></span> <span class='ocrx_word' id='word_1_235' title='bbox 523 3354 580 3416; x_wconf 90' lang='lat' dir='ltr'><strong>Sed</strong></span> <span class='ocrx_word' id='word_1_236' title='bbox 596 3363 627 3415; x_wconf 93' lang='lat' dir='ltr'><strong>et</strong></span> <span class='ocrx_word' id='word_1_237' title='bbox 641 3353 710 3415; x_wconf 91' lang='lat' dir='ltr'><strong>illud</strong></span> <span class='ocrx_word' id='word_1_238' title='bbox 728 3352 915 3432; x_wconf 82' lang='lat' dir='ltr'><strong>recogitavit,</strong></span> <span class='ocrx_word' id='word_1_239' title='bbox 939 3354 1121 3415; x_wconf 85' lang='lat' dir='ltr'><strong>ordinarium</strong></span> <span class='ocrx_word' id='word_1_240' title='bbox 1138 3364 1167 3415; x_wconf 88' lang='lat' dir='ltr'><strong>et</strong></span> <span class='ocrx_word' id='word_1_241' title='bbox 1184 3355 1344 3419; x_wconf 69' lang='lat' dir='ltr'><strong>”corteno</strong></span> 
     </span>
    </p>

    <p class='ocr_par' dir='ltr' id='par_1_12' title="bbox 173 3454 1344 4039">
     <span class='ocr_line' id='line_1_29' title="bbox 316 3454 1344 3536; baseline 0.003 -21"><span class='ocrx_word' id='word_1_242' title='bbox 316 3455 393 3516; x_wconf 89' lang='lat' dir='ltr'><strong>strui</strong></span> <span class='ocrx_word' id='word_1_243' title='bbox 415 3455 459 3516; x_wconf 82' lang='lat' dir='ltr'><strong>vel</strong></span> <span class='ocrx_word' id='word_1_244' title='bbox 488 3454 629 3534; x_wconf 88' lang='lat' dir='ltr'><strong>partualis</strong></span> <span class='ocrx_word' id='word_1_245' title='bbox 658 3454 811 3533; x_wconf 81' lang='lat' dir='ltr'><strong>sauguinis</strong></span> <span class='ocrx_word' id='word_1_246' title='bbox 840 3454 949 3514; x_wconf 85' lang='lat' dir='ltr'><strong>lluxum</strong></span> <span class='ocrx_word' id='word_1_247' title='bbox 978 3455 1008 3515; x_wconf 91' lang='lat' dir='ltr'><strong>in</strong></span> <span class='ocrx_word' id='word_1_248' title='bbox 1036 3455 1099 3533; x_wconf 83' lang='lat' dir='ltr'><strong>lege</strong></span> <span class='ocrx_word' id='word_1_249' title='bbox 1130 3457 1221 3517; x_wconf 86' lang='lat' dir='ltr'><strong>taxari</strong></span> <span class='ocrx_word' id='word_1_250' title='bbox 1250 3460 1300 3536; x_wconf 89' lang='lat' dir='ltr'><strong>qui</strong></span> <span class='ocrx_word' id='word_1_251' title='bbox 1329 3478 1344 3519; x_wconf 86' lang='lat' dir='ltr'><strong>r</strong></span> 
     </span>
     <span class='ocr_line' id='line_1_30' title="bbox 316 3553 1340 3628; baseline 0.006 -14"><span class='ocrx_word' id='word_1_252' title='bbox 316 3555 413 3615; x_wconf 84' lang='lat' dir='ltr'><strong>otucto</strong></span> <span class='ocrx_word' id='word_1_253' title='bbox 435 3565 571 3628; x_wconf 89' lang='lat' dir='ltr'><strong>naturae,</strong></span> <span class='ocrx_word' id='word_1_254' title='bbox 595 3573 654 3616; x_wconf 92' lang='lat' dir='ltr'><strong>non</strong></span> <span class='ocrx_word' id='word_1_255' title='bbox 677 3574 713 3615; x_wconf 83' lang='lat' dir='ltr'><strong>ex</strong></span> <span class='ocrx_word' id='word_1_256' title='bbox 735 3555 806 3615; x_wconf 82' lang='lat' dir='ltr'><strong>vitio</strong></span> <span class='ocrx_word' id='word_1_257' title='bbox 829 3553 1014 3616; x_wconf 84' lang='lat' dir='ltr'><strong>valetudinis.</strong></span> <span class='ocrx_word' id='word_1_258' title='bbox 1062 3556 1111 3617; x_wconf 91' lang='lat' dir='ltr'><strong>llla</strong></span> <span class='ocrx_word' id='word_1_259' title='bbox 1134 3567 1232 3618; x_wconf 87' lang='lat' dir='ltr'><strong>autem</strong></span> <span class='ocrx_word' id='word_1_260' title='bbox 1256 3578 1292 3618; x_wconf 87' lang='lat' dir='ltr'><strong>ex</strong></span> <span class='ocrx_word' id='word_1_261' title='bbox 1314 3559 1340 3621; x_wconf 84' lang='lat' dir='ltr'><strong>vi</strong></span> 
     </span>
     <span class='ocr_line' id='line_1_31' title="bbox 315 3653 1344 3737; baseline 0.008 -24"><span class='ocrx_word' id='word_1_262' title='bbox 315 3653 424 3714; x_wconf 88' lang='lat' dir='ltr'><strong>tudinis</strong></span> <span class='ocrx_word' id='word_1_263' title='bbox 448 3655 647 3728; x_wconf 89' lang='lat' dir='ltr'><strong>redundabat,</strong></span> <span class='ocrx_word' id='word_1_264' title='bbox 670 3655 716 3716; x_wconf 88' lang='lat' dir='ltr'><strong>cui</strong></span> <span class='ocrx_word' id='word_1_265' title='bbox 739 3674 798 3716; x_wconf 90' lang='lat' dir='ltr'><strong>non</strong></span> <span class='ocrx_word' id='word_1_266' title='bbox 822 3655 944 3716; x_wconf 93' lang='lat' dir='ltr'><strong>modum</strong></span> <span class='ocrx_word' id='word_1_267' title='bbox 966 3657 1127 3737; x_wconf 86' lang='lat' dir='ltr'><strong>temporis,</strong></span> <span class='ocrx_word' id='word_1_268' title='bbox 1156 3659 1209 3718; x_wconf 84' lang='lat' dir='ltr'><strong>sed</strong></span> <span class='ocrx_word' id='word_1_269' title='bbox 1232 3660 1344 3722; x_wconf 78' lang='lat' dir='ltr'><strong>divinae</strong></span> 
     </span>
     <span class='ocr_line' id='line_1_32' title="bbox 314 3754 1342 3839; baseline 0.009 -26"><span class='ocrx_word' id='word_1_270' title='bbox 314 3754 433 3815; x_wconf 87' lang='lat' dir='ltr'><strong>cordiae</strong></span> <span class='ocrx_word' id='word_1_271' title='bbox 466 3756 604 3817; x_wconf 87' lang='lat' dir='ltr'><strong>auxilium</strong></span> <span class='ocrx_word' id='word_1_272' title='bbox 639 3756 841 3817; x_wconf 86' lang='lat' dir='ltr'><strong>necessarium</strong></span> <span class='ocrx_word' id='word_1_273' title='bbox 875 3756 995 3819; x_wconf 85' lang='lat' dir='ltr'><strong>sciebat.</strong></span> <span class='ocrx_word' id='word_1_274' title='bbox 1050 3759 1144 3837; x_wconf 78' lang='lat' dir='ltr'><strong>btqrre</strong></span> <span class='ocrx_word' id='word_1_275' title='bbox 1174 3760 1211 3819; x_wconf 92' lang='lat' dir='ltr'><strong>ita</strong></span> <span class='ocrx_word' id='word_1_276' title='bbox 1240 3770 1342 3839; x_wconf 89' lang='lat' dir='ltr'><strong>potest</strong></span> 
     </span>
     <span class='ocr_line' id='line_1_33' title="bbox 313 3854 1344 3941; baseline 0.008 -28"><span class='ocrx_word' id='word_1_277' title='bbox 313 3854 406 3932; x_wconf 83' lang='lat' dir='ltr'><strong>legem</strong></span> <span class='ocrx_word' id='word_1_278' title='bbox 429 3873 489 3914; x_wconf 91' lang='lat' dir='ltr'><strong>non</strong></span> <span class='ocrx_word' id='word_1_279' title='bbox 512 3856 680 3934; x_wconf 84' lang='lat' dir='ltr'><strong>inrupisse,</strong></span> <span class='ocrx_word' id='word_1_280' title='bbox 713 3857 766 3918; x_wconf 88' lang='lat' dir='ltr'><strong>sed</strong></span> <span class='ocrx_word' id='word_1_281' title='bbox 789 3856 972 3918; x_wconf 84' lang='lat' dir='ltr'><strong>distinxisse.</strong></span> <span class='ocrx_word' id='word_1_282' title='bbox 1016 3859 1096 3919; x_wconf 88' lang='lat' dir='ltr'><strong>llaec</strong></span> <span class='ocrx_word' id='word_1_283' title='bbox 1117 3860 1174 3920; x_wconf 92' lang='lat' dir='ltr'><strong>erit</strong></span> <span class='ocrx_word' id='word_1_284' title='bbox 1196 3860 1285 3933; x_wconf 83' lang='lat' dir='ltr'><strong>fides,</strong></span> <span class='ocrx_word' id='word_1_285' title='bbox 1316 3881 1344 3941; x_wconf 78' lang='lat' dir='ltr'><strong>qt</strong></span> 
     </span>
     <span class='ocr_line' id='line_1_34' title="bbox 173 3955 1344 4039; baseline 0.013 -32"><span class='ocrx_word' id='word_1_286' title='bbox 173 3964 293 4016; x_wconf 70' lang='lat' dir='ltr'><strong>neruo.</strong></span> <span class='ocrx_word' id='word_1_287' title='bbox 314 3955 419 4015; x_wconf 83' lang='lat' dir='ltr'><strong>tulerat</strong></span> <span class='ocrx_word' id='word_1_288' title='bbox 441 3956 528 4016; x_wconf 88' lang='lat' dir='ltr'><strong>etiam</strong></span> <span class='ocrx_word' id='word_1_289' title='bbox 552 3957 741 4019; x_wconf 89' lang='lat' dir='ltr'><strong>intellectum.</strong></span> <span class='ocrx_word' id='word_1_290' title='bbox 795 3958 858 4018; x_wconf 90' lang='lat' dir='ltr'><strong>Nisi</strong></span> <span class='ocrx_word' id='word_1_291' title='bbox 882 3959 1084 4033; x_wconf 89' lang='lat' dir='ltr'><strong>credideritis,</strong></span> <span class='ocrx_word' id='word_1_292' title='bbox 1111 3961 1222 4039; x_wconf 91' lang='lat' dir='ltr'><strong>inquit,</strong></span> <span class='ocrx_word' id='word_1_293' title='bbox 1253 3980 1313 4022; x_wconf 93' lang='lat' dir='ltr'><strong>nou</strong></span> <span class='ocrx_word' id='word_1_294' title='bbox 1340 3964 1344 3994; x_wconf 83' lang='lat'><strong>·&#39;</strong></span> 
     </span>
    </p>
   </div>
   <div class='ocr_carea' id='block_1_3' title="bbox 312 4054 1345 4140">
    <p class='ocr_par' dir='ltr' id='par_1_13' title="bbox 312 4054 1345 4140">
     <span class='ocr_line' id='line_1_35' title="bbox 312 4054 1345 4140; baseline 0.008 -26"><span class='ocrx_word' id='word_1_295' title='bbox 312 4054 397 4133; x_wconf 83' lang='lat' dir='ltr'><strong>getis.</strong></span> <span class='ocrx_word' id='word_1_296' title='bbox 431 4054 514 4116; x_wconf 89' lang='lat' dir='ltr'><strong>llanc</strong></span> <span class='ocrx_word' id='word_1_297' title='bbox 534 4057 621 4117; x_wconf 87' lang='lat' dir='ltr'><strong>[idem</strong></span> <span class='ocrx_word' id='word_1_298' title='bbox 645 4059 777 4137; x_wconf 91' lang='lat' dir='ltr'><strong>probans</strong></span> <span class='ocrx_word' id='word_1_299' title='bbox 792 4059 929 4120; x_wconf 84' lang='lat' dir='ltr'><strong>Christus</strong></span> <span class='ocrx_word' id='word_1_300' title='bbox 952 4061 1016 4121; x_wconf 90' lang='lat' dir='ltr'><strong>eius</strong></span> <span class='ocrx_word' id='word_1_301' title='bbox 1039 4061 1180 4134; x_wconf 74' lang='lat' dir='ltr'><strong>feminac,</strong></span> <span class='ocrx_word' id='word_1_302' title='bbox 1203 4081 1278 4140; x_wconf 88' lang='lat' dir='ltr'><strong>quae</strong></span> <span class='ocrx_word' id='word_1_303' title='bbox 1301 4063 1345 4124; x_wconf 91' lang='lat' dir='ltr'><strong>sol</strong></span> 
     </span>
    </p>
   </div>
   <div class='ocr_carea' id='block_1_4' title="bbox 312 4238 1344 4512">
    <p class='ocr_par' dir='ltr' id='par_1_14' title="bbox 312 4238 1344 4512">
     <span class='ocr_line' id='line_1_36' title="bbox 313 4238 1344 4311; baseline 0.009 -23"><span class='ocrx_word' id='word_1_304' title='bbox 313 4238 353 4288; x_wconf 87' lang='grc'><strong>22.</strong></span> <span class='ocrx_word' id='word_1_305' title='bbox 372 4254 418 4303; x_wconf 80' lang='lat' dir='ltr'><strong>quo</strong></span> <span class='ocrx_word' id='word_1_306' title='bbox 437 4241 570 4291; x_wconf 65' lang='lat' dir='ltr'><strong>Fulunr&#39;ua.</strong></span> <span class='ocrx_word' id='word_1_307' title='bbox 606 4243 661 4306; x_wconf 81' lang='lat' dir='ltr'><strong>quia</strong></span> <span class='ocrx_word' id='word_1_308' title='bbox 680 4244 817 4308; x_wconf 78' lang='lat' dir='ltr'><strong>leopoldus.</strong></span> <span class='ocrx_word' id='word_1_309' title='bbox 870 4243 911 4293; x_wconf 81' lang='lat'><strong>23.</strong></span> <span class='ocrx_word' id='word_1_310' title='bbox 930 4247 1094 4307; x_wconf 76' lang='lat' dir='ltr'><strong>sanguinantis</strong></span> <span class='ocrx_word' id='word_1_311' title='bbox 1114 4247 1216 4295; x_wconf 83' lang='lat' dir='ltr'><strong>lemicae</strong></span> <span class='ocrx_word' id='word_1_312' title='bbox 1234 4247 1344 4311; x_wconf 82' lang='lat' dir='ltr'><strong>ldontirpe</strong></span> 
     </span>
     <span class='ocr_line' id='line_1_37' title="bbox 313 4308 1344 4379; baseline 0.01 -25"><span class='ocrx_word' id='word_1_313' title='bbox 313 4308 373 4355; x_wconf 89' lang='lat' dir='ltr'><strong>nulli</strong></span> <span class='ocrx_word' id='word_1_314' title='bbox 392 4308 469 4356; x_wconf 81' lang='lat' dir='ltr'><strong>adbuc</strong></span> <span class='ocrx_word' id='word_1_315' title='bbox 489 4324 561 4356; x_wconf 83' lang='lat' dir='ltr'><strong>novae</strong></span> <span class='ocrx_word' id='word_1_316' title='bbox 581 4310 626 4371; x_wconf 77' lang='lat' dir='ltr'><strong>logi</strong></span> <span class='ocrx_word' id='word_1_317' title='bbox 652 4313 833 4361; x_wconf 72' lang='lat' dir='ltr'><strong>fuinllrsiour.</strong></span> <span class='ocrx_word' id='word_1_318' title='bbox 893 4311 933 4360; x_wconf 81' lang='grc'><strong>25.</strong></span> <span class='ocrx_word' id='word_1_319' title='bbox 959 4315 1109 4376; x_wconf 83' lang='lat' dir='ltr'><strong>ecquomodo</strong></span> <span class='ocrx_word' id='word_1_320' title='bbox 1137 4331 1185 4373; x_wconf 83' lang='lat' dir='ltr'><strong>epo.</strong></span> <span class='ocrx_word' id='word_1_321' title='bbox 1236 4323 1260 4362; x_wconf 82' lang='lat' dir='ltr'><strong>et</strong></span> <span class='ocrx_word' id='word_1_322' title='bbox 1286 4331 1344 4379; x_wconf 85' lang='lat' dir='ltr'><strong>quor</strong></span> 
     </span>
     <span class='ocr_line' id='line_1_38' title="bbox 312 4375 1344 4444; baseline 0.005 -21"><span class='ocrx_word' id='word_1_323' title='bbox 312 4390 398 4423; x_wconf 79' lang='lat' dir='ltr'><strong>omnes.</strong></span> <span class='ocrx_word' id='word_1_324' title='bbox 441 4375 482 4424; x_wconf 88' lang='grc'><strong>26.</strong></span> <span class='ocrx_word' id='word_1_325' title='bbox 500 4384 565 4424; x_wconf 85' lang='lat' dir='ltr'><strong>certe</strong></span> <span class='ocrx_word' id='word_1_326' title='bbox 582 4378 753 4440; x_wconf 79' lang='lat' dir='ltr'><strong>Montispersol.</strong></span> <span class='ocrx_word' id='word_1_327' title='bbox 798 4378 838 4428; x_wconf 76' lang='lat' dir='ltr'><strong>tt.</strong></span> <span class='ocrx_word' id='word_1_328' title='bbox 858 4381 925 4441; x_wconf 79' lang='lat' dir='ltr'><strong>quasi</strong></span> <span class='ocrx_word' id='word_1_329' title='bbox 945 4396 999 4427; x_wconf 78' lang='lat' dir='ltr'><strong>eum</strong></span> <span class='ocrx_word' id='word_1_330' title='bbox 1018 4382 1189 4444; x_wconf 78' lang='lat' dir='ltr'><strong>Monttrpessul.</strong></span> <span class='ocrx_word' id='word_1_331' title='bbox 1230 4380 1272 4431; x_wconf 83' lang='grc'><strong>28.</strong></span> <span class='ocrx_word' id='word_1_332' title='bbox 1291 4383 1344 4432; x_wconf 63' lang='lat' dir='ltr'><strong>solli</strong></span> 
     </span>
     <span class='ocr_line' id='line_1_39' title="bbox 313 4441 1149 4512; baseline 0.01 -23"><span class='ocrx_word' id='word_1_333' title='bbox 313 4443 429 4505; x_wconf 83' lang='lat' dir='ltr'><strong>tr&#39;spessul.</strong></span> <span class='ocrx_word' id='word_1_334' title='bbox 482 4441 522 4492; x_wconf 81' lang='lat'><strong>29.</strong></span> <span class='ocrx_word' id='word_1_335' title='bbox 542 4444 615 4493; x_wconf 82' lang='lat' dir='ltr'><strong>videri</strong></span> <span class='ocrx_word' id='word_1_336' title='bbox 634 4460 678 4493; x_wconf 87' lang='lat' dir='ltr'><strong>om.</strong></span> <span class='ocrx_word' id='word_1_337' title='bbox 690 4446 712 4494; x_wconf 80' lang='lat' dir='ltr'><strong>C.</strong></span> <span class='ocrx_word' id='word_1_338' title='bbox 766 4444 806 4496; x_wconf 86' lang='grc'><strong>30.</strong></span> <span class='ocrx_word' id='word_1_339' title='bbox 826 4447 959 4509; x_wconf 79' lang='lat' dir='ltr'><strong>intelligitis</strong></span> <span class='ocrx_word' id='word_1_340' title='bbox 976 4449 1149 4512; x_wconf 83' lang='lat' dir='ltr'><strong>llontr&#39;spessul.</strong></span> 
     </span>
    </p>
   </div>
   <div class='ocr_carea' id='block_1_5' title="bbox 312 4573 1344 4849">
    <p class='ocr_par' dir='ltr' id='par_1_15' title="bbox 312 4573 1344 4849">
     <span class='ocr_line' id='line_1_40' title="bbox 346 4573 1344 4649; baseline 0.008 -26"><span class='ocrx_word' id='word_1_341' title='bbox 346 4588 367 4623; x_wconf 85' lang='lat' dir='ltr'><strong>e.</strong></span> <span class='ocrx_word' id='word_1_342' title='bbox 386 4574 459 4623; x_wconf 72' lang='lat' dir='ltr'><strong>Adam</strong></span> <span class='ocrx_word' id='word_1_343' title='bbox 472 4574 511 4624; x_wconf 87' lang='lat' dir='ltr'><strong>nbi</strong></span> <span class='ocrx_word' id='word_1_344' title='bbox 523 4573 585 4641; x_wconf 71' lang='lat' dir='ltr'><strong>esi]</strong></span> <span class='ocrx_word' id='word_1_345' title='bbox 606 4578 638 4625; x_wconf 85' lang='lat' dir='ltr'><strong>be</strong></span> <span class='ocrx_word' id='word_1_346' title='bbox 651 4577 695 4626; x_wconf 83' lang='lat' dir='ltr'><strong>bac</strong></span> <span class='ocrx_word' id='word_1_347' title='bbox 707 4578 798 4629; x_wconf 91' lang='lat' dir='ltr'><strong>domini</strong></span> <span class='ocrx_word' id='word_1_348' title='bbox 815 4595 871 4630; x_wconf 77' lang='lat' dir='ltr'><strong>voce</strong></span> <span class='ocrx_word' id='word_1_349' title='bbox 957 4596 979 4644; x_wconf 76' lang='lat' dir='ltr'><strong>g.</strong></span> <span class='ocrx_word' id='word_1_350' title='bbox 998 4579 1178 4644; x_wconf 76' lang='lat' dir='ltr'><strong>sanguinantis]</strong></span> <span class='ocrx_word' id='word_1_351' title='bbox 1202 4575 1344 4649; x_wconf 76' lang='grc' dir='ltr'><strong>Αἵμορῤοο</strong></span> 
     </span>
     <span class='ocr_line' id='line_1_41' title="bbox 313 4642 1323 4706; baseline 0.008 -17"><span class='ocrx_word' id='word_1_352' title='bbox 313 4643 343 4690; x_wconf 89' lang='lat' dir='ltr'><strong>cl.</strong></span> <span class='ocrx_word' id='word_1_353' title='bbox 363 4656 436 4705; x_wconf 86' lang='lat' dir='ltr'><strong>supra</strong></span> <span class='ocrx_word' id='word_1_354' title='bbox 456 4644 497 4691; x_wconf 90' lang='lat' dir='ltr'><strong>lib.</strong></span> <span class='ocrx_word' id='word_1_355' title='bbox 512 4642 542 4701; x_wconf 91' lang='lat' dir='ltr'><strong>ll,</strong></span> <span class='ocrx_word' id='word_1_356' title='bbox 562 4643 667 4706; x_wconf 82' lang='lat' dir='ltr'><strong>cap.25.</strong></span> <span class='ocrx_word' id='word_1_357' title='bbox 924 4649 954 4698; x_wconf 90' lang='lat' dir='ltr'><strong>de</strong></span> <span class='ocrx_word' id='word_1_358' title='bbox 980 4650 1026 4698; x_wconf 86' lang='lat' dir='ltr'><strong>boc</strong></span> <span class='ocrx_word' id='word_1_359' title='bbox 1051 4651 1124 4699; x_wconf 82' lang='lat' dir='ltr'><strong>rerbo</strong></span> <span class='ocrx_word' id='word_1_360' title='bbox 1149 4650 1228 4699; x_wconf 79' lang='lat' dir='ltr'><strong>Barth.</strong></span> <span class='ocrx_word' id='word_1_361' title='bbox 1252 4652 1323 4700; x_wconf 70' lang='lat' dir='ltr'><strong>Attus.</strong></span> 
     </span>
     <span class='ocr_line' id='line_1_42' title="bbox 347 4710 1344 4781; baseline 0.01 -23"><span class='ocrx_word' id='word_1_362' title='bbox 347 4710 364 4773; x_wconf 70' lang='lat' dir='ltr'><strong>l²</strong></span> <span class='ocrx_word' id='word_1_363' title='bbox 383 4710 431 4758; x_wconf 85' lang='lat' dir='ltr'><strong>Sed</strong></span> <span class='ocrx_word' id='word_1_364' title='bbox 450 4719 474 4759; x_wconf 88' lang='lat' dir='ltr'><strong>et</strong></span> <span class='ocrx_word' id='word_1_365' title='bbox 491 4711 537 4758; x_wconf 85' lang='lat' dir='ltr'><strong>lroc</strong></span> <span class='ocrx_word' id='word_1_366' title='bbox 561 4714 601 4774; x_wconf 85' lang='lat' dir='ltr'><strong>qui</strong></span> <span class='ocrx_word' id='word_1_367' title='bbox 626 4713 775 4763; x_wconf 82' lang='lat' dir='ltr'><strong>adversarius</strong></span> <span class='ocrx_word' id='word_1_368' title='bbox 798 4711 871 4776; x_wconf 72' lang='lat' dir='ltr'><strong>lepis]</strong></span> <span class='ocrx_word' id='word_1_369' title='bbox 924 4730 949 4779; x_wconf 90' lang='lat' dir='ltr'><strong>p.</strong></span> <span class='ocrx_word' id='word_1_370' title='bbox 959 4714 1069 4781; x_wconf 76' lang='lat' dir='ltr'><strong>toscsq.</strong></span> <span class='ocrx_word' id='word_1_371' title='bbox 1095 4718 1175 4766; x_wconf 80' lang='lat' dir='ltr'><strong>Birrm.</strong></span> <span class='ocrx_word' id='word_1_372' title='bbox 1199 4718 1227 4766; x_wconf 87' lang='lat' dir='ltr'><strong>ad</strong></span> <span class='ocrx_word' id='word_1_373' title='bbox 1247 4719 1344 4777; x_wconf 81' lang='lat' dir='ltr'><strong>Qumrti</strong></span> 
     </span>
     <span class='ocr_line' id='line_1_43' title="bbox 312 4777 1344 4849; baseline 0.01 -23"><span class='ocrx_word' id='word_1_374' title='bbox 312 4777 360 4826; x_wconf 86' lang='lat' dir='ltr'><strong>Sed</strong></span> <span class='ocrx_word' id='word_1_375' title='bbox 371 4777 518 4828; x_wconf 86' lang='lat' dir='ltr'><strong>etbcelecit</strong></span> <span class='ocrx_word' id='word_1_376' title='bbox 531 4787 555 4828; x_wconf 93' lang='lat' dir='ltr'><strong>ut</strong></span> <span class='ocrx_word' id='word_1_377' title='bbox 574 4778 614 4844; x_wconf 82' lang='lat' dir='ltr'><strong>qui</strong></span> <span class='ocrx_word' id='word_1_378' title='bbox 633 4779 784 4833; x_wconf 79' lang='lat' dir='ltr'><strong>aduersarius</strong></span> <span class='ocrx_word' id='word_1_379' title='bbox 803 4783 871 4844; x_wconf 68' lang='lat' dir='ltr'><strong>legis.</strong></span> <span class='ocrx_word' id='word_1_380' title='bbox 924 4783 951 4844; x_wconf 85' lang='lat' dir='ltr'><strong>tt,</strong></span> <span class='ocrx_word' id='word_1_381' title='bbox 962 4782 996 4845; x_wconf 78' lang='grc'><strong>8.,</strong></span> <span class='ocrx_word' id='word_1_382' title='bbox 1015 4785 1127 4849; x_wconf 86' lang='lat' dir='ltr'><strong>iuterprr.</strong></span> <span class='ocrx_word' id='word_1_383' title='bbox 1146 4786 1177 4835; x_wconf 84' lang='lat' dir='ltr'><strong>ad</strong></span> <span class='ocrx_word' id='word_1_384' title='bbox 1193 4787 1265 4849; x_wconf 80' lang='lat' dir='ltr'><strong>dpul.</strong></span> <span class='ocrx_word' id='word_1_385' title='bbox 1278 4787 1344 4838; x_wconf 82' lang='lat' dir='ltr'><strong>blatu</strong></span> 
     </span>
    </p>
   </div>
   <div class='ocr_carea' id='block_1_6' title="bbox 0 0 1626 5775">
    <p class='ocr_par' dir='ltr' id='par_1_16' title="bbox 0 0 1626 5775">
     <span class='ocr_line' id='line_1_44' title="bbox 0 0 1626 5775; baseline 0 0"><span class='ocrx_word' id='word_1_386' title='bbox 0 0 1626 5775; x_wconf 95' lang='lat' dir='ltr'><strong> </strong></span> 
     </span>
    </p>
   </div>
  </div>
 </body>
</html>
