3242 5775
319 613 381 679 lDD
477 689 480 695 Ι
571 629 674 680 oomni
695 627 825 673 summu
842 627 1010 671 rnonsrrrs
1032 603 1276 670 rneronnruut'

171 781 174 795 “
260 811 262 817 ·
318 799 374 864 qne
402 797 457 841 nec
484 784 583 842 uorem
610 778 750 858 §haberet
780 776 981 859 reciprocandi
1011 776 1133 856 spiritus
1166 774 1311 857 spatium,
1331 765 1481 838 ‘meatu

318 881 456 951 omnium
475 886 636 960 ‘corporum
664 889 792 954 restem,
825 879 958 942 colorum
986 878 1118 940 omnium
1139 877 1299 951 ⁵indicem,
1336 894 1481 957 organum

317 993 501 1064 temporum,
531 980 641 1043 onon
661 989 692 1043 et
711 981 803 1042 istum
824 981 955 1061 Sophiae
976 980 1122 1042 maestitia
1143 977 1287 1053 colasset,
1314 978 1395 1042 siotrt
1415 980 1482 1041 ani·

317 1083 402 1147 mulia
423 1091 537 1156 metus,
560 1082 637 1144 sicut
655 1081 814 1163 “conversio
836 1082 901 1145 uus
923 1082 1021 1162 ipsum
1037 1081 1236 1161 Demiurgum.
1269 1079 1326 1143 His
1340 1079 1482 1144 omnihus

317 1184 470 1248 elementis
491 1191 578 1264 atque
599 1183 774 1265 corporibus
796 1182 873 1262 ignis
894 1183 1088 1245 inflabellatus
1111 1192 1167 1246 est.
1199 1182 1289 1244 Cuius
1308 1180 1481 1262 originalem

249 1290 254 1299 ’
316 1286 445 1366 Sophiae
466 1284 636 1365 passionem
657 1286 724 1366 quia
746 1285 880 1347 nondum
901 1284 1073 1358 ediderunt,
1103 1302 1158 1364 ego
1180 1283 1299 1346 interim
1320 1299 1478 1363 argumen-

316 1387 403 1450 tabor
428 1385 616 1449 motiunculis
643 1387 730 1449 eiusb
759 1404 925 1449 exurssum.
980 1385 1089 1448 Credas
1119 1386 1197 1448 enim
1224 1385 1304 1447 illam
1331 1384 1365 1445 in
1392 1382 1479 1446 tanh‘s

230 1507 236 1514 ”
295 1487 520 1571 ,ιωιίοιιὶὴιιε
542 1487 631 1549 etiam
651 1486 842 1550 fabricitasse.

168 1597 299 1655 Casmi-
362 1589 365 1616 '·
400 1587 473 1651 Cum
495 1587 563 1651 talia
590 1588 627 1651 de
654 1588 711 1650 eleo
740 1588 786 1650 rel
813 1589 850 1651 de
871 1587 946 1662 diis,
979 1587 1075 1667 qualia
1102 1588 1140 1650 ue
1167 1586 1288 1649 homine
1316 1585 1481 1667 figmenta?

315 1689 435 1752 llolihns
456 1689 552 1752 ¹euim
573 1689 715 1752 mundum
734 1688 911 1769 Demiurgus
933 1689 969 1751 acl
991 1689 1142 1752 hominem
1164 1707 1268 1752 manus
1290 1688 1423 1761 confert,
1451 1694 1482 1748 et

316 1790 510 1855 substantiam
532 1790 558 1852 ei
581 1791 658 1871 capit
678 1809 740 1853 non
761 1809 797 1852 ex
816 1790 888 1866 ista,
910 1790 1062 1871 inquiunt,
1084 1791 1181 1865 aride,
1202 1809 1290 1871 quum
1311 1788 1389 1853 ’nos
1410 1789 1479 1852 uni·

316 1911 379 1955 cam
406 1891 575 1966 ‘norimus,
606 1899 684 1954 terra
713 1892 810 1972 (quusi
842 1911 919 1967 uon,
952 1892 1007 1954 etsi
1035 1892 1116 1954 arida
1143 1891 1350 1972 postmodum,
1386 1889 1482 1953 adhuc

316 1993 432 2058 ‘umen
453 2002 523 2055 orne
544 1993 628 2072 aquis
649 2001 717 2056 ente
737 1992 918 2074 ‘segregetis
941 1994 1101 2074 superstite
1115 1993 1185 2055 limo
1201 1992 1403 2069 siccaverit·)‚
1427 1991 1481 2053 sed

317 2114 353 2175 ex
373 2094 514 2157 invisibili
536 2111 663 2175 corpore
683 2095 824 2157 materiae
845 2094 923 2158 illius
944 2094 1057 2157 scilicet
1071 2095 1308 2177 philosophicae,
1332 2093 1371 2156 ele
1389 2093 1480 2155 Duxili

317 2205 347 2260 et
367 2195 447 2259 lusili
468 2195 552 2269 eius,
573 2195 654 2275 quod
674 2197 753 2259 uncle
768 2196 857 2258 luerit
870 2196 948 2259 haud
963 2214 1038 2276 queo
1054 2196 1226 2270 aestimare,
1248 2195 1317 2276 quia
1332 2213 1482 2275 nusquam

316 2304 371 2360 est.
414 2297 446 2361 Si
467 2296 546 2360 enim
567 2297 655 2359 lusile
676 2304 707 2359 et
726 2298 826 2361 fluxile
852 2296 977 2378 liquoris
1005 2305 1053 2360 est
1079 2298 1219 2377 qualitas,
1255 2297 1355 2377 liquor
1383 2306 1480 2360 autem

316 2398 414 2461 omnis
436 2398 473 2460 (le
494 2398 623 2478 Sophiae
644 2398 762 2462 fletibus
783 2399 886 2474 Duxit,
913 2399 1046 2480 sequitur
1073 2409 1107 2461 ut
1126 2400 1233 2476 ,limum
1255 2417 1291 2461 er
1309 2398 1430 2479 pituitis
1451 2408 1482 2460 et

315 2500 445 2581 mamis*
467 2500 596 2581 Sophiae
616 2499 806 2564 'comtitisse
834 2501 1005 2575 medemur,
1038 2519 1113 2579 quae
1140 2500 1327 2562 lacrimarum
1353 2500 1481 2582 proinde

315 2609 385 2664 sunt
405 2602 516 2675 faeces,
539 2602 616 2664 sicut
634 2620 777 2682 aquarum
798 2601 879 2681 quod
899 2600 1014 2664 desidet
1028 2601 1116 2664 limus
1132 2611 1188 2665 est
1223 2602 1339 2681 Figulat
1358 2602 1399 2665 ite
1422 2602 1481 2665 ho·

315 2702 424 2765 minem
445 2702 622 2783 Demiurgus
642 2711 673 2765 et
693 2703 731 2765 ue
752 2703 851 2765 affiatu
872 2720 928 2764 suo
950 2703 1085 2765 'animat
1139 2702 1189 2766 Sic
1216 2704 1274 2766 erit
1300 2711 1331 2765 et
1354 2703 1481 2766 choicus

316 2812 346 2867 et
365 2804 516 2879 animalis,
538 2805 574 2866 ad
596 2804 753 2883 imaginem
776 2813 806 2866 et
827 2802 1049 2867 similitudinem
1064 2805 1174 2879 lactus3
1196 2803 1374 2886 quadruplex
1389 2804 1479 2880 'res3

314 2916 347 2970 ut
367 2907 464 2987 imago
486 2907 604 2988 quidem
625 2906 747 2969 choicus
768 2894 942 2986 deputetur,
963 2905 1148 3001 'fmaterialis
1177 2907 1304 2980 scilicet,
1335 2906 1394 2969 etsi
1415 2926 1482 2970 non

314 3028 350 3071 ex
377 3009 499 3072 materia
521 3008 714 3088 Demiurgus,
752 3006 914 3070 similitmlo
942 3017 1041 3070 autem
1069 3009 1219 3083 animalis,
1257 3009 1313 3071 hoc
1338 3007 1422 3071 enim
1451 3020 1484 3072 et

312 3109 500 3190 Demiurgus.
553 3109 650 3172 Dahes
676 3109 764 3171 duos.
823 3109 943 3172 Interim
975 3111 1120 3172 carnalem
1153 3111 1339 3191 superficiem
1371 3120 1482 3191 postea

314 3212 396 3274 aiunt
427 3211 529 3274 choico
561 3219 777 3292 supertextam,
811 3220 840 3274 et
868 3211 945 3274 hene
971 3231 1040 3274 esse
1067 3212 1218 3293 pelliceam
1247 3212 1393 3276 tunicam‘
1422 3213 1482 3275 oh-

314 3331 430 3379 nomom
454 3332 566 3376 sensui.
1272 3372 1276 3377 .

182 3429 303 3490 ceam.
396 3415 494 3477 luerat
515 3424 613 3478 autem
634 3414 664 3477 in
685 3412 847 3476 Achamoth
869 3432 903 3477 ex
926 3414 1093 3477 substantia
1109 3415 1237 3496 Sophiae
1259 3415 1362 3479 matris
1383 3434 1481 3499 pecu-

314 3603 339 3655 4.
357 3603 447 3653 hahere
465 3603 526 3654 ABG.
578 3602 602 3653 5.
621 3603 722 3652 iudicem
741 3602 803 3654 ABG.

382 3672 440 3735 Cup.
458 3670 534 3721 lllllll.
570 3672 593 3721 1.
611 3685 669 3733 ergo
688 3673 711 3721 h.
768 3669 791 3719 2
811 3685 855 3720 nos
874 3671 973 3721 om.l8.
1024 3670 1048 3720 3.
1068 3673 1176 3720 norimus
1193 3678 1257 3721 terre
1275 3683 1326 3736 ego.
1369 3673 1482 3724 sommus

314 3749 402 3790 terrum
420 3741 475 3790 tiore·
493 3755 577 3789 omres.
617 3737 641 3788 4.
659 3747 749 3788 tautum
769 3738 833 3802 qnod
852 3740 920 3802 aquis
932 3740 1045 3788 latinius.
1090 3740 1114 3788 5.
1132 3748 1282 3800 segregatum
1292 3741 1427 3804 ''superstiti
1436 3743 1483 3792 AB.

315 3807 339 3857 6.
357 3807 510 3858 constituisse
524 3806 594 3864 auc,
603 3807 736 3856 inluniae.
776 3805 800 3855 l.
819 3806 855 3857 tic
872 3807 1001 3857 animati.
1042 3806 1065 3856 8.
1084 3822 1124 3856 res
1143 3807 1213 3857 estD.
1247 3807 1272 3857 9.
1291 3807 1482 3860 mannetitcc.

348 3975 372 4025 h.
390 3971 544 4024 motiunculis
561 3967 625 4037 eius]
644 3973 670 4022 ld
683 3982 721 4024 eol
737 3973 870 4035 febriculis,
955 3975 979 4024 h.
997 3989 1025 4026 ex
1043 3976 1133 4040 pituitis
1152 3984 1176 4025 et
1192 3972 1293 4042 grumis]
1323 3977 1358 4028 De
1379 3979 1484 4041 maiis

315 4053 341 4094 ut
357 4049 479 4106 exponunt
495 4042 626 4104 sequentia.
644 4042 803 4102 (iniurius.)
921 4058 941 4092 r.
960 4043 1021 4093 Plin.
1041 4044 1106 4094 llll.
1124 4043 1188 4104 txt,
1198 4043 1235 4094 1³.
1260 4044 1349 4097 Paulus
1365 4058 1394 4097 n
1406 4044 1482 4098 Festo

348 4111 405 4174 Cap.
424 4108 499 4158 lllllll.
531 4124 552 4157 a.
570 4105 705 4175 siccaverit]
724 4110 749 4160 ld
768 4118 805 4160 est
821 4110 870 4160 rie·
921 4110 1052 4174 pecu:
1070 4112 1334 4173 „tremescentem
1347 4115 1483 4174 nutritio,

315 4185 366 4228 cate
396 4178 475 4226 luerit.
525 4176 583 4226 Crto
613 4177 647 4226 De
674 4179 706 4227 lte
729 4177 795 4227 liust.
821 4175 870 4227 112
921 4193 982 4242 qnos
1015 4180 1054 4229 elii
1087 4180 1175 4243 glomer
1199 4181 1309 4231 roernt‘*
1367 4181 1484 4235 Pirous»

314 4246 392 4303 „Uvas
409 4245 538 4308 relinquito
556 4245 579 4294 in
592 4245 667 4304 rinos,
686 4245 760 4295 etuhi
772 4246 869 4308 pluerit.
920 4261 944 4310 p.
951 4245 1000 4296 467
1018 4249 1137 4310 „Gremio
1156 4248 1254 4310 gremio,
1269 4250 1484 4315 quaeeuntpitui-

314 4322 338 4363 et
354 4315 480 4373 siccaverit,
500 4312 685 4374 tumdeligito.“
712 4311 868 4377 aptentur
919 4323 956 4364 tae
975 4315 1127 4365 ocnlorrrm.“
1156 4315 1336 4367 Glosshrhhei
1354 4325 1380 4368 et
1398 4319 1482 4371 mese.

314 4405 363 4440 „-
382 4380 488 4431 infundis
513 4381 537 4430 in
560 4389 638 4439 aceto,
662 4395 716 4430 cnm
739 4383 868 4443 siccaverit,
919 4376 1363 4451 rui101.p.103:„traee,tipe.“
1388 4386 1484 4437 Nonius

313 4457 396 4513 postea
416 4447 804 4511 melleomniseomprehendis.“
830 4449 868 4500 Cl.
918 4450 1014 4514 pilli:
1041 4452 1175 4513 „Gramine
1200 4453 1300 4516 pituitae
1324 4452 1482 4507 centorem‘

314 4517 379 4566 idern
398 4515 468 4575 titt.
488 4515 526 4575 tx,
538 4516 560 4564 1.
606 4516 711 4569 lactant.
734 4517 792 4568 lust
817 4517 867 4566 Dir.
918 4518 1050 4568 Caecilius:
1069 4520 1213 4581 „gremiosis
1227 4521 1305 4571 oculis
1321 4522 1385 4585 ipsu,
1397 4523 1483 4574 rmus

314 4583 391 4643 titt
421 4583 532 4646 ..quoties
556 4608 589 4617 -
611 4585 709 4634 Domine
738 4596 762 4634 et
783 4593 867 4647 stagna
919 4585 1057 4637 dentibus.“
1090 4588 1169 4639 Gloes.
1188 4588 1270 4652 cyrilli
1287 4588 1380 4655 pm.
1397 4589 1481 4641 lule:

314 4648 479 4704 ehcoeertrt.“
500 4651 556 4700 lete
568 4651 868 4703 Sanctor.tem.lll.llsrt.
919 4645 1024 4717 ,Aerem
1045 4654 1151 4717 plumo.“

314 4719 394 4784 puel
412 4727 454 4781 „et
470 4718 493 4767 in
511 4720 565 4784 ipso
574 4728 652 4771 meatu
664 4722 740 4771 exitus
754 4725 791 4772 sni
803 4722 869 4772 illico
953 4735 974 4770 c.
993 4721 1118 4784 pelliceam
1129 4718 1245 4789 tunicam]
1255 4724 1387 4779 irenaeus:
1400 4720 1484 4793 ..tlep-

315 4789 428 4839 lecrimee
453 4787 623 4839 siccaverunt.“
669 4789 703 4839 De
728 4804 754 4839 re
780 4791 810 4840 cl.
835 4790 869 4840 De
918 4781 1175 4855 persequerer
1193 4793 1330 4857 interpres:
1343 4795 1484 4855 „dermati-

313 4855 435 4921 Daptismo
454 4870 505 4920 cap.
515 4855 539 4906 3.
920 4871 974 4909 nem
981 4860 1112 4910 tunicam.“
1129 4860 1165 4913 Ci.
1174 4861 1272 4926 interpr.
1280 4861 1483 4926 attentato.
