3242 5775
249 631 311 726 692
505 670 607 723 ouium
629 667 760 714 sarrmu
781 652 947 711 monearis
970 664 1166 707 rauruenuru

180 825 184 829 ’
250 823 414 890 substantia
436 821 522 883 iesus
545 839 579 882 ex
602 819 733 891 duabus,
764 836 800 879 ex
824 834 912 878 carue
934 824 964 878 et
991 814 1113 896 spiritu,
1150 812 1306 874 ¹*mintura
1331 792 1451 892 quaes

175 969 177 974 ι
251 927 334 998 dam,
357 933 390 984 ut
412 922 552 985 electrum
575 939 610 982 ex
633 938 705 982 auro
728 927 759 979 et
779 922 930 997 argentm,
961 924 990 977 et
1016 915 1120 994 incipit
1141 933 1197 975 nee
1218 933 1324 975 aurum
1348 933 1430 985 esse,

251 1027 280 1089 id
303 1033 349 1088 est
370 1023 509 1104 spiritus,
531 1039 627 1103 neque
649 1027 821 1097 argentum,
853 1018 883 1078 id
905 1026 953 1078 est
974 1035 1060 1088 caro,
1094 1016 1163 1078 dum
1185 1014 1310 1076 alterum
1334 1014 1431 1075 altero

252 1133 398 1197 mutatur,
432 1132 462 1184 et
488 1122 608 1183 tertium
635 1120 706 1199 quid
735 1119 870 1180 efficitur.
919 1117 1022 1196 Neque
1052 1135 1123 1195 erqo
1146 1117 1220 1178 deus
1244 1116 1302 1175 erit
1323 1115 1431 1188 iesus;

253 1244 353 1300 sermo
375 1225 453 1285 enim
476 1222 565 1284 desiit
587 1240 667 1294 esse,
696 1220 746 1299 qui
768 1236 837 1281 earo
859 1219 954 1280 faetus
978 1227 1040 1278 est:
1074 1217 1198 1295 ¹³neque
1227 1216 1320 1277 homo
1343 1234 1434 1288 caro,

254 1343 322 1388 earo
345 1324 423 1387 euim
446 1341 507 1384 non
529 1322 652 1401 proprie
674 1330 736 1392 est,
761 1318 856 1398 ¹⁸quia
879 1337 979 1380 sermo
1003 1318 1067 1379 suit.
1098 1317 1194 1378 itaer
1210 1325 1337 1395 utroque
1353 1334 1433 1377 neu-

192 1457 200 1478 s
254 1435 334 1489 trum
356 1435 418 1495 est;
451 1423 530 1484 aliud
552 1422 640 1500 longe
661 1420 780 1482 tertium
803 1428 852 1481 est
873 1438 959 1499 quam
983 1428 1151 1497 utrumque.
1195 1417 1356 1479 Sedenim
1381 1417 1430 1476 iii-

254 1524 389 1588 venimus
411 1524 492 1584 illum
515 1522 628 1585 directo
652 1529 683 1582 et
709 1522 797 1582 deum
827 1528 858 1581 et
883 1519 1035 1581 hominem
1063 1520 1245 1598 expositum,
1278 1518 1344 1597 ipso
1375 1517 1436 1577 hoo

103 1617 369 1717 ¹⁴¹{fpmpsalmo
392 1631 585 1703 suggerente,
615 1621 761 1695 Quoniam
785 1621 859 1681 deus
881 1620 972 1681 homo
994 1629 1082 1682 natus
1105 1628 1153 1681 est
1173 1620 1203 1680 iu
1226 1618 1290 1690 iiia,
1321 1618 1434 1678 ¹’aedi-

149 1751 157 1773 ι
255 1726 352 1787 iieavit
373 1742 438 1785 eam
460 1722 610 1783 voluntate
631 1722 744 1803 patris3
766 1729 846 1782 certe
869 1738 1081 1799 usquequaque
1103 1721 1194 1781 filium
1217 1720 1264 1781 dei
1288 1718 1434 1779 etlilium

256 1824 405 1898 hominis,
433 1842 500 1886 oum
523 1809 612 1884 deum
634 1832 664 1884 et
684 1822 853 1895 homiuem,
884 1821 949 1882 sine
972 1821 1061 1883 dubio
1085 1820 1247 1882 seeundum
1278 1829 1437 1898 utramque

192 1991 201 2008 p
257 1924 453 1988 substantiam
475 1923 506 1984 in
528 1941 582 1984 sua
603 1922 787 2004 proprietate
809 1922 985 1995 distantem,
1018 1922 1085 2001 quia
1113 1940 1209 2000 neque
1231 1938 1331 1981 sermo
1356 1918 1436 1980 aliud

259 2041 347 2105 quam
375 2013 464 2097 dous,
497 2040 594 2103 neque
621 2042 691 2086 earo
719 2022 798 2084 aliud
827 2041 914 2102 quam
943 2022 1045 2083 homo.
1096 2021 1145 2082 Sie
1167 2031 1195 2082 ot
1217 2021 1375 2100 apostolus
1399 2021 1437 2081 de

132 2130 386 2204 nom-tt-uuaque
408 2123 472 2186 eius
495 2122 660 2185 substantia
683 2122 780 2184 dooet
825 2122 891 2207 Qui
913 2124 1007 2184 iactus
1030 2132 1092 2195 est,
1122 2122 1231 2200 inquit,
1262 2140 1297 2183 ex
1321 2122 1437 2182 semine

126 2299 134 2310 ‚
158 2223 363 2287 meemvid,
399 2224 456 2286 Hie
476 2224 532 2286 erit
553 2224 644 2285 homo
667 2231 698 2286 et
718 2222 796 2284 iilius
819 2223 966 2295 hominis,
990 2223 1039 2302 qui
1062 2222 1199 2283 definitus
1222 2232 1269 2283 est
1289 2222 1367 2283 tilius
1390 2221 1438 2282 dei

260 2323 423 2387 secundum
445 2324 612 2404 spiritum:
636 2323 693 2385 Hie
714 2324 772 2386 erit
792 2324 867 2386 deus
890 2333 920 2385 et
941 2342 1057 2407 sermo,
1090 2324 1136 2384 dei
1159 2322 1248 2406 silius.
1294 2322 1438 2384 Videmus

220 2407 224 2522 Ξ
260 2423 407 2505 duplicem
430 2432 556 2497 statum,
578 2443 638 2486 non
662 2426 836 2495 confusum,
858 2423 914 2484 sed
928 2424 1136 2496 coniunctum,
1159 2423 1189 2483 in
1213 2444 1271 2485 una
1293 2442 1436 2503 persona,

214 2525 221 2588 i
261 2524 350 2588 deum
371 2535 401 2587 et
421 2525 574 2586 homiuem
595 2524 705 2586 desum.
739 2525 809 2586 ¹⁸[ie
832 2523 952 2586 Christo
974 2533 1073 2586 autem
1097 2524 1261 2585 ¹⁹ditiero²¹.
1298 2524 1337 2585 Et
1359 2524 1435 2585 adeo

262 2624 342 2687 salva
364 2633 411 2686 est
433 2625 588 2704 utriusque
608 2627 778 2704 proprietas
800 2624 1000 2696 substantiae,
1034 2633 1067 2687 ut
1094 2633 1123 2686 et
1146 2626 1268 2704 spiritus
1291 2643 1341 2686 res
1367 2642 1441 2685 suas

263 2724 357 2803 egerit
377 2724 408 2784 in
430 2724 498 2799 illo,
520 2725 550 2786 id
572 2735 620 2788 est
640 2726 764 2788 virtutes
787 2736 822 2787 et
839 2743 929 2806 opera
952 2734 982 2786 et
1002 2725 1102 2804 signa,
1133 2735 1162 2786 et
1183 2744 1253 2786 earo
1274 2724 1438 2803 passiones

264 2842 335 2887 auae
358 2824 456 2886 funeta
478 2824 533 2899 sit,
556 2826 693 2889 esuriens
716 2826 772 2889 aub
795 2825 928 2900 diabolo,
950 2826 1056 2888 sitiens
1072 2825 1129 2887 sub
1146 2822 1337 2898 samaritide,
1361 2824 1440 2886 tiens

264 2925 433 2999 Lazarum,
456 2926 542 2987 anxia
563 2946 658 3006 usque
679 2927 716 2987 ad
738 2934 882 2999 mortem,
906 2928 1032 3006 denique
1054 2936 1082 2989 et
1098 2936 1285 2988 mortuaest
1323 2926 1444 2999 Quodsi

265 3025 383 3087 tortium
407 3024 478 3104 quid
500 3035 598 3100 esset,
633 3046 668 3090 ex
690 3035 818 3107 utroque
839 3029 1010 3100 confusum,
1045 3038 1077 3088 ut
1105 3028 1261 3099 electrum,
1293 3045 1356 3087 nou
1382 3037 1441 3088 tam

267 3124 405 3187 distincta
427 3125 602 3187 documenta
623 3136 762 3206 parerent
783 3129 936 3208 utriusque
952 3128 1145 3190 substantiae.
1181 3127 1240 3189 Sed
1263 3136 1293 3189 et
1315 3129 1445 3208 spiritus

158 3227 165 3237 '
266 3225 392 3288 earnmia
414 3237 445 3287 et
465 3245 534 3287 caro
557 3226 729 3306 ”spiritalia
752 3230 861 3308 egisset
883 3248 917 3291 ex
935 3229 1142 3296 translatione,
1165 3228 1244 3289 ²¹aut
1258 3247 1356 3308 neque
1372 3248 1441 3290 ear-

266 3325 343 3389 nalia
365 3345 461 3406 neque
483 3325 641 3406 spiritalia,
669 3328 723 3389 sed
745 3330 850 3391 tertiae
871 3330 995 3391 alicuius
1024 3331 1136 3391 formae
1157 3329 1223 3390 ²²eu
1246 3328 1446 3403 contusione3

268 3415 359 3489 imino
388 3436 439 3489 aut
466 3445 567 3488 sermo
594 3437 732 3490 mortuus
765 3439 849 3491 esset
876 3439 926 3492 aut
950 3448 1020 3492 earo
1051 3438 1166 3491 mortua
1195 3448 1255 3489 non
1285 3438 1386 3503 esset,
1418 3424 1445 3491 si

268 3545 367 3589 sermo
389 3545 553 3589 conversus
576 3537 659 3590 esset
679 3529 709 3590 in
732 3548 866 3604 eamem3
889 3541 940 3592 aut
953 3549 1022 3593 earo
1038 3532 1116 3592 enim
1132 3530 1307 3591 immortalis
1324 3531 1447 3603 inisset,

268 3635 319 3690 aut
332 3646 432 3689 sermo
447 3628 593 3690 mortalis.
628 3629 688 3690 Sed
710 3630 778 3708 quia
799 3629 983 3693 substantiae
1005 3631 1108 3692 ambae
1130 3631 1159 3692 in
1183 3639 1261 3692 statu
1277 3648 1334 3692 suo
1350 3650 1448 3710 quae·

269 3745 327 3806 que
347 3727 515 3817 ²'distincte
537 3729 677 3808 agebant,
705 3730 772 3791 ideo
794 3731 853 3792 iilis
875 3741 906 3793 et
926 3750 1036 3811 operae
1058 3739 1088 3792 et
1110 3731 1206 3792 exitus
1229 3731 1276 3792 sui
1300 3750 1446 3793 occurre-

155 3840 256 3893 toute.
271 3835 351 3889 runt.
384 3827 470 3889 Disce
493 3827 582 3906 igitur
603 3846 668 3889 οιιιιι
684 3829 862 3893 Nicodemo:
885 3832 961 3905 Quia
983 3833 1063 3912 quod
1084 3831 1143 3892 ²*iu
1165 3850 1252 3893 earne
1268 3840 1372 3893 uatum
1388 3841 1449 3906 est,

271 3943 338 3988 earo
363 3935 425 3999 est,
448 3935 478 3987 et
498 3926 577 4005 quod
600 3926 637 3989 de
660 3929 785 4008 spiritu,
808 3932 931 4013 spiritus
954 3941 1011 3993 est.
1044 3933 1145 4012 Neque
1167 3951 1236 3994 earo
1259 3932 1387 4010 spiritus
1403 3934 1446 4005 ut,

272 4042 368 4104 neque
390 4026 513 4105 spiritus
528 4045 608 4088 earo.
640 4028 675 4091 {n
696 4048 757 4092 uno
778 4032 866 4112 plane
888 4051 955 4094 esse
975 4043 1114 4113 possunt.
1147 4032 1190 4094 Ex
1207 4031 1254 4094 his
1268 4032 1355 4096 iesus
1371 4051 1448 4095 eon·

142 4141 261 4195 tuerat.
273 4124 364 4197 stitit,
388 4144 423 4187 ex
445 4144 533 4188 carne
554 4126 663 4201 homo,
697 4148 734 4192 ex
755 4131 863 4210 spiritu
884 4133 974 4206 deus,
1003 4152 1090 4212 quem
1113 4141 1184 4195 tuuc
1205 4133 1328 4213 augelus
1351 4153 1389 4196 ex
1411 4152 1447 4196 ea

274 4275 313 4325 tt.
332 4290 358 4324 ex
378 4278 604 4330 mixturarum.
654 4281 693 4330 15.
711 4296 790 4346 nequa
808 4299 874 4345 caro,
893 4285 915 4334 id
935 4294 972 4336 eet
990 4287 1078 4345 homo;
1097 4300 1152 4334 caro
1171 4286 1234 4334 euim
1254 4288 1287 4347 d.,
1306 4288 1449 4337 comFairio

273 4343 394 4419 Ursino..
426 4344 463 4394 td.
483 4350 522 4410 qui
541 4350 574 4407 d.,
594 4364 646 4398 οιιιιι
663 4350 743 4400 Fulvio
761 4349 852 4402 Ursino.
912 4352 952 4402 tt.
976 4362 999 4402 et
1018 4353 1149 4401 aedificavit
1166 4354 1209 4403 ta.
1229 4355 1293 4403 Laid.
1359 4353 1448 4403 tare

272 4423 320 4472 qno
339 4411 435 4461 curtato
453 4415 477 4463 Δ.
496 4416 560 4464 Laid.
623 4415 660 4465 ta.
686 4416 771 4467 differo
795 4421 849 4469 ded.
869 4420 943 4481 tete,
968 4428 1015 4470 tres
1037 4422 1146 4471 Vaticani.
1190 4421 1284 4469 dissero
1303 4420 1361 4471 Boo.
1406 4420 1447 4470 20.

272 4477 406 4540 spiritualia
423 4481 449 4529 Δ.
474 4480 569 4545 Ubique.
621 4481 662 4531 tt.
681 4493 722 4534 aut
739 4486 771 4547 d,
791 4501 842 4536 cum
859 4487 939 4538 Fnirio
958 4486 1048 4537 Ursino.
1094 4498 1118 4537 ut
1135 4489 1222 4538 Adada.
1240 4490 1304 4537 teta.
1358 4487 1450 4538 2201

273 4560 317 4594 om.
336 4546 402 4594 oded.
455 4545 497 4596 23.
514 4549 642 4622 distinctae
660 4553 711 4602 ete.
764 4551 805 4602 tt.
823 4553 853 4603 de
871 4555 985 4605 Latinius.
1466 4554 1474 4569 '

307 4659 327 4693 ο.
348 4655 373 4693 ιιι
397 4645 512 4696 electrum
536 4663 563 4699 ea
588 4665 647 4700 auro
674 4660 699 4701 et
722 4649 833 4718 argento]
919 4670 940 4704 e.
959 4657 1069 4704 esuriens
1093 4656 1137 4705 sub
1163 4656 1268 4713 diabolo,
1292 4657 1379 4706 sitiens
1401 4657 1452 4706 aab

272 4711 310 4760 ct.
328 4713 383 4760 ddi.
403 4712 515 4791 iiermoq.
535 4731 587 4779 cap.
598 4716 639 4766 25.
884 4721 1035 4781 samaritide,
1055 4724 1114 4772 tiene
1134 4719 1260 4790 Lazarum]
1278 4723 1377 4772 Eisdem
1397 4725 1454 4774 iera

307 4779 331 4827 d.
350 4779 384 4828 De
398 4781 493 4830 Christo
511 4792 591 4832 autem
610 4780 716 4851 differo]
735 4785 768 4836 De
786 4787 833 4837 hoc
884 4790 962 4840 verbis
980 4793 1053 4840 utitor
1072 4791 1104 4839 ite
1124 4793 1201 4840 Carne
1220 4792 1276 4841 Chr.
1295 4791 1384 4856 eap9.

272 4845 336 4894 enim
355 4861 408 4911 cap.
426 4862 496 4913 sequ.
