<?xml version="1.0" encoding="UTF-8"?>
<!DOCTYPE html PUBLIC "-//W3C//DTD XHTML 1.0 Transitional//EN"
    "http://www.w3.org/TR/xhtml1/DTD/xhtml1-transitional.dtd">
<html xmlns="http://www.w3.org/1999/xhtml" xml:lang="en" lang="en">
 <head>
  <title>
</title>
<meta http-equiv="Content-Type" content="text/html;charset=utf-8" />
  <meta name='ocr-system' content='tesseract 3.04.00' />
  <meta name='ocr-capabilities' content='ocr_page ocr_carea ocr_par ocr_line ocrx_word'/>
</head>
<body>
  <div class='ocr_page' id='page_1' title='image "./quaesupersuntom00oehlgoog_0840.png"; bbox 0 0 3242 5775; ppageno 0'>
   <div class='ocr_carea' id='block_1_1' title="bbox 242 639 1006 706">
    <p class='ocr_par' dir='ltr' id='par_1_1' title="bbox 242 639 1006 706">
     <span class='ocr_line' id='line_1_1' title="bbox 242 639 1006 706; baseline 0.004 -14"><span class='ocrx_word' id='word_1_1' title='bbox 242 639 304 706; x_wconf 73' lang='lat'>&#39;180</span> <span class='ocrx_word' id='word_1_2' title='bbox 721 649 840 696; x_wconf 74' lang='lat' dir='ltr'>asamar</span> <span class='ocrx_word' id='word_1_3' title='bbox 861 650 1006 696; x_wconf 80' lang='lat' dir='ltr'>suenonis</span> 
     </span>
    </p>
   </div>
   <div class='ocr_carea' id='block_1_2' title="bbox 180 800 1529 4771">
    <p class='ocr_par' dir='ltr' id='par_1_2' title="bbox 180 800 1529 4771">
     <span class='ocr_line' id='line_1_2' title="bbox 183 800 1498 869; baseline -0.005 -9"><span class='ocrx_word' id='word_1_4' title='bbox 183 807 270 864; x_wconf 70' lang='lat' dir='ltr'>ltdsst</span> <span class='ocrx_word' id='word_1_5' title='bbox 278 807 343 860; x_wconf 88' lang='lat' dir='ltr'>lrsus</span> <span class='ocrx_word' id='word_1_6' title='bbox 355 806 380 857; x_wconf 93' lang='lat' dir='ltr'>in</span> <span class='ocrx_word' id='word_1_7' title='bbox 390 806 456 856; x_wconf 84' lang='lat' dir='ltr'>sabis</span> <span class='ocrx_word' id='word_1_8' title='bbox 467 812 523 869; x_wconf 91' lang='lat' dir='ltr'>post</span> <span class='ocrx_word' id='word_1_9' title='bbox 534 804 625 854; x_wconf 80' lang='lat' dir='ltr'>crimen</span> <span class='ocrx_word' id='word_1_10' title='bbox 635 815 730 866; x_wconf 86' lang='lat' dir='ltr'>semper</span> <span class='ocrx_word' id='word_1_11' title='bbox 739 800 849 850; x_wconf 72' lang='lat' dir='ltr'>inhaesit</span> <span class='ocrx_word' id='word_1_12' title='bbox 876 803 1028 869; x_wconf 81' lang='lat' dir='ltr'>iniustusque</span> <span class='ocrx_word' id='word_1_13' title='bbox 1044 817 1128 854; x_wconf 89' lang='lat' dir='ltr'>manus</span> <span class='ocrx_word' id='word_1_14' title='bbox 1147 809 1171 853; x_wconf 91' lang='lat' dir='ltr'>et</span> <span class='ocrx_word' id='word_1_15' title='bbox 1184 817 1272 853; x_wconf 79' lang='lat' dir='ltr'>saevae</span> <span class='ocrx_word' id='word_1_16' title='bbox 1285 801 1396 852; x_wconf 87' lang='lat' dir='ltr'>crimina</span> <span class='ocrx_word' id='word_1_17' title='bbox 1408 805 1498 865; x_wconf 88' lang='lat' dir='ltr'>mentis,</span> 
     </span>
     <span class='ocr_line' id='line_1_3' title="bbox 241 887 1496 956; baseline -0.003 -14"><span class='ocrx_word' id='word_1_18' title='bbox 241 892 302 956; x_wconf 66' lang='lat' dir='ltr'>Ergo</span> <span class='ocrx_word' id='word_1_19' title='bbox 320 890 435 942; x_wconf 86' lang='lat' dir='ltr'>sementis</span> <span class='ocrx_word' id='word_1_20' title='bbox 453 889 556 939; x_wconf 89' lang='lat' dir='ltr'>lructum</span> <span class='ocrx_word' id='word_1_21' title='bbox 575 887 674 952; x_wconf 86' lang='lat' dir='ltr'>capietis</span> <span class='ocrx_word' id='word_1_22' title='bbox 693 888 803 951; x_wconf 77' lang='lat' dir='ltr'>iniquae:</span> <span class='ocrx_word' id='word_1_23' title='bbox 877 888 1053 952; x_wconf 81' lang='lat' dir='ltr'>Horrescetque</span> <span class='ocrx_word' id='word_1_24' title='bbox 1071 902 1128 938; x_wconf 85' lang='lat' dir='ltr'>suae</span> <span class='ocrx_word' id='word_1_25' title='bbox 1147 902 1211 952; x_wconf 88' lang='lat' dir='ltr'>quae</span> <span class='ocrx_word' id='word_1_26' title='bbox 1228 888 1326 937; x_wconf 82' lang='lat' dir='ltr'>noverit</span> <span class='ocrx_word' id='word_1_27' title='bbox 1346 888 1424 952; x_wconf 85' lang='lat' dir='ltr'>impis</span> <span class='ocrx_word' id='word_1_28' title='bbox 1437 889 1496 938; x_wconf 79' lang='lat' dir='ltr'>sine</span> 
     </span>
     <span class='ocr_line' id='line_1_4' title="bbox 240 970 1529 1038; baseline -0.005 -11"><span class='ocrx_word' id='word_1_29' title='bbox 240 976 346 1027; x_wconf 85' lang='lat' dir='ltr'>lloscitis</span> <span class='ocrx_word' id='word_1_30' title='bbox 358 989 421 1038; x_wconf 90' lang='lat' dir='ltr'>esse,</span> <span class='ocrx_word' id='word_1_31' title='bbox 434 974 553 1038; x_wconf 88' lang='lat' dir='ltr'>deumque</span> <span class='ocrx_word' id='word_1_32' title='bbox 565 982 644 1021; x_wconf 90' lang='lat' dir='ltr'>tamen</span> <span class='ocrx_word' id='word_1_33' title='bbox 660 971 738 1021; x_wconf 88' lang='lat' dir='ltr'>ridere</span> <span class='ocrx_word' id='word_1_34' title='bbox 751 970 848 1032; x_wconf 86' lang='lat' dir='ltr'>soletis;</span> <span class='ocrx_word' id='word_1_35' title='bbox 877 970 926 1021; x_wconf 89' lang='lat' dir='ltr'>lam</span> <span class='ocrx_word' id='word_1_36' title='bbox 943 974 1045 1038; x_wconf 85' lang='lat' dir='ltr'>priosum</span> <span class='ocrx_word' id='word_1_37' title='bbox 1063 973 1210 1038; x_wconf 85' lang='lat' dir='ltr'>quicumque</span> <span class='ocrx_word' id='word_1_38' title='bbox 1229 972 1306 1022; x_wconf 89' lang='lat' dir='ltr'>deum</span> <span class='ocrx_word' id='word_1_39' title='bbox 1320 972 1391 1022; x_wconf 86' lang='lat' dir='ltr'>male</span> <span class='ocrx_word' id='word_1_40' title='bbox 1401 970 1529 1023; x_wconf 67' lang='lat' dir='ltr'>senseritld</span> 
     </span>
     <span class='ocr_line' id='line_1_5' title="bbox 240 1054 1247 1121; baseline -0.005 -9"><span class='ocrx_word' id='word_1_41' title='bbox 240 1062 309 1112; x_wconf 78' lang='lat' dir='ltr'>luitis</span> <span class='ocrx_word' id='word_1_42' title='bbox 326 1061 350 1110; x_wconf 89' lang='lat' dir='ltr'>in</span> <span class='ocrx_word' id='word_1_43' title='bbox 368 1059 479 1109; x_wconf 90' lang='lat' dir='ltr'>tenebras</span> <span class='ocrx_word' id='word_1_44' title='bbox 497 1057 557 1121; x_wconf 70' lang='lat' dir='ltr'>ignis</span> <span class='ocrx_word' id='word_1_45' title='bbox 576 1064 600 1106; x_wconf 91' lang='lat' dir='ltr'>et</span> <span class='ocrx_word' id='word_1_46' title='bbox 616 1056 738 1120; x_wconf 85' lang='lat' dir='ltr'>sulphuris</span> <span class='ocrx_word' id='word_1_47' title='bbox 755 1054 824 1118; x_wconf 84' lang='lat' dir='ltr'>altas,</span> <span class='ocrx_word' id='word_1_48' title='bbox 1182 1065 1247 1119; x_wconf 90' lang='lat' dir='ltr'>ante,</span> 
     </span>
     <span class='ocr_line' id='line_1_6' title="bbox 242 1141 1438 1208; baseline -0.003 -12"><span class='ocrx_word' id='word_1_49' title='bbox 242 1145 337 1196; x_wconf 83' lang='lat' dir='ltr'>Passuri</span> <span class='ocrx_word' id='word_1_50' title='bbox 354 1143 465 1195; x_wconf 86' lang='lat' dir='ltr'>ardentes</span> <span class='ocrx_word' id='word_1_51' title='bbox 483 1143 558 1192; x_wconf 88' lang='lat' dir='ltr'>iustas</span> <span class='ocrx_word' id='word_1_52' title='bbox 575 1141 721 1191; x_wconf 90' lang='lat' dir='ltr'>cruciatibus</span> <span class='ocrx_word' id='word_1_53' title='bbox 740 1141 796 1202; x_wconf 87' lang='lat' dir='ltr'>iras,</span> <span class='ocrx_word' id='word_1_54' title='bbox 877 1144 906 1195; x_wconf 84' lang='lat' dir='ltr'>Et</span> <span class='ocrx_word' id='word_1_55' title='bbox 921 1158 978 1208; x_wconf 70' lang='lat' dir='ltr'>saga</span> <span class='ocrx_word' id='word_1_56' title='bbox 993 1144 1094 1194; x_wconf 89' lang='lat' dir='ltr'>mentito</span> <span class='ocrx_word' id='word_1_57' title='bbox 1112 1142 1228 1193; x_wconf 86' lang='lat' dir='ltr'>coluisset</span> <span class='ocrx_word' id='word_1_58' title='bbox 1247 1142 1353 1192; x_wconf 92' lang='lat' dir='ltr'>numine</span> <span class='ocrx_word' id='word_1_59' title='bbox 1374 1157 1438 1204; x_wconf 80' lang='lat' dir='ltr'>sara,</span> 
     </span>
     <span class='ocr_line' id='line_1_7' title="bbox 185 1225 1451 1293; baseline -0.004 -11"><span class='ocrx_word' id='word_1_60' title='bbox 185 1230 360 1282; x_wconf 76' lang='lat' dir='ltr'>295leteroae</span> <span class='ocrx_word' id='word_1_61' title='bbox 370 1228 494 1278; x_wconf 88' lang='lat' dir='ltr'>deusossa</span> <span class='ocrx_word' id='word_1_62' title='bbox 504 1226 571 1276; x_wconf 88' lang='lat' dir='ltr'>iubet</span> <span class='ocrx_word' id='word_1_63' title='bbox 586 1225 734 1275; x_wconf 77' lang='lat' dir='ltr'>descendere</span> <span class='ocrx_word' id='word_1_64' title='bbox 749 1237 850 1288; x_wconf 87' lang='lat' dir='ltr'>poenae,</span> <span class='ocrx_word' id='word_1_65' title='bbox 877 1232 954 1293; x_wconf 70' lang='lat' dir='ltr'>Atque</span> <span class='ocrx_word' id='word_1_66' title='bbox 971 1228 1122 1280; x_wconf 79' lang='lat' dir='ltr'>cruentiferis</span> <span class='ocrx_word' id='word_1_67' title='bbox 1140 1228 1215 1290; x_wconf 74' lang='lat' dir='ltr'>signis</span> <span class='ocrx_word' id='word_1_68' title='bbox 1232 1229 1371 1277; x_wconf 77' lang='lat' dir='ltr'>sacraverit</span> <span class='ocrx_word' id='word_1_69' title='bbox 1390 1241 1451 1290; x_wconf 61' lang='lat' dir='ltr'>aras</span> 
     </span>
     <span class='ocr_line' id='line_1_8' title="bbox 241 1309 1419 1379; baseline -0.006 -14"><span class='ocrx_word' id='word_1_70' title='bbox 241 1315 280 1365; x_wconf 89' lang='lat' dir='ltr'>lrs</span> <span class='ocrx_word' id='word_1_71' title='bbox 296 1314 341 1365; x_wconf 91' lang='lat' dir='ltr'>sub</span> <span class='ocrx_word' id='word_1_72' title='bbox 358 1312 467 1363; x_wconf 89' lang='lat' dir='ltr'>ardorem</span> <span class='ocrx_word' id='word_1_73' title='bbox 484 1310 581 1361; x_wconf 89' lang='lat' dir='ltr'>rabidae</span> <span class='ocrx_word' id='word_1_74' title='bbox 597 1310 707 1360; x_wconf 82' lang='lat' dir='ltr'>sinebas</span> <span class='ocrx_word' id='word_1_75' title='bbox 719 1309 850 1371; x_wconf 77' lang='lat' dir='ltr'>gehennae,</span> <span class='ocrx_word' id='word_1_76' title='bbox 877 1313 906 1363; x_wconf 77' lang='lat' dir='ltr'>Et</span> <span class='ocrx_word' id='word_1_77' title='bbox 923 1315 1052 1379; x_wconf 72' lang='lat' dir='ltr'>picturatus</span> <span class='ocrx_word' id='word_1_78' title='bbox 1070 1313 1147 1362; x_wconf 77' lang='lat' dir='ltr'>timuit</span> <span class='ocrx_word' id='word_1_79' title='bbox 1165 1313 1217 1361; x_wconf 81' lang='lat' dir='ltr'>sine</span> <span class='ocrx_word' id='word_1_80' title='bbox 1235 1326 1295 1361; x_wconf 76' lang='lat' dir='ltr'>voce</span> <span class='ocrx_word' id='word_1_81' title='bbox 1316 1313 1419 1374; x_wconf 75' lang='lat' dir='ltr'>figuras,</span> 
     </span>
     <span class='ocr_line' id='line_1_9' title="bbox 243 1387 1479 1464; baseline -0.003 -13"><span class='ocrx_word' id='word_1_82' title='bbox 243 1387 324 1464; x_wconf 55' lang='lat' dir='ltr'>llr&#39;sssi</span> <span class='ocrx_word' id='word_1_83' title='bbox 342 1398 429 1448; x_wconf 90' lang='lat' dir='ltr'>molem</span> <span class='ocrx_word' id='word_1_84' title='bbox 447 1412 491 1462; x_wconf 92' lang='lat' dir='ltr'>per</span> <span class='ocrx_word' id='word_1_85' title='bbox 508 1403 590 1458; x_wconf 74' lang='lat' dir='ltr'>stagna</span> <span class='ocrx_word' id='word_1_86' title='bbox 612 1394 715 1445; x_wconf 89' lang='lat' dir='ltr'>rotantia</span> <span class='ocrx_word' id='word_1_87' title='bbox 733 1394 850 1455; x_wconf 79' lang='lat' dir='ltr'>dammae,</span> <span class='ocrx_word' id='word_1_88' title='bbox 876 1400 909 1449; x_wconf 72' lang='lat' dir='ltr'>Ac</span> <span class='ocrx_word' id='word_1_89' title='bbox 926 1398 980 1448; x_wconf 82' lang='lat' dir='ltr'>falsi</span> <span class='ocrx_word' id='word_1_90' title='bbox 998 1405 1083 1447; x_wconf 89' lang='lat' dir='ltr'>tenues</span> <span class='ocrx_word' id='word_1_91' title='bbox 1100 1404 1226 1447; x_wconf 80' lang='lat' dir='ltr'>ueneratus</span> <span class='ocrx_word' id='word_1_92' title='bbox 1244 1397 1358 1446; x_wconf 84' lang='lat' dir='ltr'>numinis</span> <span class='ocrx_word' id='word_1_93' title='bbox 1377 1397 1479 1460; x_wconf 79' lang='lat' dir='ltr'>umbras,</span> 
     </span>
     <span class='ocr_line' id='line_1_10' title="bbox 243 1477 1529 1548; baseline -0.001 -15"><span class='ocrx_word' id='word_1_94' title='bbox 243 1484 269 1534; x_wconf 92' lang='lat' dir='ltr'>ln</span> <span class='ocrx_word' id='word_1_95' title='bbox 287 1485 454 1546; x_wconf 81' lang='lat' dir='ltr'>flammamque</span> <span class='ocrx_word' id='word_1_96' title='bbox 471 1481 537 1531; x_wconf 86' lang='lat' dir='ltr'>iubet</span> <span class='ocrx_word' id='word_1_97' title='bbox 553 1480 657 1529; x_wconf 79' lang='lat' dir='ltr'>converti</span> <span class='ocrx_word' id='word_1_98' title='bbox 673 1477 789 1528; x_wconf 75' lang='lat' dir='ltr'>elementa</span> <span class='ocrx_word' id='word_1_99' title='bbox 806 1478 851 1527; x_wconf 80' lang='lat' dir='ltr'>mi·</span> <span class='ocrx_word' id='word_1_100' title='bbox 875 1479 906 1533; x_wconf 75' lang='lat' dir='ltr'>Et</span> <span class='ocrx_word' id='word_1_101' title='bbox 920 1496 1086 1548; x_wconf 90' lang='lat' dir='ltr'>quoscumque</span> <span class='ocrx_word' id='word_1_102' title='bbox 1099 1482 1175 1531; x_wconf 90' lang='lat' dir='ltr'>malus</span> <span class='ocrx_word' id='word_1_103' title='bbox 1185 1482 1281 1531; x_wconf 81' lang='lat' dir='ltr'>seduxit</span> <span class='ocrx_word' id='word_1_104' title='bbox 1292 1485 1412 1545; x_wconf 86' lang='lat' dir='ltr'>protinus</span> <span class='ocrx_word' id='word_1_105' title='bbox 1426 1480 1529 1544; x_wconf 70' lang='lat' dir='ltr'>ernest</span> 
     </span>
     <span class='ocr_line' id='line_1_11' title="bbox 547 1567 1495 1633; baseline 0.002 -18"><span class='ocrx_word' id='word_1_106' title='bbox 547 1573 651 1627; x_wconf 90' lang='lat' dir='ltr'>nantem,</span> <span class='ocrx_word' id='word_1_107' title='bbox 877 1569 902 1620; x_wconf 90' lang='lat' dir='ltr'>Si</span> <span class='ocrx_word' id='word_1_108' title='bbox 921 1569 976 1633; x_wconf 88' lang='lat' dir='ltr'>quis</span> <span class='ocrx_word' id='word_1_109' title='bbox 994 1567 1087 1618; x_wconf 77' lang='lat' dir='ltr'>adulter</span> <span class='ocrx_word' id='word_1_110' title='bbox 1105 1574 1163 1629; x_wconf 88' lang='lat' dir='ltr'>erat,</span> <span class='ocrx_word' id='word_1_111' title='bbox 1181 1567 1291 1616; x_wconf 88' lang='lat' dir='ltr'>sinatus</span> <span class='ocrx_word' id='word_1_112' title='bbox 1313 1581 1377 1617; x_wconf 91' lang='lat' dir='ltr'>ense</span> <span class='ocrx_word' id='word_1_113' title='bbox 1396 1577 1495 1628; x_wconf 79' lang='lat' dir='ltr'>necarat,</span> 
     </span>
     <span class='ocr_line' id='line_1_12' title="bbox 243 1647 1483 1718; baseline -0.002 -14"><span class='ocrx_word' id='word_1_114' title='bbox 243 1647 850 1718; x_wconf 73' lang='lat' dir='ltr'>ltqueumnemcaelidescendereaubibusiqncm.</span> <span class='ocrx_word' id='word_1_115' title='bbox 878 1655 902 1703; x_wconf 79' lang='lat' dir='ltr'>sj</span> <span class='ocrx_word' id='word_1_116' title='bbox 921 1661 1003 1717; x_wconf 65' lang='lat' dir='ltr'>ruptor</span> <span class='ocrx_word' id='word_1_117' title='bbox 1019 1660 1140 1714; x_wconf 76' lang='lat' dir='ltr'>grassatus</span> <span class='ocrx_word' id='word_1_118' title='bbox 1159 1659 1216 1714; x_wconf 79' lang='lat' dir='ltr'>erat,</span> <span class='ocrx_word' id='word_1_119' title='bbox 1236 1652 1257 1700; x_wconf 89' lang='lat' dir='ltr'>si</span> <span class='ocrx_word' id='word_1_120' title='bbox 1275 1650 1368 1702; x_wconf 84' lang='lat' dir='ltr'>lraude</span> <span class='ocrx_word' id='word_1_121' title='bbox 1386 1652 1483 1702; x_wconf 84' lang='lat' dir='ltr'>clientes</span> 
     </span>
     <span class='ocr_line' id='line_1_13' title="bbox 184 1731 1487 1799; baseline -0.003 -9"><span class='ocrx_word' id='word_1_122' title='bbox 184 1738 234 1790; x_wconf 78' lang='lat' dir='ltr'>aad</span> <span class='ocrx_word' id='word_1_123' title='bbox 275 1739 342 1789; x_wconf 78' lang='lat' dir='ltr'>Tunc</span> <span class='ocrx_word' id='word_1_124' title='bbox 358 1734 439 1787; x_wconf 85' lang='lat' dir='ltr'>aridus</span> <span class='ocrx_word' id='word_1_125' title='bbox 457 1733 539 1799; x_wconf 91' lang='lat' dir='ltr'>rapido</span> <span class='ocrx_word' id='word_1_126' title='bbox 563 1740 601 1783; x_wconf 90' lang='lat' dir='ltr'>est</span> <span class='ocrx_word' id='word_1_127' title='bbox 622 1731 730 1783; x_wconf 87' lang='lat' dir='ltr'>inclusus</span> <span class='ocrx_word' id='word_1_128' title='bbox 748 1737 851 1780; x_wconf 86' lang='lat' dir='ltr'>tartarus</span> <span class='ocrx_word' id='word_1_129' title='bbox 878 1738 1014 1799; x_wconf 54' lang='lat' dir='ltr'>optulerat,</span> <span class='ocrx_word' id='word_1_130' title='bbox 1033 1738 1053 1787; x_wconf 79' lang='lat' dir='ltr'>si</span> <span class='ocrx_word' id='word_1_131' title='bbox 1071 1743 1151 1786; x_wconf 86' lang='lat' dir='ltr'>mente</span> <span class='ocrx_word' id='word_1_132' title='bbox 1168 1750 1253 1799; x_wconf 85' lang='lat' dir='ltr'>parurn</span> <span class='ocrx_word' id='word_1_133' title='bbox 1271 1744 1388 1786; x_wconf 83' lang='lat' dir='ltr'>uersatus</span> <span class='ocrx_word' id='word_1_134' title='bbox 1407 1737 1487 1796; x_wconf 77' lang='lat' dir='ltr'>amics,</span> 
     </span>
     <span class='ocr_line' id='line_1_14' title="bbox 544 1820 1495 1887; baseline 0.003 -19"><span class='ocrx_word' id='word_1_135' title='bbox 544 1820 606 1882; x_wconf 71' lang='lat' dir='ltr'>igne,</span> <span class='ocrx_word' id='word_1_136' title='bbox 878 1821 1495 1887; x_wconf 71' lang='lat' dir='ltr'>Siuesuasbominummacularatsanguinepalmst</span> 
     </span>
     <span class='ocr_line' id='line_1_15' title="bbox 241 1899 1529 1972; baseline -0.006 -14"><span class='ocrx_word' id='word_1_137' title='bbox 241 1908 320 1972; x_wconf 80' lang='lat' dir='ltr'>btqns</span> <span class='ocrx_word' id='word_1_138' title='bbox 327 1905 469 1972; x_wconf 87' lang='lat' dir='ltr'>procellosis</span> <span class='ocrx_word' id='word_1_139' title='bbox 481 1906 575 1955; x_wconf 69' lang='lat' dir='ltr'>masma</span> <span class='ocrx_word' id='word_1_140' title='bbox 587 1904 652 1954; x_wconf 88' lang='lat' dir='ltr'>intus</span> <span class='ocrx_word' id='word_1_141' title='bbox 665 1899 851 1963; x_wconf 83' lang='lat' dir='ltr'>fluctuatundis,</span> <span class='ocrx_word' id='word_1_142' title='bbox 878 1909 1031 1958; x_wconf 66' lang='lat' dir='ltr'>miscueratve</span> <span class='ocrx_word' id='word_1_143' title='bbox 1048 1906 1168 1956; x_wconf 71' lang='lat' dir='ltr'>latebrosa</span> <span class='ocrx_word' id='word_1_144' title='bbox 1186 1906 1206 1955; x_wconf 76' lang='lat' dir='ltr'>si</span> <span class='ocrx_word' id='word_1_145' title='bbox 1225 1914 1307 1955; x_wconf 74' lang='lat' dir='ltr'>mone</span> <span class='ocrx_word' id='word_1_146' title='bbox 1326 1922 1456 1970; x_wconf 73' lang='lat' dir='ltr'>venenum,</span> <span class='ocrx_word' id='word_1_147' title='bbox 1502 1903 1529 1954; x_wconf 76' lang='lat' dir='ltr'>td</span> 
     </span>
     <span class='ocr_line' id='line_1_16' title="bbox 241 1986 1425 2058; baseline -0.002 -15"><span class='ocrx_word' id='word_1_148' title='bbox 241 1993 349 2058; x_wconf 83' lang='lat' dir='ltr'>&#39;lotsqnc</span> <span class='ocrx_word' id='word_1_149' title='bbox 365 1997 484 2042; x_wconf 76' lang='lat' dir='ltr'>tenentes</span> <span class='ocrx_word' id='word_1_150' title='bbox 502 1988 627 2040; x_wconf 71' lang='lat' dir='ltr'>walandi!</span> <span class='ocrx_word' id='word_1_151' title='bbox 644 1996 706 2037; x_wconf 59' lang='lat' dir='ltr'>lert&amp;</span> <span class='ocrx_word' id='word_1_152' title='bbox 724 1986 820 2036; x_wconf 49' lang='lat' dir='ltr'>favilla·</span> <span class='ocrx_word' id='word_1_153' title='bbox 877 1996 924 2044; x_wconf 75' lang='lat' dir='ltr'>Aut</span> <span class='ocrx_word' id='word_1_154' title='bbox 940 1995 961 2045; x_wconf 88' lang='lat' dir='ltr'>si</span> <span class='ocrx_word' id='word_1_155' title='bbox 978 1992 1077 2042; x_wconf 80' lang='lat' dir='ltr'>vestitus</span> <span class='ocrx_word' id='word_1_156' title='bbox 1095 1989 1211 2041; x_wconf 87' lang='lat' dir='ltr'>scelerato</span> <span class='ocrx_word' id='word_1_157' title='bbox 1229 1998 1337 2054; x_wconf 89' lang='lat' dir='ltr'>pectora</span> <span class='ocrx_word' id='word_1_158' title='bbox 1356 1991 1425 2053; x_wconf 86' lang='lat' dir='ltr'>luco,</span> 
     </span>
     <span class='ocr_line' id='line_1_17' title="bbox 243 2069 1495 2140; baseline -0.004 -10"><span class='ocrx_word' id='word_1_159' title='bbox 243 2077 376 2130; x_wconf 71' lang='lat' dir='ltr'>Flumineus</span> <span class='ocrx_word' id='word_1_160' title='bbox 394 2075 538 2138; x_wconf 77' lang='lat' dir='ltr'>calculans,</span> <span class='ocrx_word' id='word_1_161' title='bbox 556 2074 641 2124; x_wconf 89' lang='lat' dir='ltr'>dentes</span> <span class='ocrx_word' id='word_1_162' title='bbox 649 2078 771 2123; x_wconf 81' lang='lat' dir='ltr'>vertuntur</span> <span class='ocrx_word' id='word_1_163' title='bbox 779 2069 851 2133; x_wconf 89' lang='lat' dir='ltr'>acuti,</span> <span class='ocrx_word' id='word_1_164' title='bbox 878 2079 931 2128; x_wconf 65' lang='lat' dir='ltr'>Sive</span> <span class='ocrx_word' id='word_1_165' title='bbox 949 2077 1011 2127; x_wconf 78' lang='lat' dir='ltr'>malo</span> <span class='ocrx_word' id='word_1_166' title='bbox 1029 2076 1126 2126; x_wconf 77' lang='lat' dir='ltr'>alterius</span> <span class='ocrx_word' id='word_1_167' title='bbox 1144 2076 1211 2124; x_wconf 89' lang='lat' dir='ltr'>lucro</span> <span class='ocrx_word' id='word_1_168' title='bbox 1230 2082 1255 2124; x_wconf 87' lang='lat' dir='ltr'>et</span> <span class='ocrx_word' id='word_1_169' title='bbox 1268 2075 1400 2137; x_wconf 73' lang='lat' dir='ltr'>gaudebat</span> <span class='ocrx_word' id='word_1_170' title='bbox 1412 2078 1495 2140; x_wconf 82' lang='lat' dir='ltr'>iniqua.</span> 
     </span>
     <span class='ocr_line' id='line_1_18' title="bbox 243 2156 1496 2227; baseline -0.002 -14"><span class='ocrx_word' id='word_1_171' title='bbox 243 2161 360 2213; x_wconf 82' lang='lat' dir='ltr'>Omnibus</span> <span class='ocrx_word' id='word_1_172' title='bbox 378 2168 405 2211; x_wconf 81' lang='lat' dir='ltr'>st</span> <span class='ocrx_word' id='word_1_173' title='bbox 419 2166 513 2210; x_wconf 80' lang='lat' dir='ltr'>torrens</span> <span class='ocrx_word' id='word_1_174' title='bbox 530 2159 660 2209; x_wconf 70' lang='lat' dir='ltr'>armabitur</span> <span class='ocrx_word' id='word_1_175' title='bbox 674 2159 756 2220; x_wconf 66' lang='lat' dir='ltr'>isaeus</span> <span class='ocrx_word' id='word_1_176' title='bbox 774 2156 852 2206; x_wconf 73' lang='lat' dir='ltr'>tunit-</span> <span class='ocrx_word' id='word_1_177' title='bbox 878 2163 978 2213; x_wconf 72' lang='lat' dir='ltr'>Admisit</span> <span class='ocrx_word' id='word_1_178' title='bbox 997 2162 1141 2226; x_wconf 87' lang='lat' dir='ltr'>quicumque</span> <span class='ocrx_word' id='word_1_179' title='bbox 1159 2160 1227 2210; x_wconf 90' lang='lat' dir='ltr'>aelus</span> <span class='ocrx_word' id='word_1_180' title='bbox 1246 2161 1432 2227; x_wconf 88' lang='lat' dir='ltr'>quodcumque</span> <span class='ocrx_word' id='word_1_181' title='bbox 1454 2177 1496 2210; x_wconf 73' lang='lat' dir='ltr'>ma</span> 
     </span>
     <span class='ocr_line' id='line_1_19' title="bbox 183 2235 1268 2311; baseline -0.006 -11"><span class='ocrx_word' id='word_1_182' title='bbox 183 2247 234 2300; x_wconf 78' lang='grc'>305</span> <span class='ocrx_word' id='word_1_183' title='bbox 243 2235 333 2311; x_wconf 87' lang='lat' dir='ltr'>impete</span> <span class='ocrx_word' id='word_1_184' title='bbox 349 2251 453 2295; x_wconf 88' lang='lat' dir='ltr'>tsrtsreo</span> <span class='ocrx_word' id='word_1_185' title='bbox 471 2244 581 2295; x_wconf 88' lang='lat' dir='ltr'>ireadent</span> <span class='ocrx_word' id='word_1_186' title='bbox 598 2243 710 2294; x_wconf 89' lang='lat' dir='ltr'>incendia</span> <span class='ocrx_word' id='word_1_187' title='bbox 727 2241 825 2305; x_wconf 91' lang='lat' dir='ltr'>mundo,</span> <span class='ocrx_word' id='word_1_188' title='bbox 1181 2244 1268 2304; x_wconf 81' lang='lat' dir='ltr'>locuni,</span> 
     </span>
     <span class='ocr_line' id='line_1_20' title="bbox 242 2330 1496 2396; baseline 0.002 -16"><span class='ocrx_word' id='word_1_189' title='bbox 242 2331 294 2382; x_wconf 91' lang='lat' dir='ltr'>lllic</span> <span class='ocrx_word' id='word_1_190' title='bbox 309 2330 435 2396; x_wconf 77' lang='lat' dir='ltr'>praecipiti</span> <span class='ocrx_word' id='word_1_191' title='bbox 453 2345 525 2381; x_wconf 91' lang='lat' dir='ltr'>cursu</span> <span class='ocrx_word' id='word_1_192' title='bbox 543 2337 664 2380; x_wconf 88' lang='lat' dir='ltr'>torrentur</span> <span class='ocrx_word' id='word_1_193' title='bbox 681 2330 706 2378; x_wconf 92' lang='lat' dir='ltr'>in</span> <span class='ocrx_word' id='word_1_194' title='bbox 723 2336 800 2391; x_wconf 87' lang='lat' dir='ltr'>aestu,</span> <span class='ocrx_word' id='word_1_195' title='bbox 880 2330 1496 2396; x_wconf 74' lang='lat' dir='ltr'>inpensardoreumatqueiqoistorquebitamsrus,</span> 
     </span>
     <span class='ocr_line' id='line_1_21' title="bbox 243 2413 1529 2482; baseline 0 -17"><span class='ocrx_word' id='word_1_196' title='bbox 243 2415 304 2466; x_wconf 84' lang='lat' dir='ltr'>ilinc</span> <span class='ocrx_word' id='word_1_197' title='bbox 319 2413 420 2479; x_wconf 71' lang='lat' dir='ltr'>lugiunt,</span> <span class='ocrx_word' id='word_1_198' title='bbox 438 2414 503 2465; x_wconf 89' lang='lat' dir='ltr'>illinc</span> <span class='ocrx_word' id='word_1_199' title='bbox 521 2429 594 2465; x_wconf 87' lang='lat' dir='ltr'>cursu</span> <span class='ocrx_word' id='word_1_200' title='bbox 610 2415 746 2465; x_wconf 79' lang='lat' dir='ltr'>reiciantur</span> <span class='ocrx_word' id='word_1_201' title='bbox 763 2422 850 2471; x_wconf 90' lang='lat' dir='ltr'>acuto;</span> <span class='ocrx_word' id='word_1_202' title='bbox 879 2417 1076 2482; x_wconf 85' lang='lat' dir='ltr'>Suppliciumque</span> <span class='ocrx_word' id='word_1_203' title='bbox 1114 2415 1204 2465; x_wconf 88' lang='lat' dir='ltr'>dabant</span> <span class='ocrx_word' id='word_1_204' title='bbox 1239 2418 1383 2479; x_wconf 87' lang='lat' dir='ltr'>peracerbo</span> <span class='ocrx_word' id='word_1_205' title='bbox 1420 2415 1529 2467; x_wconf 65' lang='lat' dir='ltr'>surenas</span> 
     </span>
     <span class='ocr_line' id='line_1_22' title="bbox 242 2499 1274 2562; baseline 0 -12"><span class='ocrx_word' id='word_1_206' title='bbox 242 2499 358 2554; x_wconf 71' lang='lat' dir='ltr'>otmar</span> <span class='ocrx_word' id='word_1_207' title='bbox 375 2514 459 2550; x_wconf 78' lang='lat' dir='ltr'>messe</span> <span class='ocrx_word' id='word_1_208' title='bbox 477 2501 586 2549; x_wconf 82' lang='lat' dir='ltr'>dammae</span> <span class='ocrx_word' id='word_1_209' title='bbox 604 2500 748 2562; x_wconf 64' lang='lat' dir='ltr'>incientibus</span> <span class='ocrx_word' id='word_1_210' title='bbox 766 2499 808 2562; x_wconf 89' lang='lat' dir='ltr'>ira,</span> <span class='ocrx_word' id='word_1_211' title='bbox 1183 2501 1274 2550; x_wconf 91' lang='lat' dir='ltr'>cuncti.</span> 
     </span>
     <span class='ocr_line' id='line_1_23' title="bbox 241 2584 1494 2649; baseline -0.002 -14"><span class='ocrx_word' id='word_1_212' title='bbox 241 2587 427 2649; x_wconf 66' lang='lat' dir='ltr'>agnoscuntque</span> <span class='ocrx_word' id='word_1_213' title='bbox 445 2598 513 2634; x_wconf 89' lang='lat' dir='ltr'>suam</span> <span class='ocrx_word' id='word_1_214' title='bbox 522 2586 568 2634; x_wconf 89' lang='lat' dir='ltr'>iam</span> <span class='ocrx_word' id='word_1_215' title='bbox 579 2592 629 2634; x_wconf 91' lang='lat' dir='ltr'>tum</span> <span class='ocrx_word' id='word_1_216' title='bbox 638 2584 669 2635; x_wconf 92' lang='lat' dir='ltr'>de</span> <span class='ocrx_word' id='word_1_217' title='bbox 683 2585 782 2635; x_wconf 90' lang='lat' dir='ltr'>crimine</span> <span class='ocrx_word' id='word_1_218' title='bbox 794 2599 853 2649; x_wconf 89' lang='lat' dir='ltr'>poe·</span> <span class='ocrx_word' id='word_1_219' title='bbox 879 2586 981 2636; x_wconf 85' lang='lat' dir='ltr'>Plurima</span> <span class='ocrx_word' id='word_1_220' title='bbox 988 2587 1022 2635; x_wconf 92' lang='lat' dir='ltr'>sic</span> <span class='ocrx_word' id='word_1_221' title='bbox 1031 2586 1152 2635; x_wconf 89' lang='lat' dir='ltr'>bominum</span> <span class='ocrx_word' id='word_1_222' title='bbox 1160 2594 1315 2635; x_wconf 89' lang='lat' dir='ltr'>maerentum</span> <span class='ocrx_word' id='word_1_223' title='bbox 1327 2587 1494 2637; x_wconf 81' lang='lat' dir='ltr'>turbaiaeebn</span> 
     </span>
     <span class='ocr_line' id='line_1_24' title="bbox 399 2655 1493 2736; baseline 0.004 -18"><span class='ocrx_word' id='word_1_224' title='bbox 399 2655 401 2661; x_wconf 44' lang='lat'><strong>¹</strong></span> <span class='ocrx_word' id='word_1_225' title='bbox 548 2683 611 2720; x_wconf 88' lang='lat' dir='ltr'>nam.</span> <span class='ocrx_word' id='word_1_226' title='bbox 913 2670 1212 2735; x_wconf 89' lang='lat' dir='ltr'>llocquotiesolimsancti</span> <span class='ocrx_word' id='word_1_227' title='bbox 1225 2671 1343 2720; x_wconf 78' lang='lat' dir='ltr'>cecinere</span> <span class='ocrx_word' id='word_1_228' title='bbox 1358 2675 1493 2736; x_wconf 74' lang='lat' dir='ltr'>propbetas.</span> 
     </span>
     <span class='ocr_line' id='line_1_25' title="bbox 182 2752 1453 2820; baseline 0 -14"><span class='ocrx_word' id='word_1_229' title='bbox 182 2755 340 2820; x_wconf 74' lang='lat' dir='ltr'>dldlamqae</span> <span class='ocrx_word' id='word_1_230' title='bbox 357 2767 412 2816; x_wconf 70' lang='lat' dir='ltr'>ruga</span> <span class='ocrx_word' id='word_1_231' title='bbox 429 2752 520 2803; x_wconf 88' lang='lat' dir='ltr'>anullo</span> <span class='ocrx_word' id='word_1_232' title='bbox 538 2754 608 2804; x_wconf 90' lang='lat' dir='ltr'>tellus</span> <span class='ocrx_word' id='word_1_233' title='bbox 625 2769 739 2819; x_wconf 88' lang='lat' dir='ltr'>possessa</span> <span class='ocrx_word' id='word_1_234' title='bbox 756 2755 852 2818; x_wconf 86' lang='lat' dir='ltr'>colono,</span> <span class='ocrx_word' id='word_1_235' title='bbox 879 2756 945 2806; x_wconf 80' lang='lat' dir='ltr'>Flatn</span> <span class='ocrx_word' id='word_1_236' title='bbox 964 2764 988 2805; x_wconf 90' lang='lat' dir='ltr'>et</span> <span class='ocrx_word' id='word_1_237' title='bbox 1005 2769 1077 2819; x_wconf 89' lang='lat' dir='ltr'>saepe</span> <span class='ocrx_word' id='word_1_238' title='bbox 1094 2753 1133 2803; x_wconf 89' lang='lat' dir='ltr'>dei</span> <span class='ocrx_word' id='word_1_239' title='bbox 1150 2754 1235 2803; x_wconf 88' lang='lat' dir='ltr'>moniti</span> <span class='ocrx_word' id='word_1_240' title='bbox 1254 2753 1342 2805; x_wconf 82' lang='lat' dir='ltr'>dixere</span> <span class='ocrx_word' id='word_1_241' title='bbox 1362 2756 1453 2816; x_wconf 85' lang='lat' dir='ltr'>lutura,</span> 
     </span>
     <span class='ocr_line' id='line_1_26' title="bbox 241 2839 1493 2906; baseline 0.001 -16"><span class='ocrx_word' id='word_1_242' title='bbox 241 2839 360 2905; x_wconf 76' lang='lat' dir='ltr'>Aequoris</span> <span class='ocrx_word' id='word_1_243' title='bbox 369 2844 474 2889; x_wconf 73' lang='lat' dir='ltr'>ermeno</span> <span class='ocrx_word' id='word_1_244' title='bbox 483 2853 568 2903; x_wconf 85' lang='lat' dir='ltr'>pressa</span> <span class='ocrx_word' id='word_1_245' title='bbox 578 2846 601 2890; x_wconf 91' lang='lat' dir='ltr'>et</span> <span class='ocrx_word' id='word_1_246' title='bbox 612 2840 656 2890; x_wconf 87' lang='lat' dir='ltr'>sub</span> <span class='ocrx_word' id='word_1_247' title='bbox 667 2841 714 2890; x_wconf 92' lang='lat' dir='ltr'>llne</span> <span class='ocrx_word' id='word_1_248' title='bbox 724 2840 852 2905; x_wconf 82' lang='lat' dir='ltr'>protunda,</span> <span class='ocrx_word' id='word_1_249' title='bbox 879 2841 953 2892; x_wconf 83' lang='lat' dir='ltr'>Nema</span> <span class='ocrx_word' id='word_1_250' title='bbox 965 2854 1030 2905; x_wconf 83' lang='lat' dir='ltr'>suas,</span> <span class='ocrx_word' id='word_1_251' title='bbox 1042 2840 1169 2890; x_wconf 83' lang='lat' dir='ltr'>miserum!</span> <span class='ocrx_word' id='word_1_252' title='bbox 1191 2852 1273 2902; x_wconf 88' lang='lat' dir='ltr'>nemo,</span> <span class='ocrx_word' id='word_1_253' title='bbox 1287 2842 1370 2891; x_wconf 83' lang='lat' dir='ltr'>eben!</span> <span class='ocrx_word' id='word_1_254' title='bbox 1393 2840 1493 2906; x_wconf 83' lang='lat' dir='ltr'>praebuit</span> 
     </span>
     <span class='ocr_line' id='line_1_27' title="bbox 243 2925 1262 2988; baseline -0.003 -12"><span class='ocrx_word' id='word_1_255' title='bbox 243 2925 296 2985; x_wconf 82' lang='lat' dir='ltr'>Qus</span> <span class='ocrx_word' id='word_1_256' title='bbox 314 2925 350 2975; x_wconf 90' lang='lat' dir='ltr'>sol</span> <span class='ocrx_word' id='word_1_257' title='bbox 369 2939 467 2975; x_wconf 89' lang='lat' dir='ltr'>emenso</span> <span class='ocrx_word' id='word_1_258' title='bbox 485 2925 551 2975; x_wconf 87' lang='lat' dir='ltr'>radio</span> <span class='ocrx_word' id='word_1_259' title='bbox 569 2925 720 2976; x_wconf 84' lang='lat' dir='ltr'>disterminat</span> <span class='ocrx_word' id='word_1_260' title='bbox 736 2927 827 2988; x_wconf 87' lang='lat' dir='ltr'>orbem,</span> <span class='ocrx_word' id='word_1_261' title='bbox 1181 2939 1262 2974; x_wconf 88' lang='lat' dir='ltr'>aures.</span> 
     </span>
     <span class='ocr_line' id='line_1_28' title="bbox 242 3004 1524 3075; baseline -0.001 -15"><span class='ocrx_word' id='word_1_262' title='bbox 242 3004 473 3074; x_wconf 68' lang='lat' dir='ltr'>[squammeus</span> <span class='ocrx_word' id='word_1_263' title='bbox 491 3010 627 3060; x_wconf 89' lang='lat' dir='ltr'>conduntur</span> <span class='ocrx_word' id='word_1_264' title='bbox 649 3009 727 3060; x_wconf 88' lang='lat' dir='ltr'>sidera</span> <span class='ocrx_word' id='word_1_265' title='bbox 745 3011 850 3074; x_wconf 91' lang='lat' dir='ltr'>mundu;</span> <span class='ocrx_word' id='word_1_266' title='bbox 879 3012 927 3063; x_wconf 85' lang='lat' dir='ltr'>Sed</span> <span class='ocrx_word' id='word_1_267' title='bbox 934 3012 994 3062; x_wconf 88' lang='lat' dir='ltr'>deus</span> <span class='ocrx_word' id='word_1_268' title='bbox 1001 3009 1232 3073; x_wconf 82' lang='lat' dir='ltr'>omnipotensrolait</span> <span class='ocrx_word' id='word_1_269' title='bbox 1241 3024 1287 3059; x_wconf 89' lang='lat' dir='ltr'>sua</span> <span class='ocrx_word' id='word_1_270' title='bbox 1301 3013 1417 3075; x_wconf 85' lang='lat' dir='ltr'>praemia</span> <span class='ocrx_word' id='word_1_271' title='bbox 1427 3007 1524 3069; x_wconf 58' lang='lat' dir='ltr'>aemili</span> 
     </span>
     <span class='ocr_line' id='line_1_29' title="bbox 242 3093 1490 3162; baseline 0.004 -19"><span class='ocrx_word' id='word_1_272' title='bbox 242 3095 330 3146; x_wconf 82' lang='lat' dir='ltr'>bether</span> <span class='ocrx_word' id='word_1_273' title='bbox 347 3094 431 3160; x_wconf 72' lang='lat' dir='ltr'>gliscit,</span> <span class='ocrx_word' id='word_1_274' title='bbox 449 3095 508 3157; x_wconf 80' lang='lat' dir='ltr'>stris</span> <span class='ocrx_word' id='word_1_275' title='bbox 526 3095 638 3144; x_wconf 89' lang='lat' dir='ltr'>obstrusa</span> <span class='ocrx_word' id='word_1_276' title='bbox 655 3095 709 3145; x_wconf 93' lang='lat' dir='ltr'>luce</span> <span class='ocrx_word' id='word_1_277' title='bbox 726 3096 840 3159; x_wconf 87' lang='lat' dir='ltr'>tenebris,</span> <span class='ocrx_word' id='word_1_278' title='bbox 878 3100 955 3162; x_wconf 75' lang='lat' dir='ltr'>Atque</span> <span class='ocrx_word' id='word_1_279' title='bbox 973 3097 1050 3146; x_wconf 91' lang='lat' dir='ltr'>minas</span> <span class='ocrx_word' id='word_1_280' title='bbox 1068 3096 1160 3159; x_wconf 82' lang='lat' dir='ltr'>positae</span> <span class='ocrx_word' id='word_1_281' title='bbox 1177 3093 1337 3158; x_wconf 83' lang='lat' dir='ltr'>perplurima</span> <span class='ocrx_word' id='word_1_282' title='bbox 1358 3097 1417 3147; x_wconf 84' lang='lat' dir='ltr'>talis</span> <span class='ocrx_word' id='word_1_283' title='bbox 1434 3097 1490 3158; x_wconf 68' lang='lat' dir='ltr'>lesit</span> 
     </span>
     <span class='ocr_line' id='line_1_30' title="bbox 183 3178 1458 3244; baseline 0.002 -14"><span class='ocrx_word' id='word_1_284' title='bbox 183 3178 329 3231; x_wconf 73' lang='lat' dir='ltr'>aasabim</span> <span class='ocrx_word' id='word_1_285' title='bbox 345 3180 445 3232; x_wconf 89' lang='lat' dir='ltr'>secretis</span> <span class='ocrx_word' id='word_1_286' title='bbox 464 3188 573 3242; x_wconf 72' lang='lat' dir='ltr'>stagnant</span> <span class='ocrx_word' id='word_1_287' title='bbox 590 3179 734 3230; x_wconf 80' lang='lat' dir='ltr'>flammantia</span> <span class='ocrx_word' id='word_1_288' title='bbox 755 3180 818 3231; x_wconf 84' lang='lat' dir='ltr'>risis.</span> <span class='ocrx_word' id='word_1_289' title='bbox 878 3182 991 3233; x_wconf 87' lang='lat' dir='ltr'>llittendo</span> <span class='ocrx_word' id='word_1_290' title='bbox 1009 3182 1092 3230; x_wconf 76' lang='lat' dir='ltr'>statuit</span> <span class='ocrx_word' id='word_1_291' title='bbox 1109 3180 1189 3244; x_wconf 87' lang='lat' dir='ltr'>plures</span> <span class='ocrx_word' id='word_1_292' title='bbox 1207 3187 1231 3228; x_wconf 88' lang='lat' dir='ltr'>et</span> <span class='ocrx_word' id='word_1_293' title='bbox 1248 3181 1321 3230; x_wconf 80' lang='lat' dir='ltr'>rerba</span> <span class='ocrx_word' id='word_1_294' title='bbox 1342 3190 1458 3232; x_wconf 83' lang='lat' dir='ltr'>sonantes</span> 
     </span>
     <span class='ocr_line' id='line_1_31' title="bbox 241 3264 1477 3332; baseline 0.001 -18"><span class='ocrx_word' id='word_1_295' title='bbox 241 3264 283 3314; x_wconf 76' lang='lat' dir='ltr'>list</span> <span class='ocrx_word' id='word_1_296' title='bbox 300 3272 384 3315; x_wconf 82' lang='lat' dir='ltr'>astura</span> <span class='ocrx_word' id='word_1_297' title='bbox 401 3265 448 3315; x_wconf 88' lang='lat' dir='ltr'>laci</span> <span class='ocrx_word' id='word_1_298' title='bbox 466 3266 564 3327; x_wconf 73' lang='lat' dir='ltr'>signatis</span> <span class='ocrx_word' id='word_1_299' title='bbox 582 3266 651 3327; x_wconf 72' lang='lat' dir='ltr'>ignea</span> <span class='ocrx_word' id='word_1_300' title='bbox 668 3266 760 3329; x_wconf 89' lang='lat' dir='ltr'>poenis,</span> <span class='ocrx_word' id='word_1_301' title='bbox 878 3269 967 3329; x_wconf 74' lang='lat' dir='ltr'>llisina,</span> <span class='ocrx_word' id='word_1_302' title='bbox 982 3267 1120 3330; x_wconf 81' lang='lat' dir='ltr'>excitosque</span> <span class='ocrx_word' id='word_1_303' title='bbox 1138 3265 1205 3314; x_wconf 91' lang='lat' dir='ltr'>iubet</span> <span class='ocrx_word' id='word_1_304' title='bbox 1223 3264 1323 3328; x_wconf 89' lang='lat' dir='ltr'>prodire</span> <span class='ocrx_word' id='word_1_305' title='bbox 1344 3265 1477 3332; x_wconf 78' lang='lat' dir='ltr'>sepulchris</span> 
     </span>
     <span class='ocr_line' id='line_1_32' title="bbox 242 3348 1487 3416; baseline -0.002 -18"><span class='ocrx_word' id='word_1_306' title='bbox 242 3348 391 3415; x_wconf 81' lang='lat' dir='ltr'>internisque</span> <span class='ocrx_word' id='word_1_307' title='bbox 409 3349 477 3413; x_wconf 85' lang='lat' dir='ltr'>palas</span> <span class='ocrx_word' id='word_1_308' title='bbox 496 3350 601 3399; x_wconf 87' lang='lat' dir='ltr'>candens</span> <span class='ocrx_word' id='word_1_309' title='bbox 619 3350 744 3401; x_wconf 88' lang='lat' dir='ltr'>ardoribus</span> <span class='ocrx_word' id='word_1_310' title='bbox 759 3359 834 3401; x_wconf 78' lang='lat' dir='ltr'>auos.</span> <span class='ocrx_word' id='word_1_311' title='bbox 878 3354 973 3414; x_wconf 84' lang='lat' dir='ltr'>Secum,</span> <span class='ocrx_word' id='word_1_312' title='bbox 992 3351 1128 3402; x_wconf 88' lang='lat' dir='ltr'>cumirncto</span> <span class='ocrx_word' id='word_1_313' title='bbox 1141 3358 1278 3399; x_wconf 82' lang='lat' dir='ltr'>surrexerat</span> <span class='ocrx_word' id='word_1_314' title='bbox 1289 3351 1345 3414; x_wconf 89' lang='lat' dir='ltr'>ipse</span> <span class='ocrx_word' id='word_1_315' title='bbox 1360 3351 1487 3416; x_wconf 86' lang='lat' dir='ltr'>scpulcbrn.</span> 
     </span>
     <span class='ocr_line' id='line_1_33' title="bbox 242 3427 1521 3500; baseline -0.002 -17"><span class='ocrx_word' id='word_1_316' title='bbox 242 3433 335 3486; x_wconf 86' lang='lat' dir='ltr'>lntoost</span> <span class='ocrx_word' id='word_1_317' title='bbox 352 3435 471 3485; x_wconf 87' lang='lat' dir='ltr'>barrilleis</span> <span class='ocrx_word' id='word_1_318' title='bbox 489 3434 582 3485; x_wconf 87' lang='lat' dir='ltr'>lacinus</span> <span class='ocrx_word' id='word_1_319' title='bbox 599 3435 700 3499; x_wconf 88' lang='lat' dir='ltr'>poenale</span> <span class='ocrx_word' id='word_1_320' title='bbox 718 3436 826 3496; x_wconf 88' lang='lat' dir='ltr'>caminis,</span> <span class='ocrx_word' id='word_1_321' title='bbox 878 3438 1030 3500; x_wconf 79' lang='lat' dir='ltr'>Obstupuere</span> <span class='ocrx_word' id='word_1_322' title='bbox 1041 3435 1138 3499; x_wconf 88' lang='lat' dir='ltr'>quidem</span> <span class='ocrx_word' id='word_1_323' title='bbox 1147 3434 1227 3498; x_wconf 89' lang='lat' dir='ltr'>plures</span> <span class='ocrx_word' id='word_1_324' title='bbox 1237 3436 1352 3497; x_wconf 87' lang='lat' dir='ltr'>patuisse</span> <span class='ocrx_word' id='word_1_325' title='bbox 1362 3427 1521 3500; x_wconf 68' lang='lat' dir='ltr'>sepulchralis</span> 
     </span>
     <span class='ocr_line' id='line_1_34' title="bbox 241 3505 1487 3585; baseline 0 -17"><span class='ocrx_word' id='word_1_326' title='bbox 241 3521 346 3583; x_wconf 76' lang='lat' dir='ltr'>Aestuat,</span> <span class='ocrx_word' id='word_1_327' title='bbox 365 3526 389 3569; x_wconf 89' lang='lat' dir='ltr'>et</span> <span class='ocrx_word' id='word_1_328' title='bbox 407 3521 497 3584; x_wconf 88' lang='lat' dir='ltr'>rapitur</span> <span class='ocrx_word' id='word_1_329' title='bbox 514 3520 561 3570; x_wconf 87' lang='lat' dir='ltr'>lato</span> <span class='ocrx_word' id='word_1_330' title='bbox 581 3520 610 3570; x_wconf 95' lang='lat' dir='ltr'>de</span> <span class='ocrx_word' id='word_1_331' title='bbox 628 3521 716 3571; x_wconf 76' lang='lat' dir='ltr'>soraee</span> <span class='ocrx_word' id='word_1_332' title='bbox 734 3522 851 3583; x_wconf 84' lang='lat' dir='ltr'>dammae,</span> <span class='ocrx_word' id='word_1_333' title='bbox 877 3521 907 3571; x_wconf 84' lang='lat' dir='ltr'>Et</span> <span class='ocrx_word' id='word_1_334' title='bbox 924 3521 990 3571; x_wconf 85' lang='lat' dir='ltr'>cerni</span> <span class='ocrx_word' id='word_1_335' title='bbox 1008 3522 1032 3571; x_wconf 92' lang='lat' dir='ltr'>ia</span> <span class='ocrx_word' id='word_1_336' title='bbox 1050 3519 1113 3569; x_wconf 89' lang='lat' dir='ltr'>clara</span> <span class='ocrx_word' id='word_1_337' title='bbox 1130 3505 1289 3582; x_wconf 77' lang='lat' dir='ltr'>praemortua</span> <span class='ocrx_word' id='word_1_338' title='bbox 1310 3535 1420 3585; x_wconf 84' lang='lat' dir='ltr'>corpora</span> <span class='ocrx_word' id='word_1_339' title='bbox 1435 3520 1487 3577; x_wconf 80' lang='lat' dir='ltr'>tuce,</span> 
     </span>
     <span class='ocr_line' id='line_1_35' title="bbox 182 3602 1422 3670; baseline 0.002 -17"><span class='ocrx_word' id='word_1_340' title='bbox 182 3602 267 3654; x_wconf 80' lang='lat' dir='ltr'>sauls</span> <span class='ocrx_word' id='word_1_341' title='bbox 280 3610 398 3654; x_wconf 86' lang='lat' dir='ltr'>tormenta</span> <span class='ocrx_word' id='word_1_342' title='bbox 409 3619 489 3667; x_wconf 90' lang='lat' dir='ltr'>ruens,</span> <span class='ocrx_word' id='word_1_343' title='bbox 504 3605 626 3670; x_wconf 88' lang='lat' dir='ltr'>lluctuque</span> <span class='ocrx_word' id='word_1_344' title='bbox 640 3607 851 3669; x_wconf 74' lang='lat' dir='ltr'>etqurqitesaesu,</span> <span class='ocrx_word' id='word_1_345' title='bbox 878 3607 1002 3670; x_wconf 82' lang='lat' dir='ltr'>iliratique</span> <span class='ocrx_word' id='word_1_346' title='bbox 1020 3606 1073 3670; x_wconf 90' lang='lat' dir='ltr'>pios</span> <span class='ocrx_word' id='word_1_347' title='bbox 1092 3618 1224 3666; x_wconf 82' lang='lat' dir='ltr'>sermones,</span> <span class='ocrx_word' id='word_1_348' title='bbox 1243 3604 1328 3654; x_wconf 93' lang='lat' dir='ltr'>dulcia</span> <span class='ocrx_word' id='word_1_349' title='bbox 1347 3606 1422 3665; x_wconf 81' lang='lat' dir='ltr'>dicta,</span> 
     </span>
     <span class='ocr_line' id='line_1_36' title="bbox 240 3688 1465 3756; baseline 0.004 -19"><span class='ocrx_word' id='word_1_350' title='bbox 240 3688 343 3738; x_wconf 86' lang='lat' dir='ltr'>Turbida</span> <span class='ocrx_word' id='word_1_351' title='bbox 361 3702 467 3738; x_wconf 86' lang='lat' dir='ltr'>coenoso</span> <span class='ocrx_word' id='word_1_352' title='bbox 484 3689 558 3739; x_wconf 87' lang='lat' dir='ltr'>lunda</span> <span class='ocrx_word' id='word_1_353' title='bbox 577 3691 691 3740; x_wconf 89' lang='lat' dir='ltr'>miscetur</span> <span class='ocrx_word' id='word_1_354' title='bbox 708 3705 788 3740; x_wconf 89' lang='lat' dir='ltr'>arena.</span> <span class='ocrx_word' id='word_1_355' title='bbox 878 3692 932 3756; x_wconf 89' lang='lat' dir='ltr'>lpsa</span> <span class='ocrx_word' id='word_1_356' title='bbox 949 3705 1006 3740; x_wconf 85' lang='lat' dir='ltr'>uoce</span> <span class='ocrx_word' id='word_1_357' title='bbox 1024 3705 1080 3739; x_wconf 89' lang='lat' dir='ltr'>suas</span> <span class='ocrx_word' id='word_1_358' title='bbox 1098 3689 1199 3739; x_wconf 87' lang='lat' dir='ltr'>tendunt</span> <span class='ocrx_word' id='word_1_359' title='bbox 1216 3689 1246 3739; x_wconf 89' lang='lat' dir='ltr'>ad</span> <span class='ocrx_word' id='word_1_360' title='bbox 1265 3688 1352 3740; x_wconf 84' lang='lat' dir='ltr'>sidera</span> <span class='ocrx_word' id='word_1_361' title='bbox 1370 3692 1465 3755; x_wconf 79' lang='lat' dir='ltr'>palmas,</span> 
     </span>
     <span class='ocr_line' id='line_1_37' title="bbox 241 3773 1466 3840; baseline 0.004 -18"><span class='ocrx_word' id='word_1_362' title='bbox 241 3775 293 3822; x_wconf 89' lang='lat' dir='ltr'>lluc</span> <span class='ocrx_word' id='word_1_363' title='bbox 310 3773 401 3837; x_wconf 76' lang='lat' dir='ltr'>captiva</span> <span class='ocrx_word' id='word_1_364' title='bbox 414 3788 511 3834; x_wconf 77' lang='lat' dir='ltr'>gemeus</span> <span class='ocrx_word' id='word_1_365' title='bbox 523 3776 630 3825; x_wconf 90' lang='lat' dir='ltr'>mittetur</span> <span class='ocrx_word' id='word_1_366' title='bbox 642 3777 711 3825; x_wconf 90' lang='lat' dir='ltr'>turba</span> <span class='ocrx_word' id='word_1_367' title='bbox 726 3775 851 3840; x_wconf 90' lang='lat' dir='ltr'>malarum,</span> <span class='ocrx_word' id='word_1_368' title='bbox 879 3776 1053 3839; x_wconf 84' lang='lat' dir='ltr'>Gratanturque</span> <span class='ocrx_word' id='word_1_369' title='bbox 1072 3773 1125 3835; x_wconf 88' lang='lat' dir='ltr'>deo,</span> <span class='ocrx_word' id='word_1_370' title='bbox 1145 3782 1168 3822; x_wconf 92' lang='lat' dir='ltr'>ct</span> <span class='ocrx_word' id='word_1_371' title='bbox 1184 3775 1268 3824; x_wconf 77' lang='lat' dir='ltr'>victori</span> <span class='ocrx_word' id='word_1_372' title='bbox 1287 3775 1348 3826; x_wconf 85' lang='lat' dir='ltr'>talia</span> <span class='ocrx_word' id='word_1_373' title='bbox 1368 3776 1466 3827; x_wconf 73' lang='lat' dir='ltr'>cbristo</span> 
     </span>
     <span class='ocr_line' id='line_1_38' title="bbox 240 3849 1516 3924; baseline 0.007 -18"><span class='ocrx_word' id='word_1_374' title='bbox 240 3860 405 3921; x_wconf 82' lang='lat' dir='ltr'>brauromque</span> <span class='ocrx_word' id='word_1_375' title='bbox 418 3859 493 3922; x_wconf 84' lang='lat' dir='ltr'>aclas,</span> <span class='ocrx_word' id='word_1_376' title='bbox 511 3860 621 3908; x_wconf 85' lang='lat' dir='ltr'>scelerati</span> <span class='ocrx_word' id='word_1_377' title='bbox 639 3862 747 3922; x_wconf 88' lang='lat' dir='ltr'>corporis</span> <span class='ocrx_word' id='word_1_378' title='bbox 759 3875 851 3923; x_wconf 77' lang='lat' dir='ltr'>agmen,</span> <span class='ocrx_word' id='word_1_379' title='bbox 877 3860 933 3910; x_wconf 90' lang='lat' dir='ltr'>lllos</span> <span class='ocrx_word' id='word_1_380' title='bbox 941 3875 988 3910; x_wconf 91' lang='lat' dir='ltr'>noa</span> <span class='ocrx_word' id='word_1_381' title='bbox 996 3859 1198 3909; x_wconf 87' lang='lat' dir='ltr'>tumuloscertum</span> <span class='ocrx_word' id='word_1_382' title='bbox 1209 3866 1245 3907; x_wconf 90' lang='lat' dir='ltr'>est</span> <span class='ocrx_word' id='word_1_383' title='bbox 1255 3861 1381 3924; x_wconf 89' lang='lat' dir='ltr'>repetisse</span> <span class='ocrx_word' id='word_1_384' title='bbox 1391 3849 1516 3915; x_wconf 60' lang='lat' dir='ltr'>sileoltb³⁶⁵</span> 
     </span>
     <span class='ocr_line' id='line_1_39' title="bbox 241 3940 1483 4009; baseline 0.006 -18"><span class='ocrx_word' id='word_1_385' title='bbox 241 3943 343 4005; x_wconf 56' lang='lat' dir='ltr'>Munus,</span> <span class='ocrx_word' id='word_1_386' title='bbox 354 3940 454 4005; x_wconf 76' lang='lat' dir='ltr'>plangor</span> <span class='ocrx_word' id='word_1_387' title='bbox 471 3941 511 4005; x_wconf 92' lang='lat' dir='ltr'>ibi,</span> <span class='ocrx_word' id='word_1_388' title='bbox 533 3942 612 3992; x_wconf 90' lang='lat' dir='ltr'>luctus</span> <span class='ocrx_word' id='word_1_389' title='bbox 630 3944 736 3993; x_wconf 89' lang='lat' dir='ltr'>sociante</span> <span class='ocrx_word' id='word_1_390' title='bbox 753 3942 835 4009; x_wconf 85' lang='lat' dir='ltr'>boatu,</span> <span class='ocrx_word' id='word_1_391' title='bbox 878 3945 984 4009; x_wconf 76' lang='lat' dir='ltr'>Amplius</span> <span class='ocrx_word' id='word_1_392' title='bbox 1002 3951 1043 3993; x_wconf 91' lang='lat' dir='ltr'>aut</span> <span class='ocrx_word' id='word_1_393' title='bbox 1061 3951 1137 3993; x_wconf 84' lang='lat' dir='ltr'>terrae</span> <span class='ocrx_word' id='word_1_394' title='bbox 1155 3944 1253 3993; x_wconf 87' lang='lat' dir='ltr'>retineri</span> <span class='ocrx_word' id='word_1_395' title='bbox 1272 3946 1370 3997; x_wconf 73' lang='lat' dir='ltr'>viscere</span> <span class='ocrx_word' id='word_1_396' title='bbox 1385 3946 1483 3999; x_wconf 70' lang='lat' dir='ltr'>aaron</span> 
     </span>
     <span class='ocr_line' id='line_1_40' title="bbox 181 4025 1483 4094; baseline 0.005 -18"><span class='ocrx_word' id='word_1_397' title='bbox 181 4026 232 4076; x_wconf 79' lang='lat'>³25</span> <span class='ocrx_word' id='word_1_398' title='bbox 241 4026 268 4076; x_wconf 84' lang='lat' dir='ltr'>Et</span> <span class='ocrx_word' id='word_1_399' title='bbox 277 4025 366 4076; x_wconf 88' lang='lat' dir='ltr'>stridor</span> <span class='ocrx_word' id='word_1_400' title='bbox 375 4026 480 4089; x_wconf 88' lang='lat' dir='ltr'>rabidus,</span> <span class='ocrx_word' id='word_1_401' title='bbox 499 4027 603 4077; x_wconf 89' lang='lat' dir='ltr'>ululatus</span> <span class='ocrx_word' id='word_1_402' title='bbox 617 4034 641 4076; x_wconf 90' lang='lat' dir='ltr'>et</span> <span class='ocrx_word' id='word_1_403' title='bbox 653 4029 708 4079; x_wconf 89' lang='lat' dir='ltr'>inde</span> <span class='ocrx_word' id='word_1_404' title='bbox 720 4028 850 4079; x_wconf 90' lang='lat' dir='ltr'>dolentum.</span> <span class='ocrx_word' id='word_1_405' title='bbox 878 4029 1425 4094; x_wconf 83' lang='lat' dir='ltr'>llelliquasedrecubntnuncturbacubilibos</span> <span class='ocrx_word' id='word_1_406' title='bbox 1434 4029 1483 4087; x_wconf 68' lang='lat' dir='ltr'>init,</span> 
     </span>
     <span class='ocr_line' id='line_1_41' title="bbox 239 4111 1465 4178; baseline 0.004 -18"><span class='ocrx_word' id='word_1_407' title='bbox 239 4111 851 4178; x_wconf 72' lang='lat' dir='ltr'>Ersurgentflammaequeprocul‚artusquesonori‚</span> <span class='ocrx_word' id='word_1_408' title='bbox 878 4115 919 4165; x_wconf 90' lang='lat' dir='ltr'>ille</span> <span class='ocrx_word' id='word_1_409' title='bbox 938 4115 989 4165; x_wconf 90' lang='lat' dir='ltr'>dies</span> <span class='ocrx_word' id='word_1_410' title='bbox 1008 4114 1084 4164; x_wconf 86' lang='lat' dir='ltr'>donec</span> <span class='ocrx_word' id='word_1_411' title='bbox 1103 4112 1222 4175; x_wconf 88' lang='lat' dir='ltr'>completo</span> <span class='ocrx_word' id='word_1_412' title='bbox 1240 4121 1357 4177; x_wconf 90' lang='lat' dir='ltr'>tempore</span> <span class='ocrx_word' id='word_1_413' title='bbox 1375 4126 1465 4178; x_wconf 64' lang='lat' dir='ltr'>magau</span> 
     </span>
     <span class='ocr_line' id='line_1_42' title="bbox 241 4182 1481 4264; baseline 0.007 -20"><span class='ocrx_word' id='word_1_414' title='bbox 241 4196 303 4256; x_wconf 71' lang='lat' dir='ltr'>ignis</span> <span class='ocrx_word' id='word_1_415' title='bbox 316 4182 454 4245; x_wconf 83' lang='lat' dir='ltr'>inardescet</span> <span class='ocrx_word' id='word_1_416' title='bbox 464 4197 615 4262; x_wconf 74' lang='lat' dir='ltr'>gemitusque</span> <span class='ocrx_word' id='word_1_417' title='bbox 629 4198 719 4249; x_wconf 90' lang='lat' dir='ltr'>leretur</span> <span class='ocrx_word' id='word_1_418' title='bbox 731 4198 760 4248; x_wconf 91' lang='lat' dir='ltr'>ad</span> <span class='ocrx_word' id='word_1_419' title='bbox 771 4214 849 4251; x_wconf 87' lang='lat' dir='ltr'>auras.</span> <span class='ocrx_word' id='word_1_420' title='bbox 877 4200 998 4251; x_wconf 81' lang='lat' dir='ltr'>Adveniet.</span> <span class='ocrx_word' id='word_1_421' title='bbox 1039 4198 1123 4248; x_wconf 85' lang='lat' dir='ltr'>Cuncti</span> <span class='ocrx_word' id='word_1_422' title='bbox 1149 4197 1274 4248; x_wconf 89' lang='lat' dir='ltr'>dominum</span> <span class='ocrx_word' id='word_1_423' title='bbox 1299 4200 1352 4250; x_wconf 87' lang='lat' dir='ltr'>iam</span> <span class='ocrx_word' id='word_1_424' title='bbox 1376 4198 1481 4264; x_wconf 56' lang='lat' dir='ltr'>amasti&amp;</span> 
     </span>
     <span class='ocr_line' id='line_1_43' title="bbox 239 4280 1269 4348; baseline 0.001 -18"><span class='ocrx_word' id='word_1_425' title='bbox 239 4281 305 4330; x_wconf 83' lang='lat' dir='ltr'>Tunc</span> <span class='ocrx_word' id='word_1_426' title='bbox 317 4280 420 4329; x_wconf 87' lang='lat' dir='ltr'>bumana</span> <span class='ocrx_word' id='word_1_427' title='bbox 432 4281 487 4331; x_wconf 89' lang='lat' dir='ltr'>mali</span> <span class='ocrx_word' id='word_1_428' title='bbox 500 4283 589 4347; x_wconf 89' lang='lat' dir='ltr'>pendet</span> <span class='ocrx_word' id='word_1_429' title='bbox 602 4284 729 4332; x_wconf 75' lang='lat' dir='ltr'>comnmissa</span> <span class='ocrx_word' id='word_1_430' title='bbox 736 4298 849 4348; x_wconf 73' lang='lat' dir='ltr'>propago,</span> <span class='ocrx_word' id='word_1_431' title='bbox 1178 4297 1269 4346; x_wconf 85' lang='lat' dir='ltr'>serum,</span> 
     </span>
     <span class='ocr_line' id='line_1_44' title="bbox 240 4355 1511 4432; baseline 0.002 -19"><span class='ocrx_word' id='word_1_432' title='bbox 240 4363 388 4429; x_wconf 83' lang='lat' dir='ltr'>incipietque</span> <span class='ocrx_word' id='word_1_433' title='bbox 406 4379 462 4414; x_wconf 88' lang='lat' dir='ltr'>suas</span> <span class='ocrx_word' id='word_1_434' title='bbox 480 4366 509 4415; x_wconf 93' lang='lat' dir='ltr'>ad</span> <span class='ocrx_word' id='word_1_435' title='bbox 527 4367 619 4416; x_wconf 89' lang='lat' dir='ltr'>caelum</span> <span class='ocrx_word' id='word_1_436' title='bbox 635 4368 733 4417; x_wconf 88' lang='lat' dir='ltr'>tendere</span> <span class='ocrx_word' id='word_1_437' title='bbox 751 4367 850 4432; x_wconf 86' lang='lat' dir='ltr'>palmas,</span> <span class='ocrx_word' id='word_1_438' title='bbox 878 4370 924 4429; x_wconf 82' lang='lat' dir='ltr'>Qui</span> <span class='ocrx_word' id='word_1_439' title='bbox 933 4369 1000 4419; x_wconf 88' lang='lat' dir='ltr'>solus</span> <span class='ocrx_word' id='word_1_440' title='bbox 1008 4368 1065 4417; x_wconf 89' lang='lat' dir='ltr'>iacit</span> <span class='ocrx_word' id='word_1_441' title='bbox 1077 4369 1137 4416; x_wconf 89' lang='lat' dir='ltr'>hanc</span> <span class='ocrx_word' id='word_1_442' title='bbox 1149 4366 1253 4416; x_wconf 89' lang='lat' dir='ltr'>animam</span> <span class='ocrx_word' id='word_1_443' title='bbox 1264 4382 1309 4416; x_wconf 88' lang='lat' dir='ltr'>sua</span> <span class='ocrx_word' id='word_1_444' title='bbox 1321 4384 1423 4420; x_wconf 86' lang='lat' dir='ltr'>cernere</span> <span class='ocrx_word' id='word_1_445' title='bbox 1431 4355 1511 4419; x_wconf 57' lang='lat' dir='ltr'>lucelli</span> 
     </span>
     <span class='ocr_line' id='line_1_45' title="bbox 180 4448 1479 4519; baseline 0.005 -20"><span class='ocrx_word' id='word_1_446' title='bbox 180 4449 230 4499; x_wconf 79' lang='grc'>330</span> <span class='ocrx_word' id='word_1_447' title='bbox 240 4448 269 4498; x_wconf 83' lang='lat' dir='ltr'>Et</span> <span class='ocrx_word' id='word_1_448' title='bbox 286 4449 409 4499; x_wconf 88' lang='lat' dir='ltr'>dominum</span> <span class='ocrx_word' id='word_1_449' title='bbox 427 4458 484 4500; x_wconf 93' lang='lat' dir='ltr'>tunc</span> <span class='ocrx_word' id='word_1_450' title='bbox 501 4465 574 4501; x_wconf 90' lang='lat' dir='ltr'>nosse</span> <span class='ocrx_word' id='word_1_451' title='bbox 591 4452 660 4514; x_wconf 84' lang='lat' dir='ltr'>solet,</span> <span class='ocrx_word' id='word_1_452' title='bbox 687 4466 759 4516; x_wconf 92' lang='lat' dir='ltr'>quem</span> <span class='ocrx_word' id='word_1_453' title='bbox 777 4467 850 4503; x_wconf 88' lang='lat' dir='ltr'>nosse</span> <span class='ocrx_word' id='word_1_454' title='bbox 876 4454 1030 4519; x_wconf 77' lang='lat' dir='ltr'>Eandemque</span> <span class='ocrx_word' id='word_1_455' title='bbox 1048 4452 1163 4517; x_wconf 83' lang='lat' dir='ltr'>potestis</span> <span class='ocrx_word' id='word_1_456' title='bbox 1178 4458 1266 4502; x_wconf 86' lang='lat' dir='ltr'>tartara</span> <span class='ocrx_word' id='word_1_457' title='bbox 1281 4454 1391 4506; x_wconf 85' lang='lat' dir='ltr'>subdere</span> <span class='ocrx_word' id='word_1_458' title='bbox 1402 4452 1479 4519; x_wconf 60' lang='lat' dir='ltr'>potuit</span> 
     </span>
     <span class='ocr_line' id='line_1_46' title="bbox 543 4534 1479 4605; baseline 0.004 -20"><span class='ocrx_word' id='word_1_459' title='bbox 543 4534 636 4585; x_wconf 82' lang='lat' dir='ltr'>solebat</span> <span class='ocrx_word' id='word_1_460' title='bbox 877 4540 904 4590; x_wconf 78' lang='lat' dir='ltr'>Et</span> <span class='ocrx_word' id='word_1_461' title='bbox 922 4541 960 4589; x_wconf 91' lang='lat' dir='ltr'>cui</span> <span class='ocrx_word' id='word_1_462' title='bbox 979 4546 1066 4589; x_wconf 88' lang='lat' dir='ltr'>cuncta</span> <span class='ocrx_word' id='word_1_463' title='bbox 1077 4545 1142 4602; x_wconf 88' lang='lat' dir='ltr'>patet</span> <span class='ocrx_word' id='word_1_464' title='bbox 1154 4537 1214 4586; x_wconf 81' lang='lat' dir='ltr'>sitae</span> <span class='ocrx_word' id='word_1_465' title='bbox 1224 4540 1366 4605; x_wconf 85' lang='lat' dir='ltr'>mortisque</span> <span class='ocrx_word' id='word_1_466' title='bbox 1380 4544 1479 4605; x_wconf 67' lang='lat' dir='ltr'>potesta</span> 
     </span>
     <span class='ocr_line' id='line_1_47' title="bbox 239 4620 1479 4687; baseline 0.004 -18"><span class='ocrx_word' id='word_1_467' title='bbox 239 4623 315 4671; x_wconf 81' lang='lat' dir='ltr'>boten</span> <span class='ocrx_word' id='word_1_468' title='bbox 327 4633 448 4683; x_wconf 91' lang='lat' dir='ltr'>aon,cum</span> <span class='ocrx_word' id='word_1_469' title='bbox 459 4634 531 4670; x_wconf 91' lang='lat' dir='ltr'>nosse</span> <span class='ocrx_word' id='word_1_470' title='bbox 544 4620 589 4671; x_wconf 89' lang='lat' dir='ltr'>illis</span> <span class='ocrx_word' id='word_1_471' title='bbox 602 4620 664 4671; x_wconf 87' lang='lat' dir='ltr'>ioret</span> <span class='ocrx_word' id='word_1_472' title='bbox 675 4621 733 4671; x_wconf 87' lang='lat' dir='ltr'>utile</span> <span class='ocrx_word' id='word_1_473' title='bbox 746 4628 848 4685; x_wconf 89' lang='lat' dir='ltr'>tempas.</span> <span class='ocrx_word' id='word_1_474' title='bbox 876 4626 949 4675; x_wconf 84' lang='lat' dir='ltr'>Posse</span> <span class='ocrx_word' id='word_1_475' title='bbox 968 4624 1048 4685; x_wconf 85' lang='lat' dir='ltr'>deum,</span> <span class='ocrx_word' id='word_1_476' title='bbox 1072 4636 1126 4671; x_wconf 83' lang='lat' dir='ltr'>nain</span> <span class='ocrx_word' id='word_1_477' title='bbox 1144 4620 1203 4670; x_wconf 82' lang='lat' dir='ltr'>selle</span> <span class='ocrx_word' id='word_1_478' title='bbox 1221 4629 1260 4670; x_wconf 86' lang='lat' dir='ltr'>sat</span> <span class='ocrx_word' id='word_1_479' title='bbox 1280 4632 1328 4687; x_wconf 82' lang='lat' dir='ltr'>cst,</span> <span class='ocrx_word' id='word_1_480' title='bbox 1358 4625 1479 4684; x_wconf 77' lang='lat' dir='ltr'>lactamqtt</span> 
     </span>
     <span class='ocr_line' id='line_1_48' title="bbox 239 4705 1307 4771; baseline 0.001 -16"><span class='ocrx_word' id='word_1_481' title='bbox 239 4705 289 4756; x_wconf 91' lang='lat' dir='ltr'>lllic</span> <span class='ocrx_word' id='word_1_482' title='bbox 307 4705 411 4771; x_wconf 90' lang='lat' dir='ltr'>quisque</span> <span class='ocrx_word' id='word_1_483' title='bbox 429 4720 487 4755; x_wconf 89' lang='lat' dir='ltr'>suae</span> <span class='ocrx_word' id='word_1_484' title='bbox 504 4705 655 4770; x_wconf 82' lang='lat' dir='ltr'>profitebitur</span> <span class='ocrx_word' id='word_1_485' title='bbox 673 4707 745 4758; x_wconf 82' lang='lat' dir='ltr'>ellera</span> <span class='ocrx_word' id='word_1_486' title='bbox 762 4708 822 4757; x_wconf 84' lang='lat' dir='ltr'>uitae</span> <span class='ocrx_word' id='word_1_487' title='bbox 1179 4705 1307 4770; x_wconf 87' lang='lat' dir='ltr'>loquendo</span> 
     </span>
    </p>
   </div>
   <div class='ocr_carea' id='block_1_3' title="bbox 238 4875 621 4943">
    <p class='ocr_par' dir='ltr' id='par_1_3' title="bbox 238 4875 621 4943">
     <span class='ocr_line' id='line_1_49' title="bbox 238 4875 621 4943; baseline 0.005 -18"><span class='ocrx_word' id='word_1_488' title='bbox 238 4892 259 4925; x_wconf 85' lang='lat' dir='ltr'>s.</span> <span class='ocrx_word' id='word_1_489' title='bbox 273 4875 332 4927; x_wconf 81' lang='grc'><strong>305.</strong></span> <span class='ocrx_word' id='word_1_490' title='bbox 354 4876 422 4941; x_wconf 70' lang='lat' dir='ltr'>Vulso</span> <span class='ocrx_word' id='word_1_491' title='bbox 440 4886 503 4928; x_wconf 79' lang='lat' dir='ltr'>estat</span> <span class='ocrx_word' id='word_1_492' title='bbox 520 4877 621 4943; x_wconf 89' lang='lat' dir='ltr'>impetu.</span> 
     </span>
    </p>
   </div>
   <div class='ocr_carea' id='block_1_4' title="bbox 0 0 1626 5775">
    <p class='ocr_par' dir='ltr' id='par_1_4' title="bbox 0 0 1626 5775">
     <span class='ocr_line' id='line_1_50' title="bbox 0 0 1626 5775; baseline 0 2"><span class='ocrx_word' id='word_1_493' title='bbox 0 0 1626 5775; x_wconf 95' lang='lat' dir='ltr'> </span> 
     </span>
    </p>
   </div>
  </div>
 </body>
</html>
