3242 5775
538 638 577 681 ns
599 617 844 682 ursunnecrrour.
868 638 979 682 cinms.
1279 624 1342 688 tut
1383 650 1385 654 ’

197 787 334 848 dubitate
356 788 537 847 resurrectio
561 796 624 859 est,
654 788 731 849 et'si
754 806 829 866 quae
850 807 905 867 per
927 805 1037 868 corpus
1066 794 1148 865 gesta
1172 795 1257 860 suut,
1290 807 1368 867 per

197 907 279 967 »rpus
303 888 404 965 utique
426 889 577 965 pensanda
600 897 684 958 sunt,
707 907 762 966 per
784 889 862 967 quod
879 898 909 949 et
923 898 1004 966 gesta
1021 897 1111 968 sunt·
1134 886 1154 918 ²⁴
1163 887 1204 947 lta
1221 896 1250 948 et
1265 897 1344 951 totus

197 989 221 1048 ic
247 1008 262 1047 a
285 989 380 1066 capite
403 997 543 1048 tractatus
574 988 700 1067 apostoli
730 988 779 1048 tali
807 989 938 1049 clausula
967 989 1117 1060 detextus,
1157 1006 1214 1067 qua
1247 988 1344 1049 caruis

197 1088 351 1148 esurrectio
374 1089 556 1161 ostenditur,
589 1090 750 1150 seeundum
773 1090 846 1149 haec
867 1090 924 1149 erit
945 1088 1159 1167 intellegendus
1182 1107 1344 1167 quaecum

197 1188 298 1248 lausula
321 1198 496 1248 consonant.

256 1288 287 1349 Si
309 1288 388 1347 enim
410 1289 506 1349 adhuc
527 1288 563 1349 ad
586 1288 741 1366 superiora
763 1299 932 1368 respectes,
966 1288 1044 1349 unde
1073 1288 1184 1349 mentio
1212 1288 1342 1351 hominis
1361 1311 1493 1369 cipxttr.

197 1389 327 1453 nterioris
350 1399 380 1449 et
401 1389 551 1449 interioris
573 1389 691 1450 inducta
714 1400 775 1460 est,
813 1409 913 1450 nonne
944 1398 973 1449 et
1003 1389 1172 1468 dignitatem
1202 1398 1231 1450 et
1259 1407 1344 1469 spem

197 1490 269 1548 arnis
298 1490 441 1566 integram
472 1489 628 1550 invenies?
673 1491 760 1551 ¹Cum
791 1491 868 1550 enim
899 1491 935 1550 do
962 1489 1073 1550 lumine
1108 1490 1186 1568 quod
1216 1490 1343 1552 illuxerit
1356 1489 1450 1594 13,ξῆ

197 1587 247 1648 leus
267 1590 296 1649 in
320 1590 461 1649 cordibus
484 1591 595 1650 nostris
618 1591 653 1650 ad
677 1590 920 1651 illuminationem
944 1590 1102 1668 agnitionis
1131 1590 1243 1668 gloriae
1272 1609 1344 1652 suae

200 1706 214 1746 n
235 1708 357 1767 persona
380 1690 490 1749 Christi
524 1690 594 1750 dicit
623 1690 730 1751 hahere
754 1710 809 1751 nos
833 1692 1004 1751 thesaurum
1033 1689 1122 1751 istum
1151 1690 1181 1750 iu
1205 1692 1343 1754 testaceis

197 1787 280 1862 ²usis,
304 1790 418 1851 scilicet
438 1790 485 1849 ³in
509 1809 611 1861 carne,
636 1800 772 1850 utrumne
787 1791 854 1870 quia
876 1800 1002 1851 testacea
1025 1799 1072 1851 est
1094 1790 1257 1852 secuudum
1280 1792 1343 1853 ori-

197 1887 269 1963 ginem
290 1890 338 1951 ‘in
360 1890 431 1950 limo
455 1891 640 1963 destruetur,
663 1909 699 1950 an
722 1892 789 1968 quia
812 1891 901 1951 divini
926 1890 1054 1952 thesauri
1077 1890 1275 1952 conditorium
1298 1901 1346 1953 est

197 1989 351 2051 extolletur?
384 1992 508 2068 ⁵Atquin
531 1993 557 2051 si
578 1992 677 2052 lumen
700 1991 798 2068 ipsum
821 1991 887 2051 “dei
908 1990 979 2051 illud
1002 2010 1120 2062 verum,
1144 1992 1222 2069 quod
1246 1993 1344 2053 estin

197 2103 300 2163 persona
324 2092 448 2163 Christi,
472 2092 559 2151 vitam
583 2092 612 2150 in
635 2111 668 2151 se
690 2092 838 2159 continet,
862 2110 953 2168 eaque
975 2092 1032 2151 vita
1052 2110 1117 2151 eum
1133 2092 1245 2153 lumine
1260 2111 1344 2154 com-

197 2189 297 2251 mittitur
319 2192 348 2251 in
373 2210 505 2263 carnem,
527 2192 656 2269 peritura
680 2192 777 2252 estin
801 2211 889 2271 quam
912 2193 968 2252 vita
995 2191 1213 2253 committitur?
1253 2193 1344 2255 Plano

198 2288 228 2347 sic
243 2292 389 2369 periturus
412 2293 528 2370 etipse
551 2295 724 2363 thesaurus3
753 2293 895 2370 perituris
918 2293 996 2353 enim
1018 2292 1148 2370 peritura
1171 2293 1343 2363 creduntur,

198 2386 253 2449 sieut
272 2392 420 2452 veteribus
444 2392 559 2452 utribus
582 2411 690 2451 novtrm
713 2394 824 2452 vinum.
874 2392 947 2452 Cum
970 2392 1039 2452 item
1063 2392 1186 2464 subicit,
1218 2392 1431 2495 Semperstffg:

197 2490 428 2552 norttcationem
452 2492 560 2553 Christi
582 2493 650 2552 lesu
673 2494 915 2552 circumferentes
931 2493 961 2553 in
978 2511 1104 2572 corpore
1122 2502 1244 2566 nostro,
1268 2513 1342 2573 qua-

197 2582 284 2650 litista
308 2611 357 2652 res
381 2601 427 2652 est
449 2612 523 2669 quae
546 2602 616 2670 post
638 2593 684 2652 dei
708 2592 847 2670 templum
878 2592 935 2651 iam
964 2601 993 2653 et
1023 2593 1211 2671 sepulchrum
1235 2593 1344 2655 Christi

198 2696 272 2761 pust
292 2691 374 2751 dici?
419 2692 477 2752 Cur
505 2704 602 2752 autem
625 2692 898 2751 ⁷mortifrcationem
922 2693 1033 2753 domini
1057 2694 1291 2755 circumferimus
1313 2696 1343 2755 iu

198 2791 320 2867 torpore?
365 2792 419 2852 'Ut
441 2802 468 2852 et
491 2792 582 2859 ⁹rita,
611 2793 720 2869 inquit,
753 2793 969 2852 manifestetur.
1012 2791 1091 2853 Ubtt
1120 2793 1149 2852 in
1179 2793 1477 2873 ¹⁰corporeitatem.

198 2883 316 2970 inquo?
351 2894 380 2953 in
409 2893 534 2953 mortali.
578 2894 655 2970 Ergo
686 2893 715 2951 in
738 2912 826 2953 carne
848 2893 933 2972 plane
956 2894 1072 2954 mortali
1094 2894 1255 2955 secuudum
1278 2896 1343 2957 cul·

198 3003 257 3063 pen,
278 2995 330 3054 sed
355 3003 385 3054 et
407 2994 484 3053 vitali
508 2993 667 3054 secundum
692 2994 831 3069 gratiam3
854 2994 920 3053 vide
943 3004 1097 3071 quantam,
1121 3005 1152 3055 ut
1173 2996 1203 3056 in
1225 2996 1272 3056 illa
1288 2996 1345 3057 vita

198 3085 281 3153 tunso
307 3095 523 3153 manifestetur.
573 3093 606 3152 ln
635 3112 667 3152 re
690 3094 786 3171 ¹¹ergo
815 3094 908 3154 aliena
937 3093 1086 3165 ¹²salutis,
1120 3096 1149 3154 in
1179 3096 1345 3157 substantia

197 3203 331 3269 ftttpetuae
359 3194 565 3254 dissolutionis
596 3194 831 3254 manifestabitur
859 3194 916 3253 rita
946 3194 1055 3254 Christi
1089 3203 1223 3266 aeterua,
1256 3197 1345 3274 iugis,

197 3285 360 3372 honupta,
383 3296 441 3354 iam
464 3303 494 3354 et
516 3295 561 3354 dei
585 3294 664 3355 vita?
697 3296 754 3354 but
776 3295 860 3353 cuius
884 3295 1028 3372 temporis
1044 3293 1100 3353 vita
1118 3293 1230 3353 domini
1246 3296 1344 3354 mani·

198 3387 327 3455 nubitur
349 3404 380 3454 ln
403 3414 529 3473 corpore
552 3394 678 3455 nostro?
729 3396 779 3453 llla
803 3395 937 3471 qtritlcm,
968 3395 1081 3471 ¹³quam
1103 3393 1173 3453 vixit
1195 3411 1291 3471 usque
1314 3394 1344 3454 in

198 3495 359 3569 lusionem,
383 3497 484 3574 ¹⁵quae
506 3515 566 3554 non
590 3496 679 3555 modo
703 3495 806 3572 ¹⁵apud
823 3494 947 3554 ludaeos
970 3494 1000 3552 iu
1023 3493 1181 3552 manifesto
1203 3492 1267 3565 luit,
1290 3511 1344 3555 ve·

198 3603 243 3653 ltu
262 3597 349 3656 etiam
372 3597 510 3657 omnibus
532 3615 611 3655 nunc
632 3595 768 3672 gentibus
790 3595 908 3672 prodita
931 3593 1012 3653 ¹⁶est.
1056 3592 1138 3651 Adeo
1161 3610 1225 3652 eam
1248 3593 1487 3671 signi-uorum

199 3684 337 3774 totquae
359 3706 461 3775 portas
484 3696 686 3756 adamantinas
719 3694 824 3753 mortis
854 3703 884 3753 et
911 3711 1017 3754 aeneas
1042 3692 1151 3752 1⁷seras
1181 3692 1344 3755 inferorum

200 3786 305 3873 infregit,
341 3816 417 3874 quae
445 3798 550 3857 exinde
579 3798 635 3856 inm
661 3804 763 3854 nostra
793 3804 847 3854 est.
891 3793 1022 3871 Detrique
1050 3793 1286 3853 manifestabitur
1314 3795 1344 3855 in

201 3904 306 3972 tumore.
353 3896 503 3969 Quando?
531 3905 758 3974 postmortem.
804 3892 986 3965 Quomodo?
1015 3893 1083 3953 dum
1106 3894 1290 3971 resurgimus
1313 3894 1344 3955 in

201 4003 315 4071 tttpore,
349 3998 426 4058 sicut
449 4005 477 4058 et
499 3997 645 4057 Christus.
690 3995 732 4055 Ne
755 3995 833 4054 enim
856 3995 922 4071 quis
945 4004 1166 4071 argumentetur
1187 4013 1266 4055 nune
1287 3995 1343 4056 ha-

200 4082 247 4154 ltre
265 4098 446 4158 manifestari
467 4098 555 4157 vitam
572 4098 640 4157 lesu
663 4096 692 4155 iu
715 4113 841 4173 corpore
863 4104 966 4154 nostro
990 4113 1044 4173 per
1066 4094 1251 4171 disciplinam
1275 4113 1347 4156 san-

200 4190 280 4258 ttitatis
303 4208 333 4259 et
356 4199 513 4276 patientiae
543 4207 572 4258 et
594 4198 721 4257 iustitiae
751 4204 779 4256 et
803 4194 981 4272 sapientiae,
1011 4194 1117 4272 quibus
1147 4194 1259 4256 domini
1288 4195 1346 4256 rita

198 4336 266 4397 ttfu
284 4358 309 4398 et
326 4350 400 4399 Allcd.
419 4357 464 4398 tres
487 4352 597 4398 Vaticani.
633 4350 666 4397 lta
685 4350 778 4410 reliqui.
1000 4376 1004 4386 ι

243 4415 392 4479 cmxliv.
438 4417 606 4466 bilumbcd.
668 4416 690 4463 2.
710 4418 771 4463 rasis
790 4415 842 4462 istis
861 4415 885 4462 l.
946 4413 1113 4462 3.etinlll.
1165 4412 1346 4462 4.seilicetcx

197 4471 282 4532 furta
337 4485 361 4531 5.
380 4485 449 4545 tiqui
470 4485 522 4533 cat.
575 4485 597 4530 o.
617 4484 654 4530 aet
675 4483 733 4530 mm
752 4485 802 4531 ate.
821 4483 853 4530 ue
872 4484 938 4530 coar.
960 4483 1077 4542 canaam.
1113 4479 1171 4528 tttua
1192 4481 1285 4544 reliqui.
1321 4480 1344 4526 r.

197 4550 423 4599 *tortitieationem
442 4552 485 4598 lu.
538 4550 562 4598 8.
582 4551 618 4598 Uti
638 4552 673 4599 cd.
725 4549 749 4596 9.
769 4551 813 4597 rita
832 4550 895 4608 lesu,
914 4550 990 4610 iuquit
1007 4564 1035 4606 c,
1055 4549 1083 4595 de
1101 4548 1151 4595 eod.
1172 4547 1344 4595 inclementis.

197 4609 220 4661 ll·
234 4631 335 4680 corpore
355 4625 439 4665 nostro
458 4635 486 4676 c,
507 4620 534 4665 de
553 4619 603 4665 cod.
624 4619 655 4665 lo.
668 4617 795 4665 Clementis.
851 4616 889 4663 ll.
909 4631 965 4676 ergo
985 4631 1028 4663 om.
1047 4615 1089 4662 ΑΒ.
1149 4612 1188 4661 12.
1207 4614 1301 4670 salutis,
1321 4613 1344 4659 in

197 4679 231 4730 M
263 4686 353 4733 salutis
372 4684 454 4744 (saluti
476 4685 517 4743 ct,
538 4685 623 4731 sedin
648 4686 739 4746 reliqui.
801 4681 839 4731 13.
864 4697 934 4744 qtram
954 4683 1090 4730 incurres
1112 4682 1222 4741 Vaticani,
1249 4687 1270 4728 et
1293 4679 1344 4727 cod.

197 4750 345 4800 ttionemn.
392 4753 510 4814 quaCob.
576 4751 790 4815 liquoromb.
851 4750 889 4797 15.
909 4751 932 4798 in
952 4750 1079 4798 manifesto
1099 4749 1162 4812 apud
1181 4748 1283 4795 ludaeos
1300 4743 1344 4792 tu.

198 4815 216 4863 6.
231 4830 264 4868 est
285 4836 331 4868 om.
348 4819 392 4868 lt.
449 4819 486 4866 li.
507 4819 571 4866 fores
590 4821 613 4866 il.
