3242 5775
313 689 376 754 tut
567 702 668 755 oornrr
691 701 823 747 serrmu
845 699 1011 745 roonenrrs
1033 697 1228 743 renromunr

315 857 457 920 tinentiae
477 855 622 936 praelert,
654 861 752 915 umen
774 850 943 931 coniugium
966 858 996 911 et
1016 849 1150 912 contrahi
1171 807 1337 930 permitti(
1345 848 1404 911 ¹³et
1424 849 1493 911 usui

314 977 400 1031 esse,
424 968 453 1019 et
474 955 568 1035 magis
589 953 712 1017 retineri
733 971 821 1032 quam
843 951 971 1030 disiungi
994 951 1109 1013 suadet.
1140 950 1231 1012 Plane
1254 949 1392 1012 Christus
1415 958 1496 1012 vetat

283 1066 285 1075 '
315 1058 489 1130 divortium,
512 1057 629 1136 lloyses
651 1074 721 1116 uero
737 1053 889 1133 permittit.
922 1052 1053 1114 Marcion
1076 1060 1169 1114 totum
1193 1051 1383 1115 concubitum
1405 1053 1491 1114 aule·

315 1178 385 1222 rens
413 1158 549 1220 fidelibus
582 1157 721 1232 (viderint
748 1155 827 1216 enim
859 1153 1062 1216 catechumeni
1097 1152 1190 1230 eius),
1230 1152 1392 1233 repudium
1426 1162 1496 1215 ante

316 1261 463 1342 ¹⁴nuptias
493 1259 615 1331 iubens,
654 1258 738 1319 cuius
773 1255 952 1316 sententiam
980 1255 1133 1335 sequitur,
1166 1254 1262 1334 Moysi
1290 1273 1327 1316 an
1357 1252 1494 1317 endroit

187 1354 302 1448 ¹⁰1⁰ffi¹¹
315 1361 422 1441 Atquin
438 1370 468 1422 et
484 1359 669 1421 '‘Christus·
692 1375 758 1418 cum
773 1356 933 1437 praecipit,
955 1356 1110 1417 mulierem
1132 1374 1149 1417 a
1165 1355 1228 1417 riro
1249 1374 1310 1417 non
1324 1355 1490 1430 discedere,

315 1473 366 1526 aut
387 1463 413 1523 si
435 1459 625 1531 discesserit,
647 1476 768 1532 manere
791 1458 945 1537 innuptam
967 1465 1017 1518 aut
1039 1456 1224 1518 reconciliari
1242 1456 1323 1529 viro,
1347 1465 1378 1519 et
1400 1475 1494 1538 repu-

315 1564 396 1626 dium
418 1559 569 1643 permisit,
593 1558 670 1639 quod
694 1577 756 1620 non
779 1558 809 1618 ln
824 1567 919 1619 totum
939 1558 1110 1637 prohibuit,
1134 1566 1164 1619 et
1178 1559 1400 1620 matrimonium
1416 1576 1492 1620 oon·

316 1663 456 1736 firmarit,
480 1659 560 1741 quod
582 1660 679 1740 primo
702 1658 794 1719 vetuit
808 1658 953 1737 disiungi,
976 1667 1020 1733 et,
1044 1658 1070 1720 si
1085 1661 1164 1721 sorte
1179 1660 1378 1734 disiunctum,
1402 1659 1495 1722 voluit

177 1789 296 1834 toronen
315 1763 481 1827 reformari.
524 1760 584 1822 Sed
606 1770 636 1821 et
657 1758 856 1822 continentiae
883 1777 957 1839 quas
980 1760 1018 1821 ait
1040 1758 1170 1821 causas‘l
1215 1760 1291 1833 Quia
1320 1770 1441 1842 tempus
1462 1761 1495 1824 iu

316 1864 440 1928 collecto
461 1873 517 1924 est.
561 1861 750 1934 Putaveram,
778 1860 847 1939 quia
873 1861 947 1922 deus
971 1860 1046 1922 alius
1070 1861 1100 1921 in
1123 1860 1260 1933 Christ03
1297 1870 1327 1924 et
1353 1861 1494 1925 umens

315 1985 375 2046 quo
398 1974 446 2026 est
466 1963 599 2026 collectio
622 1962 780 2042 temporis,
803 1961 840 2022 ab
864 1981 899 2022 eo
923 1963 979 2023 erit
1001 1971 1031 2023 et
1052 1961 1131 2041 quod
1153 1962 1321 2024 collectioni
1343 1963 1492 2044 temporis

317 2066 463 2146 congruit.
507 2063 600 2125 Nemo
623 2064 720 2125 alieno
743 2063 871 2142 tempori
894 2063 1031 2124 consulit.
1086 2063 1227 2124 Pusillum
1249 2064 1339 2126 deum
1360 2065 1494 2128 affirmas

316 2176 415 2238 tuum,
438 2165 585 2237 Marcion,
608 2183 695 2244 quoru
718 2162 748 2224 in
771 2164 868 2243 aliquo
891 2172 1067 2243 coangustat
1083 2174 1198 2244 tempus
1214 2166 1369 2228 creatoris.
1406 2166 1496 2229 Certe

186 2266 524 2349 roro.v.so.praescribens
552 2273 666 2327 tanturn
694 2266 726 2326 in
758 2264 879 2326 domino
909 2282 977 2326 esse
1004 2265 1191 2338 nubendum,
1225 2285 1262 2328 ne
1292 2265 1369 2345 “qui
1399 2266 1497 2330 fidelis

315 2369 463 2431 ethuiourn
486 2366 706 2428 matrimonium
721 2366 884 2439 contrahat,
907 2366 1002 2445 legem
1026 2376 1126 2428 tuetur
1147 2368 1303 2440 creatoris,
1327 2367 1494 2448 allophylo-

165 2489 382 2547 iumentorum
405 2468 523 2549 nuptias
546 2467 655 2548 ubique
670 2466 868 2547 prohibentis.
905 2466 979 2540 Sed,
1003 2466 1040 2528 Et
1061 2466 1086 2528 si
1108 2479 1178 2530 sunt
1198 2469 1248 2546 qui
1271 2469 1412 2530 dicuntur
1432 2468 1496 2542 dei,

317 2572 379 2632 sive
401 2570 432 2631 in
454 2568 542 2631 caelis
565 2569 627 2630 sire
650 2569 680 2630 ln
703 2569 807 2639 terris,
831 2577 954 2647 apparet
975 2569 1125 2648 quomodo
1149 2569 1272 2642 dixerit3
1295 2589 1355 2630 non
1380 2569 1497 2651 ¹'quasi

318 2690 387 2733 rere
410 2670 514 2742 ¹⁸sint,
538 2668 620 2730 ¹⁹sod
636 2669 704 2748 quia
719 2670 781 2730 sint
795 2670 844 2748 qui
861 2669 1012 2744 dicantur,
1035 2670 1152 2749 quando
1169 2688 1230 2731 non
1246 2671 1316 2732 siut.
1348 2671 1391 2732 lle
1406 2671 1496 2734 idolis
1511 2727 1519 2742 ,

191 2799 298 2844 turona.
318 2772 397 2836 enim
420 2771 518 2849 coepit
539 2770 575 2831 de
598 2770 771 2850 idolothytis
793 2771 1014 2850 disputaturus:
1043 2770 1161 2833 Scimus
1183 2772 1263 2850 quod
1286 2772 1400 2834 idolum
1421 2772 1515 2836 niud-

319 2874 367 2936 sit.
412 2871 581 2934 Creatorem
604 2881 701 2933 autem
724 2882 755 2934 et
776 2872 907 2935 liaroion
930 2871 1018 2933 deum
1040 2892 1100 2933 non
1124 2882 1228 2952 negat3
1258 2893 1329 2953 ergo
1351 2893 1413 2937 non
1434 2894 1495 2956 po·

320 2983 378 3036 test
400 2973 490 3035 rideri
513 2973 667 3053 apostolus
690 2982 855 3036 creatorem
878 2991 996 3053 quoque
1027 2973 1105 3035 inter
1134 2993 1187 3036 oos
1210 2975 1352 3055 posuisse
1373 2976 1423 3057 qui
1445 2975 1495 3039 dei

318 3057 453 3138 dicantur
475 3084 505 3135 et
527 3085 623 3136 tamen
646 3094 706 3135 non
730 3075 806 3146 sint,
836 3074 971 3154 quando,
1005 3085 1035 3136 et
1061 3075 1252 3149 siluissent,
1286 3077 1374 3140 nobis
1397 3086 1495 3141 umen

192 3187 300 3230 llll-rt·
319 3195 397 3239 unus
421 3186 501 3238 esset
523 3175 597 3237 deus
619 3176 742 3255 ”pater
785 3175 909 3253 Exque
933 3177 1031 3237 omnia
1053 3176 1158 3247 nobis,
1181 3177 1240 3239 nisi
1262 3178 1347 3241 cuius
1370 3175 1521 3242 omuial..

200 3270 470 3377 ¹{fflfl’0uaenam
486 3273 565 3338 ista?
598 3277 696 3338 llabes
720 3276 749 3335 in
772 3274 956 3355 praeteritis,
979 3276 1086 3337 Omnia
1109 3286 1205 3338 restra
1226 3287 1313 3350 suut,
1334 3279 1398 3341 sire
1413 3279 1492 3341 l'au-
1518 3336 1521 3341 .

318 3380 383 3452 lus,
406 3378 469 3439 sire
490 3375 611 3456 ltpollo,
635 3376 697 3436 sire
719 3374 853 3455 Cephas,
876 3375 938 3436 sive
961 3377 1104 3449 mundus,
1128 3375 1190 3438 sive
1213 3378 1287 3450 rita,
1314 3379 1377 3442 eise
1398 3396 1494 3453 mors,
1515 3416 1529 3439 .

319 3481 383 3542 sire
404 3477 586 3559 praesentia,
620 3476 683 3538 sire
705 3477 813 3537 lutura.
857 3476 938 3537 Adeo
962 3477 1093 3539 omnium
1116 3477 1205 3538 deum
1227 3488 1394 3542 creatorem
1414 3479 1529 3555 lacit„

209 3617 212 3624 ·
319 3598 335 3640 a
356 3598 416 3658 quo
439 3578 619 3639 elmundus
642 3586 672 3639 et
693 3577 751 3639 rita
772 3586 803 3638 et
824 3595 925 3649 mors,
946 3596 1022 3656 quae
1036 3577 1157 3641 alterius
1173 3579 1220 3641 dei
1245 3598 1313 3641 esse
1335 3600 1398 3643 non
1417 3600 1497 3662 pos-
1510 3608 1527 3627 -

166 3688 397 3756 ιεω.ιι,ιε.ευυῑ.
429 3678 472 3739 db
495 3695 531 3738 eo
554 3679 643 3757 igitur
664 3678 742 3740 inter
764 3678 863 3739 omnia
885 3687 916 3740 et
937 3678 1084 3742 Christus.
1120 3680 1164 3742 Ex
1184 3680 1288 3743 labore
1309 3701 1367 3743 suo
1381 3700 1529 3745 unum-

192 3807 301 3851 uraca
319 3798 465 3861 quemque
487 3778 597 3841 docens
620 3780 716 3842 virere
738 3788 878 3859 oportere
901 3780 974 3842 satis
997 3781 1129 3861 exempla
1144 3784 1341 3861 praemiserat
1357 3783 1529 3857 militum..

318 3891 488 3963 pastorum,
511 3881 708 3952 rusticorum
737 3881 791 3942 sed
819 3880 918 3943 divina
944 3881 1014 3943 ²¹illi
1037 3884 1197 3945 auctoritas
1227 3884 1337 3946 deerat.
1381 3884 1529 3965 Legem

320 3982 409 4063 igitur
432 3981 555 4061 opponit
578 3982 719 4044 creatoris
742 3981 925 4061 ”ingratis¹'‚
948 4001 1036 4062 qnam
1058 3983 1246 4055 destruebata
1273 3985 1320 4047 sui
1344 3987 1424 4049 enim
1442 3980 1529 4049 dei

323 4166 362 4217 13.
381 4174 405 4215 et
422 4166 550 4218 enecat.
606 4167 644 4217 ld.
663 4176 751 4233 nuptae
769 4170 836 4219 oded.
896 4169 934 4219 ld.
953 4169 1064 4220 Christos
1082 4170 1155 4221 duat.
1197 4170 1285 4221 Christi
1310 4128 1529 4235 sponderent-1,

322 4234 362 4284 ld.
381 4235 421 4298 qui
439 4236 505 4284 cled.
541 4235 597 4298 quid
617 4235 659 4285 BG.
709 4236 747 4285 l'l.
766 4236 834 4299 qnasi
853 4238 920 4287 oded.
956 4239 1049 4300 quiesi
1070 4238 1093 4287 G.
1129 4238 1184 4300 qrrie
1202 4238 1226 4286 B.
1250 4236 1409 4289 Votieonorur'n
1425 4238 1529 4290 atter·

322 4302 361 4351 18.
381 4310 438 4350 sont
458 4302 616 4352 vaticanorum
633 4305 698 4352 alter.
753 4303 791 4353 19.
810 4303 854 4353 sed
872 4304 928 4367 qnia
945 4306 994 4354 sint
1011 4320 1055 4355 orn.
1067 4307 1090 4355 d.
1136 4304 1176 4355 20.
1195 4313 1272 4369 poter,
1290 4320 1318 4354 ex
1336 4320 1385 4370 quo
1402 4298 1529 4356 onst-t

321 4367 353 4420 Er
372 4383 420 4432 qno
444 4371 523 4418 omnia
542 4371 621 4428 nohis,
647 4372 691 4419 nisi
712 4371 779 4420 coins
798 4367 900 4421 omoial
925 4372 1037 4423 latinius.
1077 4373 1106 4422 Et
1128 4375 1200 4438 probo
1225 4375 1268 4424 loc
1291 4388 1343 4424 oum
1363 4374 1529 4431 retem

321 4436 361 4486 21.
381 4436 415 4485 illi
434 4437 488 4487 Bcd.
525 4437 565 4485 illa
583 4439 677 4501 reliqui.
729 4437 770 4486 22.
790 4440 897 4500 ingratus
915 4440 947 4499 (i.
959 4456 978 4489 e.
998 4440 1116 4502 ingratilsl
1134 4441 1158 4489 B.

355 4570 413 4634 Cap.
432 4570 480 4619 vn.
509 4587 529 4620 a.
548 4566 671 4636 Christos]
690 4571 809 4621 Pamelios
827 4587 886 4621 cor·
934 4572 997 4638 cepit
1015 4573 1125 4624 Christus
1143 4589 1188 4638 per
1204 4572 1352 4638 apostolom.

321 4640 381 4688 rexit
398 4638 506 4699 „Christi
522 4637 677 4703 apostolus,“
695 4654 766 4704 quem
785 4647 883 4689 secutus
967 4642 991 4690 b.
1010 4638 1121 4707 ingratis]
1146 4643 1197 4693 linc
1213 4650 1250 4692 est
1268 4642 1367 4701 frustra,
1394 4642 1529 4707 neq-tw,

294 4702 298 4709 '
321 4714 359 4755 est
369 4707 493 4769 dipoldus,
510 4707 554 4755 sed
572 4707 674 4768 genuina
693 4716 730 4756 est
744 4716 810 4756 relos
821 4709 883 4757 scri·
933 4722 1013 4772 qoem.
1041 4710 1125 4774 scorp.
1140 4724 1192 4775 cap.
1202 4709 1233 4759 ld
1252 4710 1321 4769 „Erit
1337 4717 1406 4760 certe
1421 4708 1529 4760 etin*-

322 4782 400 4838 ptora.
436 4764 504 4831 ulm.
528 4781 554 4823 nt
579 4774 655 4837 inquit
678 4774 716 4823 Fr.
733 4776 824 4835 lunius,
853 4775 882 4824 ad
933 4790 1016 4826 carcer
1034 4776 1148 4836 incaelo,
1167 4776 1326 4838 cerecesola,
1345 4760 1529 4843 adraanus*

321 4843 430 4905 proxime
448 4843 579 4891 institutam
595 4842 773 4907 oppositionem
785 4841 884 4906 respicit
932 4845 1068 4906 luminosus,
1088 4853 1112 4896 et
1128 4845 1221 4896 vincula
1238 4846 1344 4896 tortasse
1361 4845 1392 4897 de
1406 4836 1529 4897 :unffi-²²

321 4909 414 4974 „lloyci
433 4924 462 4960 an
481 4905 609 4960 Clrristii‘*
644 4910 696 4962 lloc
713 4917 792 4960 autern
809 4924 883 4976 pree·
933 4919 988 4962 cett.
1484 4922 1492 4947 ¹
