<?xml version="1.0" encoding="UTF-8"?>
<!DOCTYPE html PUBLIC "-//W3C//DTD XHTML 1.0 Transitional//EN"
    "http://www.w3.org/TR/xhtml1/DTD/xhtml1-transitional.dtd">
<html xmlns="http://www.w3.org/1999/xhtml" xml:lang="en" lang="en">
 <head>
  <title>
</title>
<meta http-equiv="Content-Type" content="text/html;charset=utf-8" />
  <meta name='ocr-system' content='tesseract 3.04.00' />
  <meta name='ocr-capabilities' content='ocr_page ocr_carea ocr_par ocr_line ocrx_word'/>
</head>
<body>
  <div class='ocr_page' id='page_1' title='image "./quaesupersuntom00oehlgoog_0333.png"; bbox 0 0 3242 5775; ppageno 0'>
   <div class='ocr_carea' id='block_1_1' title="bbox 537 625 1330 691">
    <p class='ocr_par' dir='ltr' id='par_1_1' title="bbox 537 625 1330 691">
     <span class='ocr_line' id='line_1_1' title="bbox 537 625 1330 691; baseline 0.016 -13"><span class='ocrx_word' id='word_1_1' title='bbox 537 636 683 680; x_wconf 77' lang='lat' dir='ltr'>aomnsus</span> <span class='ocrx_word' id='word_1_2' title='bbox 704 637 949 682; x_wconf 75' lang='lat' dir='ltr'>vauraruumos.</span> <span class='ocrx_word' id='word_1_3' title='bbox 1267 625 1330 691; x_wconf 81' lang='lat'>383</span> 
     </span>
    </p>
   </div>
   <div class='ocr_carea' id='block_1_2' title="bbox 140 784 1471 2367">
    <p class='ocr_par' dir='ltr' id='par_1_2' title="bbox 151 784 1330 1766">
     <span class='ocr_line' id='line_1_2' title="bbox 151 784 1328 865; baseline 0.004 -16"><span class='ocrx_word' id='word_1_4' title='bbox 151 786 323 849; x_wconf 68' lang='lat' dir='ltr'>”anub-</span> <span class='ocrx_word' id='word_1_5' title='bbox 346 803 382 847; x_wconf 84' lang='lat' dir='ltr'>ex</span> <span class='ocrx_word' id='word_1_6' title='bbox 405 784 522 846; x_wconf 82' lang='lat' dir='ltr'>divinae</span> <span class='ocrx_word' id='word_1_7' title='bbox 544 786 648 865; x_wconf 92' lang='lat' dir='ltr'>copiae</span> <span class='ocrx_word' id='word_1_8' title='bbox 670 786 858 859; x_wconf 89' lang='lat' dir='ltr'>occasione¹,</span> <span class='ocrx_word' id='word_1_9' title='bbox 881 786 948 865; x_wconf 87' lang='lat' dir='ltr'>quia</span> <span class='ocrx_word' id='word_1_10' title='bbox 972 788 1009 848; x_wconf 91' lang='lat' dir='ltr'>de</span> <span class='ocrx_word' id='word_1_11' title='bbox 1031 787 1132 849; x_wconf 92' lang='lat' dir='ltr'>multis</span> <span class='ocrx_word' id='word_1_12' title='bbox 1151 789 1242 852; x_wconf 94' lang='lat' dir='ltr'>multa</span> <span class='ocrx_word' id='word_1_13' title='bbox 1257 810 1328 855; x_wconf 91' lang='lat' dir='ltr'>suc-</span> 
     </span>
     <span class='ocr_line' id='line_1_3' title="bbox 152 884 1330 964; baseline 0.004 -15"><span class='ocrx_word' id='word_1_14' title='bbox 152 887 256 949; x_wconf 81' lang='lat' dir='ltr'>cedere</span> <span class='ocrx_word' id='word_1_15' title='bbox 279 894 357 959; x_wconf 76' lang='lat' dir='ltr'>est0,</span> <span class='ocrx_word' id='word_1_16' title='bbox 392 884 568 946; x_wconf 78' lang='lat' dir='ltr'><strong>”Eleusinia</strong></span> <span class='ocrx_word' id='word_1_17' title='bbox 592 885 814 947; x_wconf 71' lang='lat' dir='ltr'>¹&#39;Valentiniani</span> <span class='ocrx_word' id='word_1_18' title='bbox 842 888 977 948; x_wconf 87' lang='lat' dir='ltr'>lecerunt</span> <span class='ocrx_word' id='word_1_19' title='bbox 1004 887 1193 964; x_wconf 58' lang='lat' dir='ltr'>”lenocinim</span> <span class='ocrx_word' id='word_1_20' title='bbox 1228 901 1330 954; x_wconf 90' lang='lat' dir='ltr'>sancta</span> 
     </span>
     <span class='ocr_line' id='line_1_4' title="bbox 152 981 1329 1070; baseline 0.006 -22"><span class='ocrx_word' id='word_1_21' title='bbox 152 981 419 1064; x_wconf 75' lang='lat' dir='ltr'>sdmtio&#39;magno,</span> <span class='ocrx_word' id='word_1_22' title='bbox 442 985 506 1046; x_wconf 92' lang='lat' dir='ltr'>sola</span> <span class='ocrx_word' id='word_1_23' title='bbox 527 986 725 1047; x_wconf 78' lang='lat' dir='ltr'>taciturnitate</span> <span class='ocrx_word' id='word_1_24' title='bbox 748 987 894 1048; x_wconf 90' lang='lat' dir='ltr'>caelestia.</span> <span class='ocrx_word' id='word_1_25' title='bbox 945 987 976 1048; x_wconf 93' lang='lat' dir='ltr'>Si</span> <span class='ocrx_word' id='word_1_26' title='bbox 1007 987 1086 1049; x_wconf 95' lang='lat' dir='ltr'>bona</span> <span class='ocrx_word' id='word_1_27' title='bbox 1113 989 1170 1064; x_wconf 79' lang='lat' dir='ltr'>lide</span> <span class='ocrx_word' id='word_1_28' title='bbox 1193 1009 1329 1070; x_wconf 81' lang='lat' dir='ltr'><strong>quaeras,</strong></span> 
     </span>
     <span class='ocr_line' id='line_1_5' title="bbox 154 1085 1330 1166; baseline 0.004 -18"><span class='ocrx_word' id='word_1_29' title='bbox 154 1095 291 1148; x_wconf 69' lang='lat' dir='ltr'>mlo</span> <span class='ocrx_word' id='word_1_30' title='bbox 308 1085 423 1160; x_wconf 75' lang='lat' dir='ltr'>aalma,</span> <span class='ocrx_word' id='word_1_31' title='bbox 446 1103 595 1166; x_wconf 90' lang='lat' dir='ltr'>suspenso</span> <span class='ocrx_word' id='word_1_32' title='bbox 611 1085 786 1165; x_wconf 88' lang='lat' dir='ltr'>supercilio,</span> <span class='ocrx_word' id='word_1_33' title='bbox 808 1085 905 1147; x_wconf 79' lang='lat' dir='ltr'>Altum</span> <span class='ocrx_word' id='word_1_34' title='bbox 922 1096 986 1159; x_wconf 87' lang='lat' dir='ltr'>est,</span> <span class='ocrx_word' id='word_1_35' title='bbox 1008 1089 1099 1149; x_wconf 92' lang='lat' dir='ltr'>aiunt.</span> <span class='ocrx_word' id='word_1_36' title='bbox 1132 1089 1163 1149; x_wconf 82' lang='lat' dir='ltr'>si</span> <span class='ocrx_word' id='word_1_37' title='bbox 1181 1090 1330 1153; x_wconf 84' lang='lat' dir='ltr'>subtiliter</span> 
     </span>
     <span class='ocr_line' id='line_1_6' title="bbox 155 1185 1329 1266; baseline 0.003 -18"><span class='ocrx_word' id='word_1_38' title='bbox 155 1195 295 1266; x_wconf 74' lang='lat' dir='ltr'>temptes,</span> <span class='ocrx_word' id='word_1_39' title='bbox 319 1204 377 1264; x_wconf 91' lang='lat' dir='ltr'>per</span> <span class='ocrx_word' id='word_1_40' title='bbox 396 1185 631 1265; x_wconf 77' lang='lat' dir='ltr'>”ambiguitates</span> <span class='ocrx_word' id='word_1_41' title='bbox 654 1185 800 1265; x_wconf 83' lang='lat' dir='ltr'>bilingues</span> <span class='ocrx_word' id='word_1_42' title='bbox 823 1205 1010 1249; x_wconf 91' lang='lat' dir='ltr'>communem</span> <span class='ocrx_word' id='word_1_43' title='bbox 1032 1189 1119 1250; x_wconf 86' lang='lat' dir='ltr'>fidem</span> <span class='ocrx_word' id='word_1_44' title='bbox 1142 1189 1329 1253; x_wconf 75' lang='lat' dir='ltr'>adfirmante.</span> 
     </span>
     <span class='ocr_line' id='line_1_7' title="bbox 156 1285 1328 1366; baseline 0.005 -18"><span class='ocrx_word' id='word_1_45' title='bbox 156 1285 284 1348; x_wconf 73' lang='lat' dir='ltr'>iiadre</span> <span class='ocrx_word' id='word_1_46' title='bbox 309 1292 340 1346; x_wconf 94' lang='lat' dir='ltr'>te</span> <span class='ocrx_word' id='word_1_47' title='bbox 362 1287 582 1359; x_wconf 86' lang='lat' dir='ltr'>subostendas,</span> <span class='ocrx_word' id='word_1_48' title='bbox 605 1294 715 1365; x_wconf 83' lang='lat' dir='ltr'>negant</span> <span class='ocrx_word' id='word_1_49' title='bbox 736 1287 874 1365; x_wconf 86' lang='lat' dir='ltr'>quicquid</span> <span class='ocrx_word' id='word_1_50' title='bbox 897 1298 1087 1366; x_wconf 69' lang='lat' dir='ltr'>agnoscunv.</span> <span class='ocrx_word' id='word_1_51' title='bbox 1132 1290 1163 1350; x_wconf 89' lang='lat' dir='ltr'>Si</span> <span class='ocrx_word' id='word_1_52' title='bbox 1193 1291 1328 1355; x_wconf 88' lang='lat' dir='ltr'>cominus</span> 
     </span>
     <span class='ocr_line' id='line_1_8' title="bbox 155 1384 1327 1471; baseline 0.004 -23"><span class='ocrx_word' id='word_1_53' title='bbox 155 1384 292 1458; x_wconf 62' lang='grc' dir='ltr'>ἀπα),</span> <span class='ocrx_word' id='word_1_54' title='bbox 329 1393 411 1446; x_wconf 91' lang='lat' dir='ltr'>tuam</span> <span class='ocrx_word' id='word_1_55' title='bbox 434 1386 651 1465; x_wconf 89' lang='lat' dir='ltr'>simplicitatem</span> <span class='ocrx_word' id='word_1_56' title='bbox 675 1405 729 1448; x_wconf 91' lang='lat' dir='ltr'>sua</span> <span class='ocrx_word' id='word_1_57' title='bbox 751 1387 841 1448; x_wconf 89' lang='lat' dir='ltr'>caede</span> <span class='ocrx_word' id='word_1_58' title='bbox 864 1387 1060 1466; x_wconf 83' lang='lat' dir='ltr'>dispergunt·.</span> <span class='ocrx_word' id='word_1_59' title='bbox 1110 1389 1153 1451; x_wconf 90' lang='lat' dir='ltr'>Ne</span> <span class='ocrx_word' id='word_1_60' title='bbox 1176 1390 1327 1471; x_wconf 86' lang='lat' dir='ltr'>discipulis</span> 
     </span>
     <span class='ocr_line' id='line_1_9' title="bbox 155 1485 1330 1566; baseline 0.006 -19"><span class='ocrx_word' id='word_1_61' title='bbox 155 1487 266 1566; x_wconf 64' lang='lat' dir='ltr'>pidem</span> <span class='ocrx_word' id='word_1_62' title='bbox 297 1485 433 1565; x_wconf 91' lang='lat' dir='ltr'>propriis</span> <span class='ocrx_word' id='word_1_63' title='bbox 460 1485 555 1548; x_wconf 72' lang='lat' dir='ltr'>¹’aute</span> <span class='ocrx_word' id='word_1_64' title='bbox 577 1487 764 1548; x_wconf 90' lang='lat' dir='ltr'>committunt</span> <span class='ocrx_word' id='word_1_65' title='bbox 791 1505 878 1566; x_wconf 87' lang='lat' dir='ltr'>quam</span> <span class='ocrx_word' id='word_1_66' title='bbox 907 1506 979 1549; x_wconf 88' lang='lat' dir='ltr'>suos</span> <span class='ocrx_word' id='word_1_67' title='bbox 1001 1488 1162 1551; x_wconf 71' lang='lat' dir='ltr'>²‘&#39;iecerint.</span> <span class='ocrx_word' id='word_1_68' title='bbox 1212 1490 1330 1554; x_wconf 86' lang='lat' dir='ltr'>liabent</span> 
     </span>
     <span class='ocr_line' id='line_1_10' title="bbox 155 1586 1328 1667; baseline 0.005 -19"><span class='ocrx_word' id='word_1_69' title='bbox 155 1587 309 1648; x_wconf 71' lang='lat' dir='ltr'>utilicium</span> <span class='ocrx_word' id='word_1_70' title='bbox 337 1603 398 1664; x_wconf 90' lang='lat' dir='ltr'>quo</span> <span class='ocrx_word' id='word_1_71' title='bbox 424 1586 510 1665; x_wconf 91' lang='lat' dir='ltr'>prius</span> <span class='ocrx_word' id='word_1_72' title='bbox 536 1586 737 1666; x_wconf 86' lang='lat' dir='ltr'>persuadeant</span> <span class='ocrx_word' id='word_1_73' title='bbox 766 1606 852 1667; x_wconf 87' lang='lat' dir='ltr'>quam</span> <span class='ocrx_word' id='word_1_74' title='bbox 881 1588 1033 1649; x_wconf 84' lang='lat' dir='ltr'>edoceant.</span> <span class='ocrx_word' id='word_1_75' title='bbox 1083 1589 1196 1651; x_wconf 73' lang='lat' dir='ltr'>l&#39;eritas</span> <span class='ocrx_word' id='word_1_76' title='bbox 1229 1599 1328 1654; x_wconf 86' lang='lat' dir='ltr'>autem</span> 
     </span>
     <span class='ocr_line' id='line_1_11' title="bbox 156 1685 864 1766; baseline -0.006 -16"><span class='ocrx_word' id='word_1_77' title='bbox 156 1685 284 1750; x_wconf 72' lang='lat' dir='ltr'>beando</span> <span class='ocrx_word' id='word_1_78' title='bbox 309 1686 489 1766; x_wconf 77' lang='lat' dir='ltr'>persuadet,</span> <span class='ocrx_word' id='word_1_79' title='bbox 509 1705 569 1747; x_wconf 93' lang='lat' dir='ltr'>nou</span> <span class='ocrx_word' id='word_1_80' title='bbox 593 1686 745 1748; x_wconf 89' lang='lat' dir='ltr'>suadendo</span> <span class='ocrx_word' id='word_1_81' title='bbox 768 1687 864 1748; x_wconf 90' lang='lat' dir='ltr'>docet.</span> 
     </span>
    </p>

    <p class='ocr_par' dir='ltr' id='par_1_3' title="bbox 140 1786 1471 2367">
     <span class='ocr_line' id='line_1_12' title="bbox 229 1786 1464 1866; baseline 0.004 -17"><span class='ocrx_word' id='word_1_82' title='bbox 229 1788 371 1865; x_wconf 88' lang='lat' dir='ltr'>ldeoque</span> <span class='ocrx_word' id='word_1_83' title='bbox 394 1786 542 1866; x_wconf 88' lang='lat' dir='ltr'>simplices</span> <span class='ocrx_word' id='word_1_84' title='bbox 571 1796 709 1847; x_wconf 75' lang='lat' dir='ltr'>nommur</span> <span class='ocrx_word' id='word_1_85' title='bbox 735 1786 813 1866; x_wconf 91' lang='lat' dir='ltr'>apud</span> <span class='ocrx_word' id='word_1_86' title='bbox 840 1786 923 1855; x_wconf 86' lang='lat' dir='ltr'>illos,</span> <span class='ocrx_word' id='word_1_87' title='bbox 958 1795 991 1847; x_wconf 95' lang='lat' dir='ltr'>ut</span> <span class='ocrx_word' id='word_1_88' title='bbox 1018 1788 1075 1847; x_wconf 92' lang='lat' dir='ltr'>boc</span> <span class='ocrx_word' id='word_1_89' title='bbox 1103 1796 1233 1862; x_wconf 92' lang='lat' dir='ltr'>tantum,</span> <span class='ocrx_word' id='word_1_90' title='bbox 1265 1807 1328 1851; x_wconf 90' lang='lat' dir='ltr'>nou</span> <span class='ocrx_word' id='word_1_91' title='bbox 1372 1797 1464 1854; x_wconf 69' lang='lat' dir='ltr'>capu.</span> 
     </span>
     <span class='ocr_line' id='line_1_13' title="bbox 153 1869 1327 1968; baseline 0.002 -18"><span class='ocrx_word' id='word_1_92' title='bbox 153 1889 233 1950; x_wconf 81' lang='lat' dir='ltr'>etiam</span> <span class='ocrx_word' id='word_1_93' title='bbox 257 1888 436 1968; x_wconf 72' lang='lat' dir='ltr'>sapientes,</span> <span class='ocrx_word' id='word_1_94' title='bbox 472 1887 557 1966; x_wconf 86' lang='lat' dir='ltr'>quasi</span> <span class='ocrx_word' id='word_1_95' title='bbox 584 1887 684 1949; x_wconf 89' lang='lat' dir='ltr'>statim</span> <span class='ocrx_word' id='word_1_96' title='bbox 717 1886 861 1948; x_wconf 75' lang='lat' dir='ltr'>&#39;deficere</span> <span class='ocrx_word' id='word_1_97' title='bbox 884 1869 1006 1964; x_wconf 76' lang='lat' dir='ltr'>cogatur</span> <span class='ocrx_word' id='word_1_98' title='bbox 1028 1906 1044 1947; x_wconf 94' lang='lat' dir='ltr'>a</span> <span class='ocrx_word' id='word_1_99' title='bbox 1066 1887 1253 1967; x_wconf 88' lang='lat' dir='ltr'>simplicitate</span> <span class='ocrx_word' id='word_1_100' title='bbox 1276 1908 1327 1952; x_wconf 90' lang='lat' dir='ltr'>sa·</span> 
     </span>
     <span class='ocr_line' id='line_1_14' title="bbox 150 1986 1471 2070; baseline 0 -19"><span class='ocrx_word' id='word_1_101' title='bbox 150 1989 275 2070; x_wconf 59' lang='lat' dir='ltr'>fienda,</span> <span class='ocrx_word' id='word_1_102' title='bbox 303 1986 427 2048; x_wconf 89' lang='lat' dir='ltr'>domiuo</span> <span class='ocrx_word' id='word_1_103' title='bbox 450 1996 602 2066; x_wconf 89' lang='lat' dir='ltr'>utramque</span> <span class='ocrx_word' id='word_1_104' title='bbox 625 1989 779 2066; x_wconf 79' lang='lat' dir='ltr'>iungente:</span> <span class='ocrx_word' id='word_1_105' title='bbox 801 1987 905 2048; x_wconf 87' lang='lat' dir='ltr'>Estote</span> <span class='ocrx_word' id='word_1_106' title='bbox 927 1987 1089 2066; x_wconf 83' lang='lat' dir='ltr'>prudentes</span> <span class='ocrx_word' id='word_1_107' title='bbox 1112 1997 1145 2048; x_wconf 95' lang='lat' dir='ltr'>ut</span> <span class='ocrx_word' id='word_1_108' title='bbox 1159 1997 1471 2069; x_wconf 65' lang='lat' dir='ltr'>serpentesptaouxns.</span> 
     </span>
     <span class='ocr_line' id='line_1_15' title="bbox 148 2087 1328 2170; baseline 0.001 -18"><span class='ocrx_word' id='word_1_109' title='bbox 148 2089 358 2170; x_wconf 82' lang='lat' dir='ltr'>etsimplices</span> <span class='ocrx_word' id='word_1_110' title='bbox 380 2097 412 2149; x_wconf 91' lang='lat' dir='ltr'>ut</span> <span class='ocrx_word' id='word_1_111' title='bbox 433 2088 596 2148; x_wconf 91' lang='lat' dir='ltr'>columbae.</span> <span class='ocrx_word' id='word_1_112' title='bbox 647 2090 705 2148; x_wconf 81' lang='lat' dir='ltr'>Aut</span> <span class='ocrx_word' id='word_1_113' title='bbox 734 2087 840 2148; x_wconf 91' lang='lat' dir='ltr'>sinos</span> <span class='ocrx_word' id='word_1_114' title='bbox 869 2095 1026 2166; x_wconf 84' lang='lat' dir='ltr'>propterca</span> <span class='ocrx_word' id='word_1_115' title='bbox 1055 2088 1229 2167; x_wconf 85' lang='lat' dir='ltr'>insipientes</span> <span class='ocrx_word' id='word_1_116' title='bbox 1259 2091 1328 2170; x_wconf 88' lang='lat' dir='ltr'>quia</span> 
     </span>
     <span class='ocr_line' id='line_1_16' title="bbox 146 2186 1328 2272; baseline 0 -20"><span class='ocrx_word' id='word_1_117' title='bbox 146 2191 314 2272; x_wconf 82' lang='lat' dir='ltr'>simplices,</span> <span class='ocrx_word' id='word_1_118' title='bbox 338 2205 410 2250; x_wconf 91' lang='lat' dir='ltr'>num</span> <span class='ocrx_word' id='word_1_119' title='bbox 434 2206 504 2267; x_wconf 84' lang='lat' dir='ltr'>ergo</span> <span class='ocrx_word' id='word_1_120' title='bbox 527 2197 557 2248; x_wconf 88' lang='lat' dir='ltr'>et</span> <span class='ocrx_word' id='word_1_121' title='bbox 577 2188 618 2249; x_wconf 91' lang='lat' dir='ltr'>illi</span> <span class='ocrx_word' id='word_1_122' title='bbox 641 2196 798 2267; x_wconf 83' lang='lat' dir='ltr'>propterea</span> <span class='ocrx_word' id='word_1_123' title='bbox 820 2205 882 2247; x_wconf 92' lang='lat' dir='ltr'>non</span> <span class='ocrx_word' id='word_1_124' title='bbox 905 2186 1056 2265; x_wconf 85' lang='lat' dir='ltr'>simplices</span> <span class='ocrx_word' id='word_1_125' title='bbox 1071 2188 1137 2265; x_wconf 83' lang='lat' dir='ltr'>quia</span> <span class='ocrx_word' id='word_1_126' title='bbox 1153 2189 1328 2268; x_wconf 79' lang='lat' dir='ltr'>sapientes?</span> 
     </span>
     <span class='ocr_line' id='line_1_17' title="bbox 140 2286 1327 2367; baseline -0.003 -12"><span class='ocrx_word' id='word_1_127' title='bbox 140 2287 367 2355; x_wconf 68' lang='lat' dir='ltr'>decentissimi</span> <span class='ocrx_word' id='word_1_128' title='bbox 397 2295 494 2348; x_wconf 90' lang='lat' dir='ltr'>autem</span> <span class='ocrx_word' id='word_1_129' title='bbox 522 2288 571 2366; x_wconf 90' lang='lat' dir='ltr'>qui</span> <span class='ocrx_word' id='word_1_130' title='bbox 600 2306 662 2350; x_wconf 91' lang='lat' dir='ltr'>uon</span> <span class='ocrx_word' id='word_1_131' title='bbox 684 2287 849 2366; x_wconf 88' lang='lat' dir='ltr'>simplices,</span> <span class='ocrx_word' id='word_1_132' title='bbox 884 2286 962 2347; x_wconf 89' lang='lat' dir='ltr'>sicut</span> <span class='ocrx_word' id='word_1_133' title='bbox 990 2287 1157 2348; x_wconf 88' lang='lat' dir='ltr'>stultissimi</span> <span class='ocrx_word' id='word_1_134' title='bbox 1187 2290 1237 2367; x_wconf 91' lang='lat' dir='ltr'>qui</span> <span class='ocrx_word' id='word_1_135' title='bbox 1266 2308 1327 2352; x_wconf 93' lang='lat' dir='ltr'>nou</span> 
     </span>
    </p>
   </div>
   <div class='ocr_carea' id='block_1_3' title="bbox 133 2471 1328 2943">
    <p class='ocr_par' dir='ltr' id='par_1_4' title="bbox 133 2471 1328 2864">
     <span class='ocr_line' id='line_1_18' title="bbox 139 2471 1328 2532; baseline -0.003 -3"><span class='ocrx_word' id='word_1_136' title='bbox 139 2477 174 2528; x_wconf 80' lang='lat' dir='ltr'>ll.</span> <span class='ocrx_word' id='word_1_137' title='bbox 194 2474 303 2528; x_wconf 84' lang='lat' dir='ltr'>caritati</span> <span class='ocrx_word' id='word_1_138' title='bbox 329 2474 364 2532; x_wconf 75' lang='lat' dir='ltr'>d,</span> <span class='ocrx_word' id='word_1_139' title='bbox 390 2487 420 2520; x_wconf 78' lang='lat' dir='ltr'>ee</span> <span class='ocrx_word' id='word_1_140' title='bbox 438 2473 549 2522; x_wconf 83' lang='lat' dir='ltr'>cnaeadot.</span> <span class='ocrx_word' id='word_1_141' title='bbox 567 2474 661 2522; x_wconf 79' lang='lat' dir='ltr'>latinii.</span> <span class='ocrx_word' id='word_1_142' title='bbox 709 2472 810 2521; x_wconf 82' lang='lat' dir='ltr'>claritati</span> <span class='ocrx_word' id='word_1_143' title='bbox 835 2471 940 2521; x_wconf 76' lang='lat' dir='ltr'>ABchc.</span> <span class='ocrx_word' id='word_1_144' title='bbox 959 2472 1064 2521; x_wconf 81' lang='lat' dir='ltr'>laurent.</span> <span class='ocrx_word' id='word_1_145' title='bbox 1106 2472 1241 2522; x_wconf 85' lang='lat' dir='ltr'>credulitati</span> <span class='ocrx_word' id='word_1_146' title='bbox 1267 2474 1328 2525; x_wconf 83' lang='lat' dir='ltr'>Croi.</span> 
     </span>
     <span class='ocr_line' id='line_1_19' title="bbox 135 2537 1326 2610; baseline -0.001 -18"><span class='ocrx_word' id='word_1_147' title='bbox 135 2541 285 2610; x_wconf 53' lang='lat'>[14¹3.</span> <span class='ocrx_word' id='word_1_148' title='bbox 339 2537 380 2588; x_wconf 79' lang='lat'>18.</span> <span class='ocrx_word' id='word_1_149' title='bbox 399 2538 519 2588; x_wconf 80' lang='lat' dir='ltr'>Eleusinia</span> <span class='ocrx_word' id='word_1_150' title='bbox 538 2541 561 2588; x_wconf 91' lang='lat' dir='ltr'>d.</span> <span class='ocrx_word' id='word_1_151' title='bbox 578 2541 694 2600; x_wconf 62' lang='lat' dir='ltr'>laurent„</span> <span class='ocrx_word' id='word_1_152' title='bbox 713 2541 751 2587; x_wconf 78' lang='lat' dir='ltr'>lr-</span> <span class='ocrx_word' id='word_1_153' title='bbox 763 2540 850 2588; x_wconf 83' lang='lat' dir='ltr'>lunius.</span> <span class='ocrx_word' id='word_1_154' title='bbox 887 2539 1137 2592; x_wconf 75' lang='lat' dir='ltr'>Eleusinianalllobc.</span> <span class='ocrx_word' id='word_1_155' title='bbox 1172 2540 1326 2591; x_wconf 78' lang='lat' dir='ltr'>Eleusiniam</span> 
     </span>
     <span class='ocr_line' id='line_1_20' title="bbox 134 2605 1327 2670; baseline -0.002 -10"><span class='ocrx_word' id='word_1_156' title='bbox 134 2626 224 2664; x_wconf 68' lang='lat' dir='ltr'>nem</span> <span class='ocrx_word' id='word_1_157' title='bbox 248 2609 320 2659; x_wconf 77' lang='lat' dir='ltr'>erat.</span> <span class='ocrx_word' id='word_1_158' title='bbox 340 2607 357 2654; x_wconf 93' lang='lat' dir='ltr'>l.</span> <span class='ocrx_word' id='word_1_159' title='bbox 370 2607 386 2654; x_wconf 91' lang='lat' dir='ltr'>l.</span> <span class='ocrx_word' id='word_1_160' title='bbox 442 2605 795 2655; x_wconf 56' lang='lat' dir='ltr'>tessalonicenses.</span> <span class='ocrx_word' id='word_1_161' title='bbox 832 2606 992 2654; x_wconf 80' lang='lat' dir='ltr'>Valentiniana</span> <span class='ocrx_word' id='word_1_162' title='bbox 1010 2608 1103 2670; x_wconf 80' lang='lat' dir='ltr'>reliqui.</span> <span class='ocrx_word' id='word_1_163' title='bbox 1148 2606 1188 2656; x_wconf 79' lang='grc'>20.</span> <span class='ocrx_word' id='word_1_164' title='bbox 1208 2608 1327 2658; x_wconf 83' lang='lat' dir='ltr'>lenocinia</span> 
     </span>
     <span class='ocr_line' id='line_1_21' title="bbox 133 2672 1326 2736; baseline -0.001 -8"><span class='ocrx_word' id='word_1_165' title='bbox 133 2687 230 2736; x_wconf 72' lang='lat' dir='ltr'>neta,</span> <span class='ocrx_word' id='word_1_166' title='bbox 252 2673 362 2724; x_wconf 78' lang='lat' dir='ltr'>silentio</span> <span class='ocrx_word' id='word_1_167' title='bbox 380 2687 474 2733; x_wconf 71' lang='lat' dir='ltr'>magna,</span> <span class='ocrx_word' id='word_1_168' title='bbox 492 2673 545 2720; x_wconf 86' lang='lat' dir='ltr'>sola</span> <span class='ocrx_word' id='word_1_169' title='bbox 563 2675 596 2735; x_wconf 84' lang='lat' dir='ltr'>d.,</span> <span class='ocrx_word' id='word_1_170' title='bbox 607 2675 736 2722; x_wconf 65' lang='lat' dir='ltr'>inlimatis.</span> <span class='ocrx_word' id='word_1_171' title='bbox 772 2672 813 2721; x_wconf 81' lang='lat'>21.</span> <span class='ocrx_word' id='word_1_172' title='bbox 832 2673 994 2733; x_wconf 72' lang='lat' dir='ltr'>ambiguitatis</span> <span class='ocrx_word' id='word_1_173' title='bbox 1006 2673 1030 2721; x_wconf 76' lang='lat' dir='ltr'>ll.</span> <span class='ocrx_word' id='word_1_174' title='bbox 1045 2675 1152 2723; x_wconf 81' lang='lat' dir='ltr'>laurent.</span> <span class='ocrx_word' id='word_1_175' title='bbox 1188 2674 1229 2723; x_wconf 76' lang='grc'>22.</span> <span class='ocrx_word' id='word_1_176' title='bbox 1248 2685 1326 2727; x_wconf 85' lang='lat' dir='ltr'>certea</span> 
     </span>
     <span class='ocr_line' id='line_1_22' title="bbox 133 2739 1326 2796; baseline -0.003 0"><span class='ocrx_word' id='word_1_177' title='bbox 133 2755 201 2796; x_wconf 66' lang='lat' dir='ltr'>m</span> <span class='ocrx_word' id='word_1_178' title='bbox 220 2746 281 2795; x_wconf 69' lang='lat' dir='ltr'>abc.</span> <span class='ocrx_word' id='word_1_179' title='bbox 320 2747 410 2795; x_wconf 80' lang='lat' dir='ltr'>certes,</span> <span class='ocrx_word' id='word_1_180' title='bbox 429 2740 518 2788; x_wconf 89' lang='lat' dir='ltr'>latoam</span> <span class='ocrx_word' id='word_1_181' title='bbox 537 2742 559 2789; x_wconf 88' lang='lat' dir='ltr'>d.</span> <span class='ocrx_word' id='word_1_182' title='bbox 595 2748 659 2788; x_wconf 86' lang='lat' dir='ltr'>certe</span> <span class='ocrx_word' id='word_1_183' title='bbox 678 2748 779 2789; x_wconf 88' lang='lat' dir='ltr'>statuam</span> <span class='ocrx_word' id='word_1_184' title='bbox 797 2740 859 2789; x_wconf 78' lang='lat' dir='ltr'>ABG.</span> <span class='ocrx_word' id='word_1_185' title='bbox 878 2742 985 2789; x_wconf 74' lang='lat' dir='ltr'>tuerent.</span> <span class='ocrx_word' id='word_1_186' title='bbox 1033 2739 1074 2787; x_wconf 81' lang='lat'>23.</span> <span class='ocrx_word' id='word_1_187' title='bbox 1092 2744 1196 2789; x_wconf 88' lang='lat' dir='ltr'>animam</span> <span class='ocrx_word' id='word_1_188' title='bbox 1214 2744 1326 2792; x_wconf 86' lang='lat' dir='ltr'>commit·</span> 
     </span>
     <span class='ocr_line' id='line_1_23' title="bbox 133 2805 679 2864; baseline -0.005 -6"><span class='ocrx_word' id='word_1_189' title='bbox 133 2821 187 2864; x_wconf 61' lang='lat' dir='ltr'>ut</span> <span class='ocrx_word' id='word_1_190' title='bbox 208 2813 332 2863; x_wconf 64' lang='lat' dir='ltr'>harant.</span> <span class='ocrx_word' id='word_1_191' title='bbox 386 2805 426 2855; x_wconf 79' lang='lat' dir='ltr'>tt.</span> <span class='ocrx_word' id='word_1_192' title='bbox 446 2807 553 2855; x_wconf 85' lang='lat' dir='ltr'>lecerunt</span> <span class='ocrx_word' id='word_1_193' title='bbox 572 2808 679 2855; x_wconf 82' lang='lat' dir='ltr'>baereat.</span> 
     </span>
    </p>

    <p class='ocr_par' dir='ltr' id='par_1_5' title="bbox 205 2873 828 2943">
     <span class='ocr_line' id='line_1_24' title="bbox 205 2873 828 2943; baseline -0.006 -18"><span class='ocrx_word' id='word_1_194' title='bbox 205 2879 275 2943; x_wconf 81' lang='lat' dir='ltr'>cap.</span> <span class='ocrx_word' id='word_1_195' title='bbox 297 2874 329 2925; x_wconf 92' lang='lat' dir='ltr'>ll.</span> <span class='ocrx_word' id='word_1_196' title='bbox 369 2873 390 2922; x_wconf 88' lang='lat' dir='ltr'>l.</span> <span class='ocrx_word' id='word_1_197' title='bbox 409 2873 512 2935; x_wconf 73' lang='lat' dir='ltr'>defigere</span> <span class='ocrx_word' id='word_1_198' title='bbox 531 2875 624 2936; x_wconf 73' lang='lat' dir='ltr'>cogitur</span> <span class='ocrx_word' id='word_1_199' title='bbox 640 2874 702 2924; x_wconf 67' lang='lat' dir='ltr'>ABE.</span> <span class='ocrx_word' id='word_1_200' title='bbox 721 2874 828 2924; x_wconf 80' lang='lat' dir='ltr'>laurent.</span> 
     </span>
    </p>
   </div>
   <div class='ocr_carea' id='block_1_4' title="bbox 137 3003 1379 4881">
    <p class='ocr_par' dir='ltr' id='par_1_6' title="bbox 137 3003 1379 4881">
     <span class='ocr_line' id='line_1_25' title="bbox 170 3003 1326 3071; baseline -0.003 -10"><span class='ocrx_word' id='word_1_201' title='bbox 170 3030 208 3065; x_wconf 77' lang='lat' dir='ltr'>n.</span> <span class='ocrx_word' id='word_1_202' title='bbox 227 3010 303 3061; x_wconf 83' lang='lat' dir='ltr'>latili</span> <span class='ocrx_word' id='word_1_203' title='bbox 322 3003 428 3071; x_wconf 87' lang='lat' dir='ltr'>caritati]</span> <span class='ocrx_word' id='word_1_204' title='bbox 447 3009 518 3056; x_wconf 83' lang='lat' dir='ltr'>llecte</span> <span class='ocrx_word' id='word_1_205' title='bbox 536 3008 642 3056; x_wconf 72' lang='lat' dir='ltr'>latinius</span> <span class='ocrx_word' id='word_1_206' title='bbox 661 3010 716 3067; x_wconf 85' lang='lat' dir='ltr'>„ia-</span> <span class='ocrx_word' id='word_1_207' title='bbox 768 3007 863 3069; x_wconf 88' lang='lat' dir='ltr'>quidem</span> <span class='ocrx_word' id='word_1_208' title='bbox 884 3007 954 3055; x_wconf 92' lang='lat' dir='ltr'>nobis</span> <span class='ocrx_word' id='word_1_209' title='bbox 974 3005 1108 3069; x_wconf 85' lang='lat' dir='ltr'>loquentes,</span> <span class='ocrx_word' id='word_1_210' title='bbox 1127 3006 1252 3056; x_wconf 83' lang='lat' dir='ltr'>dissimilia</span> <span class='ocrx_word' id='word_1_211' title='bbox 1270 3022 1326 3058; x_wconf 81' lang='lat' dir='ltr'>vero</span> 
     </span>
     <span class='ocr_line' id='line_1_26' title="bbox 137 3074 1049 3137; baseline -0.013 -4"><span class='ocrx_word' id='word_1_212' title='bbox 137 3082 175 3133; x_wconf 76' lang='lat' dir='ltr'>dli</span> <span class='ocrx_word' id='word_1_213' title='bbox 202 3076 341 3136; x_wconf 78' lang='lat' dir='ltr'>caritati,“</span> <span class='ocrx_word' id='word_1_214' title='bbox 368 3076 391 3123; x_wconf 88' lang='lat' dir='ltr'>id</span> <span class='ocrx_word' id='word_1_215' title='bbox 417 3083 453 3123; x_wconf 88' lang='lat' dir='ltr'>est</span> <span class='ocrx_word' id='word_1_216' title='bbox 479 3076 584 3137; x_wconf 85' lang='lat' dir='ltr'>speeiem</span> <span class='ocrx_word' id='word_1_217' title='bbox 611 3076 716 3123; x_wconf 84' lang='lat' dir='ltr'>caritatis</span> <span class='ocrx_word' id='word_1_218' title='bbox 766 3075 925 3122; x_wconf 85' lang='lat' dir='ltr'>sentientes.“</span> <span class='ocrx_word' id='word_1_219' title='bbox 944 3074 1049 3133; x_wconf 74' lang='lat' dir='ltr'>(Rigaltl</span> 
     </span>
     <span class='ocr_line' id='line_1_27' title="bbox 138 3136 1327 3206; baseline -0.006 -9"><span class='ocrx_word' id='word_1_220' title='bbox 138 3150 299 3201; x_wconf 61' lang='lat' dir='ltr'>efflantes,</span> <span class='ocrx_word' id='word_1_221' title='bbox 319 3156 382 3206; x_wconf 88' lang='lat' dir='ltr'>quae</span> <span class='ocrx_word' id='word_1_222' title='bbox 401 3145 452 3204; x_wconf 88' lang='lat' dir='ltr'>ipsa</span> <span class='ocrx_word' id='word_1_223' title='bbox 472 3143 549 3190; x_wconf 89' lang='lat' dir='ltr'>lacilis</span> <span class='ocrx_word' id='word_1_224' title='bbox 568 3145 612 3199; x_wconf 79' lang='lat' dir='ltr'>cist,</span> <span class='ocrx_word' id='word_1_225' title='bbox 640 3143 648 3189; x_wconf 97' lang='lat' dir='ltr'>l</span> <span class='ocrx_word' id='word_1_226' title='bbox 668 3143 716 3190; x_wconf 86' lang='lat' dir='ltr'>Co·</span> <span class='ocrx_word' id='word_1_227' title='bbox 801 3155 822 3189; x_wconf 95' lang='lat' dir='ltr'>r.</span> <span class='ocrx_word' id='word_1_228' title='bbox 842 3150 928 3200; x_wconf 76' lang='lat' dir='ltr'>negant</span> <span class='ocrx_word' id='word_1_229' title='bbox 946 3141 1058 3203; x_wconf 88' lang='lat' dir='ltr'>quicquid</span> <span class='ocrx_word' id='word_1_230' title='bbox 1077 3136 1230 3203; x_wconf 74' lang='lat' dir='ltr'>agnoscunt]</span> <span class='ocrx_word' id='word_1_231' title='bbox 1253 3142 1327 3199; x_wconf 79' lang='lat' dir='ltr'>ouie-</span> 
     </span>
     <span class='ocr_line' id='line_1_28' title="bbox 139 3206 1329 3272; baseline -0.007 -7"><span class='ocrx_word' id='word_1_232' title='bbox 139 3215 214 3265; x_wconf 65' lang='lat' dir='ltr'>stata</span> <span class='ocrx_word' id='word_1_233' title='bbox 229 3211 273 3262; x_wconf 78' lang='lat'>1³.</span> <span class='ocrx_word' id='word_1_234' title='bbox 295 3218 319 3259; x_wconf 90' lang='lat' dir='ltr'>at</span> <span class='ocrx_word' id='word_1_235' title='bbox 340 3211 526 3258; x_wconf 76' lang='lat' dir='ltr'>circumveniant</span> <span class='ocrx_word' id='word_1_236' title='bbox 544 3209 647 3258; x_wconf 76' lang='lat' dir='ltr'>facilem.</span> <span class='ocrx_word' id='word_1_237' title='bbox 666 3207 715 3268; x_wconf 77' lang='lat' dir='ltr'>(Fr.</span> <span class='ocrx_word' id='word_1_238' title='bbox 768 3207 824 3268; x_wconf 90' lang='lat' dir='ltr'>quid</span> <span class='ocrx_word' id='word_1_239' title='bbox 843 3206 936 3255; x_wconf 88' lang='lat' dir='ltr'>scilicet</span> <span class='ocrx_word' id='word_1_240' title='bbox 954 3216 1085 3266; x_wconf 78' lang='lat' dir='ltr'>agnoscunt</span> <span class='ocrx_word' id='word_1_241' title='bbox 1104 3207 1166 3255; x_wconf 89' lang='lat' dir='ltr'>scire</span> <span class='ocrx_word' id='word_1_242' title='bbox 1184 3208 1329 3272; x_wconf 85' lang='lat' dir='ltr'>sedeipao·</span> 
     </span>
     <span class='ocr_line' id='line_1_29' title="bbox 142 3274 1091 3337; baseline -0.013 -6"><span class='ocrx_word' id='word_1_243' title='bbox 142 3280 247 3337; x_wconf 69' lang='lat' dir='ltr'>tantae)</span> <span class='ocrx_word' id='word_1_244' title='bbox 278 3278 390 3326; x_wconf 80' lang='lat' dir='ltr'>Fratrum</span> <span class='ocrx_word' id='word_1_245' title='bbox 409 3276 576 3335; x_wconf 84' lang='lat' dir='ltr'>scilicet,sioe</span> <span class='ocrx_word' id='word_1_246' title='bbox 594 3276 715 3336; x_wconf 65' lang='lat' dir='ltr'>bdelium</span> <span class='ocrx_word' id='word_1_247' title='bbox 768 3287 821 3321; x_wconf 85' lang='lat' dir='ltr'>rum</span> <span class='ocrx_word' id='word_1_248' title='bbox 841 3276 967 3334; x_wconf 68' lang='lat' dir='ltr'>mysteriis.</span> <span class='ocrx_word' id='word_1_249' title='bbox 987 3274 1091 3333; x_wconf 75' lang='lat' dir='ltr'>(Rigalt.)</span> 
     </span>
     <span class='ocr_line' id='line_1_30' title="bbox 143 3340 1327 3409; baseline -0.006 -12"><span class='ocrx_word' id='word_1_250' title='bbox 143 3348 177 3397; x_wconf 77' lang='lat' dir='ltr'>tal</span> <span class='ocrx_word' id='word_1_251' title='bbox 201 3348 291 3409; x_wconf 79' lang='lat' dir='ltr'>potina</span> <span class='ocrx_word' id='word_1_252' title='bbox 315 3344 404 3392; x_wconf 86' lang='lat' dir='ltr'>caritas</span> <span class='ocrx_word' id='word_1_253' title='bbox 429 3343 515 3401; x_wconf 78' lang='lat' dir='ltr'>facilis,</span> <span class='ocrx_word' id='word_1_254' title='bbox 547 3357 609 3406; x_wconf 86' lang='lat' dir='ltr'>quae</span> <span class='ocrx_word' id='word_1_255' title='bbox 635 3343 715 3390; x_wconf 90' lang='lat' dir='ltr'>omnia</span> <span class='ocrx_word' id='word_1_256' title='bbox 801 3355 821 3387; x_wconf 89' lang='lat' dir='ltr'>s.</span> <span class='ocrx_word' id='word_1_257' title='bbox 841 3342 866 3388; x_wconf 90' lang='lat' dir='ltr'>Si</span> <span class='ocrx_word' id='word_1_258' title='bbox 886 3342 995 3388; x_wconf 89' lang='lat' dir='ltr'>cominus</span> <span class='ocrx_word' id='word_1_259' title='bbox 1015 3350 1101 3398; x_wconf 79' lang='lat' dir='ltr'>certes,</span> <span class='ocrx_word' id='word_1_260' title='bbox 1126 3348 1189 3388; x_wconf 91' lang='lat' dir='ltr'>tuam</span> <span class='ocrx_word' id='word_1_261' title='bbox 1209 3340 1327 3404; x_wconf 85' lang='lat' dir='ltr'>simplici·</span> 
     </span>
     <span class='ocr_line' id='line_1_31' title="bbox 145 3403 1328 3471; baseline -0.006 -7"><span class='ocrx_word' id='word_1_262' title='bbox 145 3416 246 3471; x_wconf 70' lang='lat' dir='ltr'>suffert,</span> <span class='ocrx_word' id='word_1_263' title='bbox 284 3412 366 3459; x_wconf 90' lang='lat' dir='ltr'>omnia</span> <span class='ocrx_word' id='word_1_264' title='bbox 401 3411 482 3458; x_wconf 85' lang='lat' dir='ltr'>credit</span> <span class='ocrx_word' id='word_1_265' title='bbox 518 3408 715 3459; x_wconf 81' lang='lat' dir='ltr'>lCorintlr.13.</span> <span class='ocrx_word' id='word_1_266' title='bbox 766 3414 839 3455; x_wconf 85' lang='lat' dir='ltr'>tatem</span> <span class='ocrx_word' id='word_1_267' title='bbox 858 3403 1163 3470; x_wconf 79' lang='lat' dir='ltr'>sttacaededisperguntl</span> <span class='ocrx_word' id='word_1_268' title='bbox 1183 3408 1328 3457; x_wconf 87' lang='lat' dir='ltr'>Sicominaa</span> 
     </span>
     <span class='ocr_line' id='line_1_32' title="bbox 147 3473 1379 3542; baseline -0.001 -18"><span class='ocrx_word' id='word_1_269' title='bbox 147 3482 254 3542; x_wconf 59' lang='lat' dir='ltr'>(ligata)</span> <span class='ocrx_word' id='word_1_270' title='bbox 767 3473 913 3522; x_wconf 81' lang='lat' dir='ltr'>decertando</span> <span class='ocrx_word' id='word_1_271' title='bbox 947 3475 1046 3522; x_wconf 83' lang='lat' dir='ltr'>rationis</span> <span class='ocrx_word' id='word_1_272' title='bbox 1080 3482 1103 3520; x_wconf 87' lang='lat' dir='ltr'>ct</span> <span class='ocrx_word' id='word_1_273' title='bbox 1132 3482 1328 3534; x_wconf 76' lang='lat' dir='ltr'>argumentorum</span> <span class='ocrx_word' id='word_1_274' title='bbox 1373 3486 1379 3498; x_wconf 91' lang='lat'><strong>·</strong></span> 
     </span>
     <span class='ocr_line' id='line_1_33' title="bbox 181 3532 1329 3606; baseline -0.006 -9"><span class='ocrx_word' id='word_1_275' title='bbox 181 3562 205 3597; x_wconf 84' lang='grc' dir='ltr'>ι.</span> <span class='ocrx_word' id='word_1_276' title='bbox 223 3561 254 3595; x_wconf 78' lang='grc' dir='ltr'>ει</span> <span class='ocrx_word' id='word_1_277' title='bbox 283 3545 376 3594; x_wconf 88' lang='lat' dir='ltr'>diriuae</span> <span class='ocrx_word' id='word_1_278' title='bbox 402 3544 486 3606; x_wconf 81' lang='lat' dir='ltr'>copiae</span> <span class='ocrx_word' id='word_1_279' title='bbox 504 3541 644 3604; x_wconf 84' lang='lat' dir='ltr'>occasione]</span> <span class='ocrx_word' id='word_1_280' title='bbox 671 3543 716 3591; x_wconf 86' lang='lat' dir='ltr'>Sa·</span> <span class='ocrx_word' id='word_1_281' title='bbox 766 3532 921 3603; x_wconf 49' lang='lat' dir='ltr'>simplicit&amp;</span> <span class='ocrx_word' id='word_1_282' title='bbox 939 3541 1052 3588; x_wconf 82' lang='lat' dir='ltr'>adversus</span> <span class='ocrx_word' id='word_1_283' title='bbox 1076 3554 1120 3589; x_wconf 89' lang='lat' dir='ltr'>eos</span> <span class='ocrx_word' id='word_1_284' title='bbox 1144 3542 1233 3603; x_wconf 87' lang='lat' dir='ltr'>aliquid</span> <span class='ocrx_word' id='word_1_285' title='bbox 1253 3543 1329 3603; x_wconf 87' lang='lat' dir='ltr'>proil-</span> 
     </span>
     <span class='ocr_line' id='line_1_34' title="bbox 152 3608 1328 3673; baseline -0.005 -10"><span class='ocrx_word' id='word_1_286' title='bbox 152 3628 244 3663; x_wconf 79' lang='lat' dir='ltr'>taarum</span> <span class='ocrx_word' id='word_1_287' title='bbox 266 3622 444 3673; x_wconf 79' lang='lat' dir='ltr'>scripturarum</span> <span class='ocrx_word' id='word_1_288' title='bbox 469 3612 561 3672; x_wconf 89' lang='lat' dir='ltr'>copiam</span> <span class='ocrx_word' id='word_1_289' title='bbox 589 3611 716 3669; x_wconf 76' lang='lat' dir='ltr'>significat,</span> <span class='ocrx_word' id='word_1_290' title='bbox 768 3621 823 3656; x_wconf 87' lang='lat' dir='ltr'>cere</span> <span class='ocrx_word' id='word_1_291' title='bbox 841 3615 863 3654; x_wconf 90' lang='lat' dir='ltr'>te</span> <span class='ocrx_word' id='word_1_292' title='bbox 882 3616 961 3669; x_wconf 84' lang='lat' dir='ltr'>putas,</span> <span class='ocrx_word' id='word_1_293' title='bbox 989 3609 1049 3654; x_wconf 79' lang='lat' dir='ltr'>lianc</span> <span class='ocrx_word' id='word_1_294' title='bbox 1067 3614 1131 3654; x_wconf 92' lang='lat' dir='ltr'>tuam</span> <span class='ocrx_word' id='word_1_295' title='bbox 1150 3608 1328 3670; x_wconf 86' lang='lat' dir='ltr'>simplicitatem</span> 
     </span>
     <span class='ocr_line' id='line_1_35' title="bbox 153 3675 1328 3741; baseline -0.005 -11"><span class='ocrx_word' id='word_1_296' title='bbox 153 3684 198 3729; x_wconf 80' lang='lat' dir='ltr'>aira</span> <span class='ocrx_word' id='word_1_297' title='bbox 215 3689 242 3729; x_wconf 87' lang='lat' dir='ltr'>at</span> <span class='ocrx_word' id='word_1_298' title='bbox 258 3680 473 3741; x_wconf 85' lang='lat' dir='ltr'>ipseloquiamat,</span> <span class='ocrx_word' id='word_1_299' title='bbox 492 3678 637 3725; x_wconf 88' lang='lat' dir='ltr'>latitudines.</span> <span class='ocrx_word' id='word_1_300' title='bbox 663 3678 715 3734; x_wconf 86' lang='lat' dir='ltr'>Quo</span> <span class='ocrx_word' id='word_1_301' title='bbox 767 3675 858 3724; x_wconf 88' lang='lat' dir='ltr'>irritum</span> <span class='ocrx_word' id='word_1_302' title='bbox 878 3675 976 3732; x_wconf 82' lang='lat' dir='ltr'>iaciunt,</span> <span class='ocrx_word' id='word_1_303' title='bbox 995 3675 1050 3721; x_wconf 93' lang='lat' dir='ltr'>dum</span> <span class='ocrx_word' id='word_1_304' title='bbox 1070 3689 1140 3722; x_wconf 88' lang='lat' dir='ltr'>omne</span> <span class='ocrx_word' id='word_1_305' title='bbox 1159 3676 1328 3737; x_wconf 85' lang='lat' dir='ltr'>disputationis</span> 
     </span>
     <span class='ocr_line' id='line_1_36' title="bbox 155 3740 1327 3807; baseline -0.005 -10"><span class='ocrx_word' id='word_1_306' title='bbox 155 3762 224 3796; x_wconf 83' lang='lat' dir='ltr'>aeaaa</span> <span class='ocrx_word' id='word_1_307' title='bbox 255 3747 300 3794; x_wconf 85' lang='lat' dir='ltr'>lab.</span> <span class='ocrx_word' id='word_1_308' title='bbox 327 3746 360 3792; x_wconf 90' lang='lat' dir='ltr'>lle</span> <span class='ocrx_word' id='word_1_309' title='bbox 379 3746 484 3805; x_wconf 84' lang='lat' dir='ltr'>Spectat.</span> <span class='ocrx_word' id='word_1_310' title='bbox 509 3741 573 3806; x_wconf 86' lang='lat' dir='ltr'>[cap.</span> <span class='ocrx_word' id='word_1_311' title='bbox 585 3740 612 3807; x_wconf 87' lang='lat'>3]</span> <span class='ocrx_word' id='word_1_312' title='bbox 639 3744 715 3800; x_wconf 85' lang='lat' dir='ltr'>„Late</span> <span class='ocrx_word' id='word_1_313' title='bbox 767 3740 902 3804; x_wconf 87' lang='lat' dir='ltr'>periculum</span> <span class='ocrx_word' id='word_1_314' title='bbox 934 3740 1063 3797; x_wconf 87' lang='lat' dir='ltr'>declinant,</span> <span class='ocrx_word' id='word_1_315' title='bbox 1093 3756 1119 3789; x_wconf 85' lang='lat' dir='ltr'>se</span> <span class='ocrx_word' id='word_1_316' title='bbox 1150 3742 1191 3789; x_wconf 89' lang='lat' dir='ltr'>tibi</span> <span class='ocrx_word' id='word_1_317' title='bbox 1221 3743 1327 3805; x_wconf 88' lang='lat' dir='ltr'>impares</span> 
     </span>
     <span class='ocr_line' id='line_1_37' title="bbox 156 3808 1328 3876; baseline -0.004 -13"><span class='ocrx_word' id='word_1_318' title='bbox 156 3822 231 3863; x_wconf 66' lang='lat' dir='ltr'>{aaa</span> <span class='ocrx_word' id='word_1_319' title='bbox 249 3826 352 3876; x_wconf 77' lang='lat' dir='ltr'>semper</span> <span class='ocrx_word' id='word_1_320' title='bbox 365 3814 483 3875; x_wconf 87' lang='lat' dir='ltr'>scriptura</span> <span class='ocrx_word' id='word_1_321' title='bbox 503 3813 579 3859; x_wconf 77' lang='lat' dir='ltr'>divitia</span> <span class='ocrx_word' id='word_1_322' title='bbox 597 3811 717 3869; x_wconf 82' lang='lat' dir='ltr'>diuiditur,</span> <span class='ocrx_word' id='word_1_323' title='bbox 767 3809 820 3856; x_wconf 87' lang='lat' dir='ltr'>lore</span> <span class='ocrx_word' id='word_1_324' title='bbox 839 3808 945 3867; x_wconf 85' lang='lat' dir='ltr'>latendo,</span> <span class='ocrx_word' id='word_1_325' title='bbox 972 3815 994 3855; x_wconf 86' lang='lat' dir='ltr'>ct</span> <span class='ocrx_word' id='word_1_326' title='bbox 1013 3809 1080 3870; x_wconf 84' lang='lat' dir='ltr'>quasi</span> <span class='ocrx_word' id='word_1_327' title='bbox 1100 3823 1184 3856; x_wconf 87' lang='lat' dir='ltr'>caesos</span> <span class='ocrx_word' id='word_1_328' title='bbox 1208 3809 1254 3856; x_wconf 90' lang='lat' dir='ltr'>iam</span> <span class='ocrx_word' id='word_1_329' title='bbox 1273 3816 1328 3858; x_wconf 80' lang='lat' dir='ltr'>aute</span> 
     </span>
     <span class='ocr_line' id='line_1_38' title="bbox 157 3876 1329 3943; baseline -0.003 -13"><span class='ocrx_word' id='word_1_330' title='bbox 157 3878 444 3943; x_wconf 58' lang='lat' dir='ltr'>ffliuaqaesecundum</span> <span class='ocrx_word' id='word_1_331' title='bbox 463 3879 596 3940; x_wconf 81' lang='lat' dir='ltr'>praesentis</span> <span class='ocrx_word' id='word_1_332' title='bbox 615 3879 717 3926; x_wconf 87' lang='lat' dir='ltr'>rcisen-</span> <span class='ocrx_word' id='word_1_333' title='bbox 767 3889 881 3938; x_wconf 75' lang='lat' dir='ltr'>pugnam.</span> <span class='ocrx_word' id='word_1_334' title='bbox 916 3876 1050 3937; x_wconf 76' lang='lat' dir='ltr'>Disperpere</span> <span class='ocrx_word' id='word_1_335' title='bbox 1074 3890 1118 3936; x_wconf 90' lang='lat' dir='ltr'>pro</span> <span class='ocrx_word' id='word_1_336' title='bbox 1137 3877 1229 3924; x_wconf 87' lang='lat' dir='ltr'>irritum</span> <span class='ocrx_word' id='word_1_337' title='bbox 1248 3876 1329 3926; x_wconf 81' lang='lat' dir='ltr'>lacera</span> 
     </span>
     <span class='ocr_line' id='line_1_39' title="bbox 158 3942 1328 4005; baseline -0.004 -9"><span class='ocrx_word' id='word_1_338' title='bbox 158 3958 206 3996; x_wconf 73' lang='grc' dir='ltr'>ιι</span> <span class='ocrx_word' id='word_1_339' title='bbox 222 3949 296 3996; x_wconf 68' lang='lat' dir='ltr'>aiam</span> <span class='ocrx_word' id='word_1_340' title='bbox 316 3945 445 4005; x_wconf 80' lang='lat' dir='ltr'>disciplina</span> <span class='ocrx_word' id='word_1_341' title='bbox 465 3946 596 3993; x_wconf 85' lang='lat' dir='ltr'>munitur.“</span> <span class='ocrx_word' id='word_1_342' title='bbox 629 3945 657 3992; x_wconf 76' lang='lat' dir='ltr'>e‘t</span> <span class='ocrx_word' id='word_1_343' title='bbox 676 3944 716 3992; x_wconf 92' lang='lat' dir='ltr'>lib.</span> <span class='ocrx_word' id='word_1_344' title='bbox 768 3956 845 4005; x_wconf 85' lang='lat' dir='ltr'>acque</span> <span class='ocrx_word' id='word_1_345' title='bbox 862 3943 944 4003; x_wconf 89' lang='lat' dir='ltr'>posuit</span> <span class='ocrx_word' id='word_1_346' title='bbox 961 3942 1029 4003; x_wconf 79' lang='lat' dir='ltr'>spot.</span> <span class='ocrx_word' id='word_1_347' title='bbox 1050 3942 1127 4004; x_wconf 79' lang='lat' dir='ltr'>capb</span> <span class='ocrx_word' id='word_1_348' title='bbox 1152 3944 1206 4000; x_wconf 83' lang='lat' dir='ltr'>„sic</span> <span class='ocrx_word' id='word_1_349' title='bbox 1229 3951 1255 3991; x_wconf 89' lang='lat' dir='ltr'>ut</span> <span class='ocrx_word' id='word_1_350' title='bbox 1279 3957 1328 3992; x_wconf 88' lang='lat' dir='ltr'>uon</span> 
     </span>
     <span class='ocr_line' id='line_1_40' title="bbox 159 4007 1328 4073; baseline -0.003 -12"><span class='ocrx_word' id='word_1_351' title='bbox 159 4012 306 4063; x_wconf 66' lang='lat' dir='ltr'>umnec.</span> <span class='ocrx_word' id='word_1_352' title='bbox 317 4012 413 4060; x_wconf 85' lang='lat' dir='ltr'>llacret.</span> <span class='ocrx_word' id='word_1_353' title='bbox 432 4007 496 4073; x_wconf 86' lang='lat' dir='ltr'>[cap.</span> <span class='ocrx_word' id='word_1_354' title='bbox 507 4010 550 4072; x_wconf 81' lang='lat'>391</span> <span class='ocrx_word' id='word_1_355' title='bbox 571 4012 617 4067; x_wconf 85' lang='lat' dir='ltr'>„Et</span> <span class='ocrx_word' id='word_1_356' title='bbox 636 4012 718 4073; x_wconf 83' lang='lat' dir='ltr'>utique</span> <span class='ocrx_word' id='word_1_357' title='bbox 768 4010 848 4071; x_wconf 87' lang='lat' dir='ltr'>palam</span> <span class='ocrx_word' id='word_1_358' title='bbox 867 4009 896 4055; x_wconf 91' lang='lat' dir='ltr'>ab</span> <span class='ocrx_word' id='word_1_359' title='bbox 920 4009 1039 4057; x_wconf 88' lang='lat' dir='ltr'>eiusmodi</span> <span class='ocrx_word' id='word_1_360' title='bbox 1064 4010 1200 4058; x_wconf 90' lang='lat' dir='ltr'>bominibus</span> <span class='ocrx_word' id='word_1_361' title='bbox 1225 4024 1328 4071; x_wconf 86' lang='lat' dir='ltr'>poenam</span> 
     </span>
     <span class='ocr_line' id='line_1_41' title="bbox 162 4075 1327 4140; baseline -0.003 -10"><span class='ocrx_word' id='word_1_362' title='bbox 162 4080 281 4131; x_wconf 76' lang='lat' dir='ltr'>leuadior</span> <span class='ocrx_word' id='word_1_363' title='bbox 299 4080 378 4129; x_wconf 74' lang='lat' dir='ltr'>diuina</span> <span class='ocrx_word' id='word_1_364' title='bbox 392 4079 522 4126; x_wconf 85' lang='lat' dir='ltr'>litteratura</span> <span class='ocrx_word' id='word_1_365' title='bbox 535 4080 563 4126; x_wconf 86' lang='lat' dir='ltr'>ad</span> <span class='ocrx_word' id='word_1_366' title='bbox 579 4079 715 4127; x_wconf 73' lang='lat' dir='ltr'>facultatem</span> <span class='ocrx_word' id='word_1_367' title='bbox 768 4076 875 4133; x_wconf 83' lang='lat' dir='ltr'>dimovit,</span> <span class='ocrx_word' id='word_1_368' title='bbox 899 4078 929 4123; x_wconf 88' lang='lat' dir='ltr'>ita</span> <span class='ocrx_word' id='word_1_369' title='bbox 949 4075 996 4123; x_wconf 89' lang='lat' dir='ltr'>alio</span> <span class='ocrx_word' id='word_1_370' title='bbox 1015 4076 1087 4123; x_wconf 92' lang='lat' dir='ltr'>modo</span> <span class='ocrx_word' id='word_1_371' title='bbox 1112 4076 1190 4138; x_wconf 87' lang='lat' dir='ltr'>palam</span> <span class='ocrx_word' id='word_1_372' title='bbox 1210 4078 1327 4140; x_wconf 83' lang='lat' dir='ltr'>dispersit,</span> 
     </span>
     <span class='ocr_line' id='line_1_42' title="bbox 163 4143 1329 4213; baseline -0.005 -15"><span class='ocrx_word' id='word_1_373' title='bbox 163 4147 272 4213; x_wconf 60' lang='lat' dir='ltr'>daque</span> <span class='ocrx_word' id='word_1_374' title='bbox 289 4147 433 4195; x_wconf 75' lang='lat' dir='ltr'>materiae‘·</span> <span class='ocrx_word' id='word_1_375' title='bbox 451 4146 556 4206; x_wconf 72' lang='lat' dir='ltr'>(Rigalt.)</span> <span class='ocrx_word' id='word_1_376' title='bbox 768 4144 859 4191; x_wconf 89' lang='lat' dir='ltr'>adiecta</span> <span class='ocrx_word' id='word_1_377' title='bbox 879 4143 949 4190; x_wconf 88' lang='lat' dir='ltr'>ctiam</span> <span class='ocrx_word' id='word_1_378' title='bbox 969 4143 1148 4191; x_wconf 85' lang='lat' dir='ltr'>accusatoribus</span> <span class='ocrx_word' id='word_1_379' title='bbox 1167 4144 1329 4201; x_wconf 85' lang='lat' dir='ltr'>damnatione,</span> 
     </span>
     <span class='ocr_line' id='line_1_43' title="bbox 192 4209 1329 4278; baseline -0.004 -15"><span class='ocrx_word' id='word_1_380' title='bbox 192 4229 213 4264; x_wconf 91' lang='lat' dir='ltr'>a.</span> <span class='ocrx_word' id='word_1_381' title='bbox 237 4216 294 4278; x_wconf 83' lang='lat' dir='ltr'>quia</span> <span class='ocrx_word' id='word_1_382' title='bbox 320 4214 351 4260; x_wconf 88' lang='lat' dir='ltr'>de</span> <span class='ocrx_word' id='word_1_383' title='bbox 377 4211 458 4259; x_wconf 79' lang='lat' dir='ltr'>miultis</span> <span class='ocrx_word' id='word_1_384' title='bbox 489 4214 563 4260; x_wconf 87' lang='lat' dir='ltr'>multa</span> <span class='ocrx_word' id='word_1_385' title='bbox 587 4212 718 4260; x_wconf 85' lang='lat' dir='ltr'>succedere</span> <span class='ocrx_word' id='word_1_386' title='bbox 769 4218 792 4259; x_wconf 87' lang='lat' dir='ltr'>et</span> <span class='ocrx_word' id='word_1_387' title='bbox 817 4210 913 4272; x_wconf 86' lang='lat' dir='ltr'>quidem</span> <span class='ocrx_word' id='word_1_388' title='bbox 938 4209 1063 4257; x_wconf 83' lang='lat' dir='ltr'>tetrior·e.“</span> <span class='ocrx_word' id='word_1_389' title='bbox 1109 4210 1150 4258; x_wconf 89' lang='lat' dir='ltr'>Sic</span> <span class='ocrx_word' id='word_1_390' title='bbox 1172 4212 1235 4273; x_wconf 92' lang='lat' dir='ltr'>apud</span> <span class='ocrx_word' id='word_1_391' title='bbox 1260 4210 1329 4259; x_wconf 81' lang='lat' dir='ltr'>lCtoa</span> 
     </span>
     <span class='ocr_line' id='line_1_44' title="bbox 164 4276 1330 4345; baseline -0.004 -16"><span class='ocrx_word' id='word_1_392' title='bbox 164 4276 205 4345; x_wconf 65' lang='lat' dir='ltr'>aa]</span> <span class='ocrx_word' id='word_1_393' title='bbox 221 4282 284 4331; x_wconf 80' lang='lat' dir='ltr'>Prae</span> <span class='ocrx_word' id='word_1_394' title='bbox 302 4283 374 4342; x_wconf 90' lang='lat' dir='ltr'>copia</span> <span class='ocrx_word' id='word_1_395' title='bbox 394 4281 462 4327; x_wconf 77' lang='lat' dir='ltr'>facile</span> <span class='ocrx_word' id='word_1_396' title='bbox 481 4289 517 4328; x_wconf 85' lang='lat' dir='ltr'>est</span> <span class='ocrx_word' id='word_1_397' title='bbox 535 4282 607 4336; x_wconf 86' lang='lat' dir='ltr'>lactu,</span> <span class='ocrx_word' id='word_1_398' title='bbox 629 4287 653 4327; x_wconf 93' lang='lat' dir='ltr'>ut</span> <span class='ocrx_word' id='word_1_399' title='bbox 672 4279 717 4327; x_wconf 90' lang='lat' dir='ltr'>alia</span> <span class='ocrx_word' id='word_1_400' title='bbox 768 4279 921 4340; x_wconf 75' lang='lat' dir='ltr'>„disperpcre</span> <span class='ocrx_word' id='word_1_401' title='bbox 939 4277 1145 4335; x_wconf 86' lang='lat' dir='ltr'>matrimonium,“</span> <span class='ocrx_word' id='word_1_402' title='bbox 1172 4279 1186 4325; x_wconf 91' lang='lat' dir='ltr'>i.</span> <span class='ocrx_word' id='word_1_403' title='bbox 1198 4292 1220 4325; x_wconf 86' lang='lat' dir='ltr'>e.</span> <span class='ocrx_word' id='word_1_404' title='bbox 1239 4276 1330 4326; x_wconf 81' lang='lat' dir='ltr'>dissol-</span> 
     </span>
     <span class='ocr_line' id='line_1_45' title="bbox 166 4344 1329 4407; baseline -0.005 -10"><span class='ocrx_word' id='word_1_405' title='bbox 166 4346 211 4397; x_wconf 73' lang='lat' dir='ltr'>tli&#39;·</span> <span class='ocrx_word' id='word_1_406' title='bbox 227 4349 369 4405; x_wconf 77' lang='lat' dir='ltr'>aasecdant,</span> <span class='ocrx_word' id='word_1_407' title='bbox 388 4355 412 4394; x_wconf 88' lang='lat' dir='ltr'>ct</span> <span class='ocrx_word' id='word_1_408' title='bbox 430 4362 473 4407; x_wconf 80' lang='lat' dir='ltr'>per</span> <span class='ocrx_word' id='word_1_409' title='bbox 490 4350 552 4395; x_wconf 80' lang='lat' dir='ltr'>vices</span> <span class='ocrx_word' id='word_1_410' title='bbox 570 4348 718 4394; x_wconf 71' lang='lat' dir='ltr'>strltstituau-</span> <span class='ocrx_word' id='word_1_411' title='bbox 769 4360 832 4394; x_wconf 84' lang='lat' dir='ltr'>rere.</span> <span class='ocrx_word' id='word_1_412' title='bbox 858 4344 972 4404; x_wconf 76' lang='lat' dir='ltr'>llrgaltius</span> <span class='ocrx_word' id='word_1_413' title='bbox 984 4344 1202 4403; x_wconf 76' lang='lat' dir='ltr'>figmentumsuum</span> <span class='ocrx_word' id='word_1_414' title='bbox 1221 4345 1329 4402; x_wconf 81' lang='lat' dir='ltr'>„lateam</span> 
     </span>
     <span class='ocr_line' id='line_1_46' title="bbox 166 4411 1329 4479; baseline -0.004 -16"><span class='ocrx_word' id='word_1_415' title='bbox 166 4416 326 4479; x_wconf 60' lang='lat' dir='ltr'>hylariae.</span> <span class='ocrx_word' id='word_1_416' title='bbox 344 4413 505 4469; x_wconf 70' lang='lat' dir='ltr'>{inluniae}</span> <span class='ocrx_word' id='word_1_417' title='bbox 539 4416 572 4462; x_wconf 76' lang='lat' dir='ltr'>ln</span> <span class='ocrx_word' id='word_1_418' title='bbox 591 4415 717 4471; x_wconf 80' lang='lat' dir='ltr'>succidere,</span> <span class='ocrx_word' id='word_1_419' title='bbox 769 4412 948 4474; x_wconf 84' lang='lat' dir='ltr'>simplicitatem</span> <span class='ocrx_word' id='word_1_420' title='bbox 967 4426 1009 4458; x_wconf 89' lang='lat' dir='ltr'>suu</span> <span class='ocrx_word' id='word_1_421' title='bbox 1023 4411 1096 4458; x_wconf 84' lang='lat' dir='ltr'>caede</span> <span class='ocrx_word' id='word_1_422' title='bbox 1115 4411 1273 4473; x_wconf 75' lang='lat' dir='ltr'>dispergunt“</span> <span class='ocrx_word' id='word_1_423' title='bbox 1292 4411 1329 4459; x_wconf 86' lang='lat' dir='ltr'>bia</span> 
     </span>
     <span class='ocr_line' id='line_1_47' title="bbox 167 4480 1328 4541; baseline -0.003 -12"><span class='ocrx_word' id='word_1_424' title='bbox 167 4485 372 4533; x_wconf 57' lang='lat' dir='ltr'>damarim?</span> <span class='ocrx_word' id='word_1_425' title='bbox 401 4483 424 4529; x_wconf 92' lang='lat' dir='ltr'>iu</span> <span class='ocrx_word' id='word_1_426' title='bbox 450 4482 511 4529; x_wconf 82' lang='lat' dir='ltr'>alios</span> <span class='ocrx_word' id='word_1_427' title='bbox 535 4482 628 4531; x_wconf 82' lang='lat' dir='ltr'>scincet</span> <span class='ocrx_word' id='word_1_428' title='bbox 653 4495 718 4529; x_wconf 87' lang='lat' dir='ltr'>usna.</span> <span class='ocrx_word' id='word_1_429' title='bbox 770 4481 848 4528; x_wconf 85' lang='lat' dir='ltr'>rerbia</span> <span class='ocrx_word' id='word_1_430' title='bbox 867 4486 904 4525; x_wconf 87' lang='lat' dir='ltr'>cst</span> <span class='ocrx_word' id='word_1_431' title='bbox 921 4480 1104 4541; x_wconf 77' lang='lat' dir='ltr'>interpretatus:</span> <span class='ocrx_word' id='word_1_432' title='bbox 1123 4480 1328 4527; x_wconf 80' lang='lat' dir='ltr'>Sicomruuacer·</span> 
     </span>
     <span class='ocr_line' id='line_1_48' title="bbox 167 4544 1329 4611; baseline -0.006 -13"><span class='ocrx_word' id='word_1_433' title='bbox 167 4544 263 4611; x_wconf 66' lang='lat' dir='ltr'>fliflaltl</span> <span class='ocrx_word' id='word_1_434' title='bbox 298 4549 379 4597; x_wconf 87' lang='lat' dir='ltr'>llalina</span> <span class='ocrx_word' id='word_1_435' title='bbox 399 4551 524 4597; x_wconf 77' lang='lat' dir='ltr'>succidere.</span> <span class='ocrx_word' id='word_1_436' title='bbox 771 4555 817 4604; x_wconf 86' lang='lat' dir='ltr'>tes,</span> <span class='ocrx_word' id='word_1_437' title='bbox 836 4546 965 4594; x_wconf 84' lang='lat' dir='ltr'>caedentur</span> <span class='ocrx_word' id='word_1_438' title='bbox 983 4546 1088 4609; x_wconf 84' lang='lat' dir='ltr'>quidem,</span> <span class='ocrx_word' id='word_1_439' title='bbox 1107 4547 1149 4594; x_wconf 83' lang='lat' dir='ltr'>sed</span> <span class='ocrx_word' id='word_1_440' title='bbox 1169 4559 1267 4609; x_wconf 84' lang='lat' dir='ltr'>operam</span> <span class='ocrx_word' id='word_1_441' title='bbox 1286 4544 1329 4591; x_wconf 88' lang='lat' dir='ltr'>da-</span> 
     </span>
     <span class='ocr_line' id='line_1_49' title="bbox 193 4610 1329 4678; baseline -0.01 -12"><span class='ocrx_word' id='word_1_442' title='bbox 193 4630 215 4678; x_wconf 68' lang='lat' dir='ltr'>p.</span> <span class='ocrx_word' id='word_1_443' title='bbox 233 4626 350 4666; x_wconf 71' lang='lat' dir='ltr'>contrua</span> <span class='ocrx_word' id='word_1_444' title='bbox 375 4613 451 4674; x_wconf 80' lang='lat' dir='ltr'>valiat</span> <span class='ocrx_word' id='word_1_445' title='bbox 479 4616 503 4663; x_wconf 91' lang='lat' dir='ltr'>ld</span> <span class='ocrx_word' id='word_1_446' title='bbox 528 4623 574 4673; x_wconf 83' lang='lat' dir='ltr'>cst,</span> <span class='ocrx_word' id='word_1_447' title='bbox 604 4615 636 4662; x_wconf 91' lang='lat' dir='ltr'>uti</span> <span class='ocrx_word' id='word_1_448' title='bbox 662 4614 719 4662; x_wconf 91' lang='lat' dir='ltr'>mibi</span> <span class='ocrx_word' id='word_1_449' title='bbox 770 4614 830 4662; x_wconf 89' lang='lat' dir='ltr'>bunt</span> <span class='ocrx_word' id='word_1_450' title='bbox 850 4621 874 4661; x_wconf 92' lang='lat' dir='ltr'>ut</span> <span class='ocrx_word' id='word_1_451' title='bbox 893 4627 919 4660; x_wconf 83' lang='lat' dir='ltr'>cr</span> <span class='ocrx_word' id='word_1_452' title='bbox 938 4627 981 4660; x_wconf 89' lang='lat' dir='ltr'>sua</span> <span class='ocrx_word' id='word_1_453' title='bbox 999 4614 1072 4661; x_wconf 86' lang='lat' dir='ltr'>caede</span> <span class='ocrx_word' id='word_1_454' title='bbox 1091 4613 1149 4661; x_wconf 87' lang='lat' dir='ltr'>nibil</span> <span class='ocrx_word' id='word_1_455' title='bbox 1168 4613 1231 4661; x_wconf 87' lang='lat' dir='ltr'>aliod</span> <span class='ocrx_word' id='word_1_456' title='bbox 1248 4610 1329 4669; x_wconf 70' lang='lat' dir='ltr'>colligi</span> 
     </span>
     <span class='ocr_line' id='line_1_50' title="bbox 169 4677 1329 4745; baseline -0.006 -12"><span class='ocrx_word' id='word_1_457' title='bbox 169 4682 257 4742; x_wconf 61' lang='lat' dir='ltr'>flur,</span> <span class='ocrx_word' id='word_1_458' title='bbox 274 4683 339 4732; x_wconf 81' lang='lat' dir='ltr'>saltu</span> <span class='ocrx_word' id='word_1_459' title='bbox 360 4691 484 4731; x_wconf 82' lang='lat' dir='ltr'>contracto</span> <span class='ocrx_word' id='word_1_460' title='bbox 502 4692 573 4745; x_wconf 74' lang='lat' dir='ltr'>atqcue</span> <span class='ocrx_word' id='word_1_461' title='bbox 593 4697 684 4730; x_wconf 80' lang='lat' dir='ltr'>severo.</span> <span class='ocrx_word' id='word_1_462' title='bbox 770 4688 841 4743; x_wconf 83' lang='lat' dir='ltr'>queat</span> <span class='ocrx_word' id='word_1_463' title='bbox 868 4680 914 4727; x_wconf 91' lang='lat' dir='ltr'>nisi</span> <span class='ocrx_word' id='word_1_464' title='bbox 940 4681 1005 4743; x_wconf 80' lang='lat' dir='ltr'>quod</span> <span class='ocrx_word' id='word_1_465' title='bbox 1032 4681 1080 4729; x_wconf 91' lang='lat' dir='ltr'>sint</span> <span class='ocrx_word' id='word_1_466' title='bbox 1108 4682 1172 4729; x_wconf 76' lang='lat' dir='ltr'>latete</span> <span class='ocrx_word' id='word_1_467' title='bbox 1198 4677 1329 4738; x_wconf 79' lang='lat' dir='ltr'>atnplieea.</span> 
     </span>
     <span class='ocr_line' id='line_1_51' title="bbox 194 4743 1330 4813; baseline -0.01 -12"><span class='ocrx_word' id='word_1_468' title='bbox 194 4764 215 4813; x_wconf 69' lang='lat' dir='ltr'>a.</span> <span class='ocrx_word' id='word_1_469' title='bbox 233 4766 388 4801; x_wconf 83' lang='lat' dir='ltr'>communem</span> <span class='ocrx_word' id='word_1_470' title='bbox 409 4752 478 4797; x_wconf 79' lang='lat' dir='ltr'>tidem</span> <span class='ocrx_word' id='word_1_471' title='bbox 498 4746 644 4811; x_wconf 71' lang='lat' dir='ltr'>adfirmant]</span> <span class='ocrx_word' id='word_1_472' title='bbox 668 4750 718 4797; x_wconf 86' lang='lat' dir='ltr'>lre-</span> <span class='ocrx_word' id='word_1_473' title='bbox 768 4748 867 4795; x_wconf 82' lang='lat' dir='ltr'>Summa</span> <span class='ocrx_word' id='word_1_474' title='bbox 887 4749 935 4795; x_wconf 88' lang='lat' dir='ltr'>illis</span> <span class='ocrx_word' id='word_1_475' title='bbox 952 4750 998 4797; x_wconf 85' lang='lat' dir='ltr'>crit</span> <span class='ocrx_word' id='word_1_476' title='bbox 1011 4763 1076 4807; x_wconf 85' lang='lat' dir='ltr'>cura,</span> <span class='ocrx_word' id='word_1_477' title='bbox 1094 4757 1120 4797; x_wconf 91' lang='lat' dir='ltr'>ut</span> <span class='ocrx_word' id='word_1_478' title='bbox 1134 4750 1198 4797; x_wconf 81' lang='lat' dir='ltr'>latua</span> <span class='ocrx_word' id='word_1_479' title='bbox 1207 4743 1330 4806; x_wconf 80' lang='lat' dir='ltr'>simplices</span> 
     </span>
     <span class='ocr_line' id='line_1_52' title="bbox 171 4814 1126 4881; baseline -0.004 -14"><span class='ocrx_word' id='word_1_480' title='bbox 171 4824 230 4867; x_wconf 66' lang='lat' dir='ltr'>heu</span> <span class='ocrx_word' id='word_1_481' title='bbox 258 4817 363 4881; x_wconf 81' lang='lat' dir='ltr'>[Contra</span> <span class='ocrx_word' id='word_1_482' title='bbox 397 4818 466 4866; x_wconf 87' lang='lat' dir='ltr'>llaer.</span> <span class='ocrx_word' id='word_1_483' title='bbox 491 4814 581 4881; x_wconf 78' lang='lat' dir='ltr'>Praei]</span> <span class='ocrx_word' id='word_1_484' title='bbox 612 4817 717 4877; x_wconf 80' lang='lat' dir='ltr'>„sinilia</span> <span class='ocrx_word' id='word_1_485' title='bbox 769 4816 855 4864; x_wconf 86' lang='lat' dir='ltr'>cadabt</span> <span class='ocrx_word' id='word_1_486' title='bbox 872 4816 953 4878; x_wconf 91' lang='lat' dir='ltr'>potius</span> <span class='ocrx_word' id='word_1_487' title='bbox 971 4830 1043 4880; x_wconf 88' lang='lat' dir='ltr'>quam</span> <span class='ocrx_word' id='word_1_488' title='bbox 1062 4816 1126 4865; x_wconf 86' lang='lat' dir='ltr'>mali.</span> 
     </span>
    </p>
   </div>
   <div class='ocr_carea' id='block_1_5' title="bbox 0 0 1633 5775">
    <p class='ocr_par' dir='ltr' id='par_1_7' title="bbox 0 0 1633 5775">
     <span class='ocr_line' id='line_1_53' title="bbox 0 0 1633 5775; baseline 0 0"><span class='ocrx_word' id='word_1_489' title='bbox 0 0 1633 5775; x_wconf 95' lang='lat' dir='ltr'> </span> 
     </span>
    </p>
   </div>
  </div>
 </body>
</html>
