3242 5775
553 639 592 682 ne
613 638 858 683 aesunanerrone
880 638 995 683 manre.
1296 626 1359 690 509

183 772 314 851 rentiam
336 787 499 861 orationis,
522 788 663 850 autnltre
679 788 918 859 coniectandum,
939 798 974 851 ut
994 788 1111 852 arboris
1134 783 1182 851 liei
1204 789 1309 853 dilatae
1331 792 1362 854 in

185 908 271 969 spem
301 888 336 950 ad
373 888 466 948 instar
492 888 627 949 Iudaicae
660 888 918 951 infructuositatis.
975 889 1089 961 Quodsi
1118 907 1174 952 nec
1205 891 1364 970 parabolae

185 988 395 1052 ¹⁰0bumbranr
416 986 558 1066 evangelii
579 987 691 1061 lucem,
721 996 802 1049 tamo
826 989 912 1051 abest
933 996 966 1050 ut
988 991 1153 1051 sententiae
1175 998 1205 1051 et
1226 990 1362 1052 ¹¹defini·

184 1091 302 1163 tioues,
325 1107 449 1168 quarum
472 1096 574 1168 aperta
595 1097 698 1149 natura
722 1098 783 1160 est,
806 1088 892 1151 aliter
914 1108 1001 1168 quam
1017 1099 1127 1151 sonant
1142 1090 1267 1170 sapiant.
1301 1090 1362 1153 lle·

184 1189 372 1251 finitionibus
395 1197 492 1251 autem
515 1196 545 1250 et
571 1188 727 1250 sententiis
755 1190 895 1251 domiuus
923 1190 1012 1251 edicit
1040 1191 1103 1250 sive
1132 1191 1270 1252 iudicium
1300 1190 1364 1252 sire

184 1308 312 1369 regnum
334 1289 383 1351 dei
405 1289 467 1351 sire
489 1290 748 1351 resurrectionem.
793 1290 991 1353 Tolerabilius
1015 1290 1114 1364 ¹¹erit,
1137 1291 1248 1369 inquit,
1283 1290 1514 1370 'l'yrorrnnmac

184 1400 216 1453 et
237 1390 370 1452 ¹³Sidoni
392 1389 422 1449 in
446 1389 493 1451 die
514 1390 632 1463 iudicii3
665 1398 710 1462 et,
742 1389 834 1451 llicite
863 1390 920 1452 illis
955 1391 1033 1470 quod
1062 1392 1501 1471 adproquinquaveritrtaaumr.

182 1510 311 1572 reguum
334 1491 398 1562 dei3
430 1500 475 1563 et,
498 1491 718 1552 ¹‘Retribuetur
748 1491 800 1551 tibi
831 1492 860 1551 in
884 1493 1103 1553 resurrectione
1125 1492 1284 1554 iustorum.
1328 1493 1513 1561 Simaxtrar.

184 1592 308 1654 nomina
330 1589 492 1652 ¹³absoluta
516 1600 587 1652 sunt
608 1610 725 1661 rerum,
748 1592 778 1652 id
800 1600 847 1652 est
867 1592 966 1652 iudicii
983 1600 1013 1651 et
1028 1592 1111 1671 regui
1134 1593 1181 1654 dei
1204 1602 1235 1655 et
1253 1611 1361 1656 resur·

183 1692 345 1766 menonis,
367 1700 400 1754 ut
420 1691 493 1753 nibil
516 1710 621 1753 eorum
644 1692 673 1753 in
695 1691 866 1771 parabolam
889 1692 1043 1771 comprimi
1061 1693 1174 1770 possit,
1197 1712 1252 1755 nec
1274 1712 1308 1755 ea
1329 1693 1360 1755 in

183 1793 343 1872 parabolas
366 1792 579 1872 compellantur
600 1811 675 1871 quae
698 1793 734 1853 ad
757 1792 1011 1871 ¹⁸dispositionem
1035 1801 1064 1854 et
1078 1794 1309 1854 transactionem
1331 1801 1361 1856 ot

185 1894 356 1971 passionem
379 1893 478 1971 regui,
502 1893 523 1924 ¹⁷
531 1892 630 1954 iudicii
647 1900 677 1952 et
691 1893 938 1954 resurrectionis·
960 1893 1187 1972 praedicantum
1209 1901 1297 1973 atque
1319 1894 1360 1956 ita

185 1993 353 2074 corporalia
374 1993 597 2054 ¹'defendentur
619 2002 651 2053 ut
673 1993 878 2072 corporalibus
902 1994 1063 2067 destinata,
1089 1994 1119 2055 id
1141 2000 1272 2055 estnon
1295 1994 1359 2074 spi·

188 2094 297 2166 n‘talia,
320 2093 470 2172 quianon
493 2094 626 2172 figurata.
663 2093 735 2153 Nam
759 2103 787 2153 et
808 2093 876 2154 ideo
899 2093 1160 2173 ”praestruximus
1177 2103 1233 2155 tam
1250 2111 1361 2174 corpus

188 2195 301 2256 animae
322 2213 411 2273 quam
432 2203 461 2255 et
482 2194 578 2255 carnis
602 2193 763 2254 obnoxium
791 2193 886 2255 ”esse
914 2193 1099 2254 mercedibus
1127 2213 1182 2273 pru
1211 2193 1360 2256 communi

190 2295 360 2374 operatione
381 2294 559 2374 pensandis,
588 2312 626 2354 ne
648 2294 842 2372 corporalitas
865 2295 979 2355 animae
1002 2294 1188 2355 occasionem
1211 2293 1360 2355 submini-

190 2405 283 2457 strans
308 2397 465 2473 liguramm
488 2394 725 2473 corporalitatem
748 2393 846 2454 caruis
863 2394 1012 2466 excludat,
1036 2412 1101 2455 cum
1118 2402 1272 2472 utramque
1287 2411 1360 2472 par-

106 2520 110 2560 :
190 2494 304 2575 ticipem
327 2502 358 2555 et
379 2494 464 2572 regni
487 2502 517 2555 et
538 2493 638 2554 iudicii
661 2501 691 2554 et
712 2494 942 2555 resurrectionis
959 2503 1096 2573 oporteat
1110 2494 1212 2584 credi.¹
1230 2493 1269 2554 Et
1282 2511 1361 2556 nune

106 4616 112 4677 l

188 2611 221 2654 eo
243 2594 412 2675 pergimus,
435 2594 477 2655 uti
500 2594 739 2673 corporalitatem
761 2595 907 2656 carnalem
933 2594 1056 2674 proprie
1078 2595 1320 2655 demonstremus
1342 2611 1360 2655 a

183 2692 309 2756 domino
333 2694 545 2772 significarim
569 2694 650 2754 omni
673 2695 900 2757 resurrectionis
924 2694 1091 2767 mentione,
1121 2695 1200 2757 salva
1229 2693 1359 2769 animali,

179 2809 271 2871 quam
296 2802 327 2856 et
348 2794 443 2873 ipsam
465 2794 550 2872 pauci
573 2803 760 2873 receperunt.

268 2897 304 2957 ln
327 2895 431 2975 primis
453 2914 518 2957 cum
542 2895 578 2955 ad
600 2895 659 2955 boc
680 2896 799 2957 venisse
823 2915 855 2957 se
879 2896 963 2968 dicit,
987 2897 1029 2957 nti
1047 2897 1127 2975 quod
1143 2896 1233 2977 periit
1248 2896 1511 2979 selrumctpfflr,

168 2990 285 3070 saciat,
310 2996 380 3074 quid
403 2997 494 3058 ¹dicis
516 2995 672 3074 'perisset
705 2996 863 3058 llominem
886 2996 950 3058 sine
973 2996 1074 3057 dubio.
1109 2997 1255 3059 Totumne
1270 3016 1306 3058 an
1322 2984 1512 3060 exL¹¹⁰·¹¹¹’¹⁰·

163 3096 292 3167 parte?
331 3097 437 3176 Utique
453 3105 558 3157 totum.
592 3096 744 3175 Siquidem
767 3096 983 3174 transgressio,
1006 3115 1081 3174 quae
1103 3098 1279 3176 perditionis
1301 3099 1360 3160 bu-

158 3204 289 3260 tnauae
312 3216 400 3258 causa
423 3207 486 3264 est.
510 3206 568 3256 tam
591 3198 706 3258 animae
729 3197 871 3257 instinctu
894 3215 927 3256 ex
944 3198 1182 3274 concupiscentia
1204 3216 1291 3276 quam
1313 3197 1361 3260 ³et

158 3299 281 3360 emis
304 3298 388 3359 lactu
411 3316 446 3358 ex
469 3297 673 3375 degustatione
689 3296 850 3357 commissa
866 3303 960 3355 totum
977 3296 1128 3356 hominem
1144 3295 1240 3373 elogio
1257 3305 1358 3357 trans-

154 3399 352 3468 gressionis
368 3397 528 3476 inscripsit,
552 3405 639 3475 atque
656 3397 760 3458 exinde
776 3396 882 3456 merito
898 3395 1075 3472 perditionis
1092 3395 1232 3473 implerit.
1264 3395 1359 3457 Tutus

154 3484 284 3579 itaque
308 3499 406 3559 salvus
429 3499 480 3558 liet
501 3497 551 3576 qui
575 3497 680 3575 'periit
709 3504 791 3556 totus
813 3494 1041 3573 ⁶delinquendu.
1091 3495 1154 3554 Nisi
1176 3494 1202 3554 si
1225 3502 1256 3554 et
1275 3494 1359 3555 ⁷eris

152 3585 231 3661 illa
253 3601 319 3662 sine
341 3618 467 3678 corpore
490 3599 634 3660 amittitur
657 3607 685 3658 et
707 3597 772 3657 sine
795 3614 922 3678 corpore
943 3603 1109 3655 revocatur.
1146 3594 1220 3654 Nam
1242 3594 1269 3655 si
1292 3612 1360 3656 caro

155 3706 304 3780 quoque
332 3700 397 3762 eius
425 3719 492 3762 eum
521 3699 635 3769 anima,
670 3697 749 3776 quod
781 3710 873 3776 pecus
903 3704 997 3756 totum
1030 3702 1092 3767 est,
1126 3693 1259 3755 humeris
1287 3693 1360 3755 boni

154 3801 316 3867 nascaris
340 3800 509 3874 advehitur,
534 3819 569 3860 ex
591 3807 715 3877 utraque
737 3798 839 3876 artique
861 3795 1024 3857 substantia
1039 3795 1214 3856 restituendi
1230 3794 1359 3856 hominis

160 3901 353 3982 exemptum
376 3910 432 3962 est.
466 3901 523 3962 Aut
545 3918 632 3979 quam
655 3898 809 3977 indignum
831 3898 904 3970 deo,
927 3895 1080 3957 dimidium
1103 3895 1254 3956 hominem
1277 3895 1360 3956 redi·

167 4108 226 4169 ¹0.
245 4120 390 4170 adumbrant
408 4121 459 4168 cdd.
480 4119 576 4168 Semleri
594 4125 614 4166 et
633 4118 750 4185 leopoldi.
787 4116 868 4166 Nescio
888 4116 957 4164 ande.
1018 4113 1056 4162 11.
1075 4113 1232 4163 drltlnitiones
1250 4115 1293 4163 AB.
1316 4115 1361 4164 Ve-

133 4182 263 4237 stimat
300 4188 396 4251 tibique.
450 4185 489 4234 11.
509 4187 653 4235 eniteant.
710 4182 747 4232 13.
768 4183 861 4245 sydonii
880 4183 905 4230 u.
961 4181 1000 4230 14.
1019 4181 1208 4230 retribuaturl.
1259 4180 1295 4230 15.
1316 4181 1360 4230 ab·

168 4254 264 4304 soture
283 4255 306 4304 G.
357 4254 396 4304 16.
414 4253 598 4316 dispositionem
616 4251 775 4313 Allt'mgebcd.
811 4250 1016 4312 dispensationem
1037 4248 1061 4298 (ἶ.
1107 4247 1146 4295 17.
1166 4247 1360 4312 etiudiciipute

169 4324 337 4373 *critatem
394 4320 431 4370 18.
451 4320 652 4369 delendantnrd.
706 4317 744 4367 19.
764 4316 964 4380 praestrinximus
985 4316 1007 4364 G.
1060 4312 1100 4365 20.
1120 4315 1249 4364 essesdll.

254 4389 311 4454 Cap.
329 4387 426 4438 lllllllll.
462 4388 484 4435 l.
504 4388 570 4436 dicas
587 4387 659 4436 Auca.
679 4386 846 4434 tresl'eticeut.
889 4380 1034 4445 2periisse
1051 4383 1076 4431 ,1.
1112 4379 1136 4429 3.
1157 4381 1221 4431 eall.
1262 4381 1360 4432 baua

175 4457 265 4506 orat
316 4456 340 4505 5.
359 4457 422 4518 perit
439 4456 514 4505 Aced.
567 4453 590 4502 6.
610 4452 773 4516 delinquendo
793 4460 867 4510 totos,
885 4451 930 4499 nisi
950 4452 985 4500 be.
1036 4448 1059 4496 7.
1079 4446 1119 4497 illa
1139 4449 1191 4497 oris
1207 4448 1252 4499 ΑΒ.

228 4618 277 4684 Cap.
294 4622 396 4672 xxxttt.
429 4637 451 4671 a.
471 4629 494 4670 et
511 4621 650 4684 passionem
668 4621 745 4682 regni,
797 4616 931 4668 rectionis“
949 4617 1015 4675 dicit,
1039 4622 1064 4664 ut
1088 4615 1205 4677 significet
1228 4614 1274 4662 rim
1293 4612 1358 4661 illam

106 4678 119 4749 1
188 4677 267 4737 ludicii
293 4684 537 4753 etresurrectiouis]
566 4689 595 4737 Ut
622 4689 684 4736 libro
711 4688 745 4736 lle
798 4686 870 4749 plane
902 4685 1004 4733 divinam
1036 4683 1184 4731 inserendam
1217 4679 1360 4741 corporibus

107 4752 125 4817 [²
192 4743 359 4809 Virglleland.
378 4751 496 4821 [capti]
524 4757 680 4818 „passionem
701 4768 745 4803 uo·
798 4754 932 4802 animarum
952 4751 982 4800 ad
1000 4751 1052 4814 ipsa
1071 4751 1193 4799 redituris.
1212 4745 1317 4808 (Rigalt.)
1403 4783 1407 4787 .

108 4818 120 4839 ⁵
198 4816 316 4886 nitatur
350 4826 382 4874 ita
409 4825 447 4874 ute
474 4823 631 4887 „passionem
661 4835 746 4872 resur·
