3242 5775
248 563 312 626 536
505 571 607 624 comat
629 570 760 616 sarrmi
781 570 946 615 reossrrrrs
967 569 1166 616 marmure
1458 391 1529 708 χ

247 724 470 792 mortalitatem,
493 739 562 784 caro
585 720 698 783 seilicet
718 729 748 782 et
762 719 902 799 magiis,
923 719 988 782 ”aa
1009 737 1135 782 arcesse
1156 728 1206 784 est
1224 721 1372 802 patisaurr
1389 730 1419 785 ιι

249 823 478 903 incorruptelam
501 829 531 882 et
552 820 814 883 immortalitatem.

128 948 232 1005 septu.
336 924 508 985 ¹llideamus
530 923 588 983 iam
610 940 690 983 nuuc
711 940 770 999 quo
793 938 921 999 corpore
943 928 1085 990 venturos
1114 929 1251 984 mortuos
1282 923 1420 1003 disputet.

248 1026 286 1088 Et
306 1025 383 1087 bene
405 1024 484 1102 quod
506 1022 604 1101 erupit
617 1022 716 1083 statim
732 1021 901 1094 ostendere,
924 1019 1026 1099 ’quasi
1047 1020 1114 1100 quis
1130 1021 1279 1085 eiusmodi
1295 1034 1422 1103 quaerat.

97 1125 355 1198 reascesrutte,
378 1124 483 1203 iuquit,
506 1133 537 1184 tu
560 1123 639 1202 quod
662 1122 793 1184 seminas
814 1121 893 1182 'nou
908 1120 1069 1183 vivificatur
1082 1121 1142 1184 nisi
1157 1133 1312 1186 mortuum
1326 1126 1423 1190 merit.
1500 1165 1514 1178 -

249 1226 314 1288 lloc
341 1242 412 1304 ergo
441 1225 499 1285 iam
527 1224 564 1284 de
592 1223 728 1302 exemplo
758 1222 881 1284 seminis
909 1230 1042 1294 constet,
1074 1241 1136 1283 ooo
1164 1224 1251 1285 aliam
1286 1226 1425 1289 vivificari
1482 1223 1523 1284 j

249 1344 367 1389 caruem
389 1343 476 1404 quam
498 1325 593 1403 ipsam
616 1342 691 1403 quae
713 1323 769 1386 erit
791 1332 925 1395 mortua,
949 1322 1041 1384 etita
1063 1324 1217 1402 sequentia
1238 1326 1424 1390 relucebunt.
1468 1368 1529 1385 ..

249 1426 327 1488 Nihil
355 1426 434 1487 euim
461 1425 602 1486 adversus
631 1425 763 1502 regulam
791 1422 917 1501 exempli
945 1422 1045 1486 licebit
1072 1424 1220 1504 intellegi,
1255 1426 1331 1501 ⁴ue,
1359 1428 1426 1508 quis
1448 1442 1529 1487 a

135 1543 231 1585 ruera.
252 1527 403 1606 sequitur,
425 1525 463 1585 Et
484 1525 563 1604 quod
585 1525 732 1594 seminas,
756 1542 817 1585 uon
839 1542 948 1602 corpus
970 1524 1050 1603 quod
1072 1525 1203 1586 luterum
1221 1536 1270 1588 est
1285 1528 1425 1603 seminas,
1448 1570 1529 1600 m

249 1627 359 1689 idcirco
381 1625 459 1687 aliud
481 1636 721 1686 resurrecturum
743 1643 853 1703 corpus
876 1643 963 1703 quam
987 1624 1066 1703 quod
1089 1625 1244 1688 moriendo
1261 1629 1529 1692 seminatur-

250 1727 414 1790 existimes.
458 1725 597 1787 Ceterum
612 1725 746 1787 excidisti
761 1725 797 1786 ah
814 1725 959 1804 exemplo.
995 1724 1150 1804 Nunquam
1173 1728 1254 1789 enim
1275 1730 1529 1792 frumentun

250 1827 395 1890 seminato
419 1833 449 1887 et
470 1826 501 1887 iu
523 1835 602 1887 terra
624 1825 771 1887 dissoluto
793 1826 957 1886 ‘hordeum
980 1826 1124 1906 erumpit,
1147 1836 1178 1888 et
1198 1846 1260 1889 nou
1281 1829 1312 1891 id
1327 1827 1529 1911 ipsaisn

250 1945 345 2005 genus
366 1926 451 2005 gram
472 1926 634 2005 eademque
656 1935 760 1988 natura
782 1936 812 1986 et
833 1910 976 2006 ⁶qualitas
1000 1934 1030 1987 et
1045 1928 1149 1989 torma.
1185 1926 1322 2008 Denique
1336 1931 1489 2005 unm.
1506 1949 1528 1995 Ξ,

249 2026 276 2088 si
297 2045 359 2088 nou
380 2027 411 2087 id
432 2026 559 2106 ipsum?
592 2035 623 2087 et
644 2026 811 2105 corruptela
833 2026 912 2087 enim
934 2026 1033 2105 ipsum
1056 2037 1119 2100 est,
1148 2028 1218 2090 dum
1247 2029 1346 2108 ipsius
1369 2040 1526 2094 est-‹-

249 2125 316 2188 Nou
346 2126 426 2188 euim
454 2136 484 2188 et
509 2128 642 2205 suggerit
670 2127 821 2206 quomedo
855 2127 934 2186 'nou
968 2127 1047 2206 quod
1075 2128 1208 2190 futurum
1237 2140 1287 2192 est
1314 2138 1525 2212 cor-pua

98 2244 234 2287 levasse.
249 2226 453 2290 ‘seminetur‘l
486 2227 605 2301 diceus,
628 2226 687 2288 Sed
705 2227 823 2318 uadum
845 2244 985 2305 granum,
1008 2227 1150 2301 si'lorte,
1172 2231 1332 2304 frumeuti,
1359 2231 1498 2294 'aa'
1513 2227 1527 2279 l

250 2327 374 2390 alieasius
397 2326 559 2389 eiusmodi:
589 2328 662 2389 deus
685 2335 783 2388 autem
806 2327 882 2388 ¹⁴'dat
909 2327 952 2388 illi
973 2346 1083 2407 corpus
1105 2338 1197 2408 prout
1218 2331 1290 2392 rult.
1339 2332 1526 2395 Certa

250 2427 278 2489 ei
299 2446 392 2507 grano
414 2429 493 2506 quod
515 2429 627 2488 nudum
649 2427 791 2489 eemiuari
812 2428 864 2488 eit.
914 2427 1016 2499 Certe,
1047 2428 1157 2508 inquis.
1200 2430 1281 2509 Ergo
1310 2432 1524 2530 solnm

250 2536 297 2588 est
317 2528 365 2589 cui
386 2527 458 2588 dare
479 2527 567 2588 habet
588 2526 661 2588 deus
684 2545 810 2605 corpuss
856 2527 1015 2598 Quomodo
1044 2538 1141 2590 autem
1170 2530 1283 2593 salsum
1306 2543 1371 2606 est,
1400 2526 1523 2596 ⁸3¹

248 2644 396 2705 nusquam
419 2634 480 2699 est,
504 2626 530 2687 si
552 2645 613 2687 non
635 2626 781 2704 resurgit,
804 2626 856 2687 ¹¹si
879 2645 939 2688 nou
962 2627 991 2688 id
1014 2627 1113 2707 ipsum
1130 2629 1283 2710 resurgit?
1315 2633 1350 2694 Si
1366 2636 1522 2697 rofi

248 2725 394 2805 resurgit,
417 2725 530 2786 salvum
552 2744 612 2787 nou
635 2733 692 2787 est.
730 2726 763 2786 Si
785 2744 847 2788 uon
869 2734 916 2788 est
937 2736 968 2788 et
988 2727 1116 2799 salvum,
1138 2730 1273 2810 accipere
1289 2731 1521 2815 ''eorpufl

248 2845 265 2888 a
287 2827 344 2889 deo
366 2844 428 2888 nou
449 2833 559 2905 potest.
603 2825 662 2887 Sed
684 2826 763 2887 euim
786 2826 901 2889 salvum
924 2827 1051 2891 ¹²¹>omui
1074 2830 1164 2892 modo
1187 2841 1316 2897 constat.
1355 2818 1520 2901 ”affl

249 2926 320 3006 quid
342 2945 413 3005 ergo
435 2927 516 2987 dabit
537 2926 577 2986 illi
599 2926 673 2987 deus
689 2936 780 3006 prout
793 2929 854 2990 vult
868 2947 989 3008 corpus,
1012 2930 1131 2993 habenti
1151 2934 1253 3012 utique
1269 2936 1516 3016 propriu&

248 3045 358 3106 corpis
387 3026 457 3090 illud
480 3027 608 3101 nudum,
645 3027 703 3088 nisi
731 3035 763 3090 ut
791 3027 849 3090 iem
878 3029 968 3091 “uos
994 3031 1106 3092 nudum
1134 3033 1295 3114 resurgat?
1344 3037 1514 3119 llrga‘

248 3127 407 3190 ¹'additum
430 3127 487 3189 erit
507 3128 589 3207 quod
611 3127 730 3207 corpori
758 3131 993 3209 superstruitur,
1027 3150 1083 3194 nee
1109 3137 1322 3199 extermiuatur
1351 3122 1511 3203 itta!

248 3229 294 3291 oui
317 3228 552 3308 superstruitur,
587 3229 641 3290 sed
662 3238 795 3308 augetur.
839 3230 957 3293 Salsum
985 3240 1033 3293 est
1054 3242 1152 3295 autem
1181 3238 1261 3314 quod
1290 3250 1508 3318 augetuae

247 3328 366 3392 Seritur
387 3329 466 3391 onim
488 3328 679 3391 solummodo
701 3348 825 3408 granum
852 3332 917 3392 siue
945 3332 1066 3394 folliculi
1088 3343 1186 3409 roste,
1219 3337 1286 3399 sine
1312 3340 1502 3403 luodaae

246 3437 347 3492 meato
369 3430 485 3508 spicae,
514 3428 581 3489 sine
602 3429 787 3491 munimento
816 3431 939 3504 aristae,
968 3433 1035 3494 siue
1057 3435 1196 3512 superbia
1217 3437 1319 3500 culmi.
1363 3440 1487 3505 Εικ

247 3528 343 3607 surgit
375 3538 474 3592 autem
507 3529 592 3608 copia
621 3529 830 3603 ¹⁸leneratusa,
870 3533 1045 3611 compagine
1076 3534 1277 3613 aedilitatum,
1318 3542 1468 3607 ordiun-

246 3635 410 3700 struetum,
437 3628 517 3690 cultu
538 3630 686 3692 munitum
708 3638 738 3691 et
760 3649 973 3710 usquequaque
1001 3635 1149 3697 vestitum.
1199 3637 1280 3701 llaec
1301 3643 1437 3706 suntsi

246 3745 356 3806 corpus
379 3745 395 3787 a
418 3727 474 3787 deo
497 3727 593 3799 aliud,
616 3728 646 3789 iu
670 3731 749 3808 quod
771 3749 832 3791 nou
855 3730 1031 3805 abolitione,
1066 3735 1118 3795 sed
1140 3737 1331 3815 ampliatione
1355 3760 1430 3805 mu-

246 3834 334 3887 tatur.
379 3825 416 3885 Et
437 3827 596 3905 unicuique
618 3829 766 3891 seminum
789 3850 877 3892 suum
905 3851 1016 3912 corpus
1040 3835 1217 3914 ¹'deputarit
1239 3857 1301 3901 non
1324 3860 1424 3919 suum,

247 3925 279 3986 id
300 3933 346 3988 eat
366 3943 426 3986 nou
448 3926 624 4003 pristinum3
652 3938 685 3990 ut
707 3937 777 3990 tuuc
798 3938 830 3990 et
850 3930 923 3992 illud
944 3950 1033 3995 suum
1062 3935 1102 3996 sit
1129 3938 1208 4016 quod
1236 3939 1427 4007 excluserim
1527 3952 1529 3981 ι

246 4044 263 4088 a
286 4025 343 4087 deo
365 4024 500 4105 acquirit.
544 4028 629 4089 Serri
651 4028 741 4108 igitur
762 4031 913 4116 exemplo,
948 4043 978 4093 et
1006 4053 1150 4099 conserva
1173 4038 1328 4118 speculum
1358 4044 1424 4107 eius

247 4208 288 4258 2'l.
307 4223 407 4259 necesse
426 4219 463 4259 est
481 4226 508 4260 ea
528 4212 553 4261 s.
1525 4268 1529 4273 .

315 4276 373 4337 Cap.
391 4277 440 4326 Ltl.
488 4279 510 4327 t.
529 4278 735 4330 videmustltce
788 4280 812 4330 1.
831 4290 876 4332 est.
900 4285 954 4347 qris
972 4287 996 4335 t.
1056 4285 1080 4336 3.
1100 4301 1149 4336 uou
1167 4290 1352 4345 --luerit
1370 4297 1422 4346 ted.

247 4355 328 4391 ooass
345 4369 379 4379 -
398 4369 428 4380 -·
447 4342 541 4394 turriti
558 4346 601 4396 Ad.
636 4361 716 4397 conus
735 4362 783 4397 ocu
800 4373 836 4384 —
854 4375 887 4386 -
905 4338 998 4402 lueritl
1016 4353 1040 4402 ll.
1077 4369 1166 4404 ramae
1184 4380 1216 4391 -
1233 4382 1268 4392 -
1285 4358 1383 4412 iuuit?
1400 4379 1422 4413 s.

246 4422 304 4458 oum
322 4434 354 4447 -·
373 4437 405 4447 -
425 4408 716 4464 tumultuatum.
760 4416 784 4465 4.
804 4419 932 4468 aromo.
973 4419 997 4468 5.
1016 4420 1117 4471 ordeum
1136 4424 1276 4486 erupitAB.
1318 4428 1343 4478 e

245 4477 312 4526 litate
329 4493 350 4527 e.
402 4477 500 4528 'tuero
518 4481 544 4529 l.
596 4480 838 4533 &seminaturum
898 4485 923 4536 s.
947 4495 989 4536 aut
1012 4489 1064 4539 led.
1108 4489 1144 4538 rel
1167 4492 1261 4555 reliqui
1324 4495 1364 4545 10.
1382 4497 1424 4547 dot
1528 4510 1529 4517 ¹

245 4545 328 4593 orel.
390 4544 428 4594 ll.
456 4547 477 4593 si
501 4561 549 4596 oon
574 4546 597 4595 id
622 4549 701 4612 ipsum
727 4548 853 4614 resurgit?
889 4553 916 4603 st
941 4568 989 4603 uou
1007 4557 1114 4618 resurgit
1131 4559 1229 4608 oeta.
1284 4560 1423 4614 thules

245 4625 336 4672 corpus
353 4611 378 4662 1.
434 4611 495 4661 tab.
514 4615 613 4663 omniuo
631 4623 677 4665 tres
699 4618 809 4668 Volsoni.
859 4618 897 4669 13.
915 4623 944 4670 st
961 4622 1004 4673 AB.
1049 4625 1085 4673 14.
1106 4626 1195 4674 audiun
1216 4626 1277 4690 dmg.
1313 4631 1424 4681 aoadsn

242 4678 304 4729 ABG.
355 4678 393 4728 15.
413 4679 550 4728 addititiam
569 4683 615 4730 erit
632 4698 721 4747 eorpus
740 4687 804 4748 quod
823 4688 919 4749 corpori
938 4705 967 4747 o,
988 4692 1017 4739 de
1034 4694 1085 4741 eod.
1105 4694 1136 4742 lo.
1148 4693 1276 4747 Clementis.
1324 4697 1366 4747 to.
1385 4699 1424 4748 lu-

244 4754 353 4795 arratum
371 4748 396 4796 Α.
454 4746 491 4796 17.
511 4747 722 4810 deputaritldlrd.
758 4755 846 4815 putarit
867 4756 888 4804 t.
924 4764 1002 4819 putari
1020 4760 1113 4822 reliqui.
