3242 5775
576 644 614 687 ne
635 641 879 686 nesuunscrrorrs
901 641 1015 686 creme.
1067 675 1070 680 .
1256 707 1258 714 Ι
1312 623 1373 692 491

382 738 390 766 h

216 791 382 878 proprietas
403 765 539 855 iocahuli
557 793 729 883 vindicando
751 801 798 854 est
818 811 890 855 suae
912 793 996 856 sorti.
1017 794 1088 871 [lam
1111 794 1230 876 quidem
1252 812 1287 856 ao
1309 794 1377 874 ipso

217 894 294 975 quod
317 894 497 956 resurrectio
519 895 644 957 caducae
666 894 709 956 rei
733 904 794 966 est,
819 892 876 955 ³'id
899 903 946 955 est
960 896 1072 972 carnis,
1095 897 1196 959 eadem
1219 896 1275 957 erit
1296 903 1327 957 et
1346 895 1377 958 in

216 994 335 1056 nomine
357 997 481 1069 mortui,
504 996 571 1077 quia
592 997 717 1059 caducae
739 996 782 1057 rei
804 1004 850 1057 est
866 998 1060 1068 resurrectio,
1083 1015 1159 1077 quae
1173 997 1279 1059 dicitur
1293 1015 1377 1059 mor·

216 1106 343 1158 tuorum.
386 1097 436 1159 Sic
457 1107 487 1158 et
507 1117 561 1177 per
582 1097 741 1170 Abraham,
773 1105 887 1177 patrem
915 1098 998 1170 fidei,
1027 1097 1148 1161 divinae
1174 1097 1378 1161 familiaritatis
1412 1113 1419 1134 ¹

215 1198 309 1259 rhum
332 1198 482 1262 discimus.
534 1198 691 1260 Postulans
719 1198 796 1260 enim
820 1198 910 1259 Sarae
936 1198 1101 1266 humandae
1127 1200 1223 1263 locum
1252 1199 1380 1262 delitiis

215 1298 332 1371 ”cheu
355 1301 427 1361 Date
450 1318 537 1379 ergo,
560 1300 670 1380 iuquit,
701 1301 771 1362 mihi
794 1299 1017 1379 possessionem
1047 1301 1194 1382 sepulchri
1215 1301 1379 1376 vobiscum,
1393 1285 1492 1403 {iffi-'4'

216 1409 246 1473 et
264 1402 394 1463 humabo
417 1397 594 1464 ³¹mortuum
616 1420 730 1473 meum,
753 1419 872 1463 carnem
895 1401 1014 1464 scilicet.
1047 1402 1150 1481 Neque
1165 1402 1242 1464 euim
1265 1402 1380 1470 minse

216 1502 379 1565 humandae
402 1506 530 1584 spatium
551 1504 761 1574 desiderasset,
785 1503 861 1564 etsi
884 1502 980 1564 anima
995 1504 1128 1566 mortalis
1143 1505 1328 1578 crederetur,
1350 1511 1380 1568 st

216 1605 241 1667 si
262 1605 399 1667 Mortuus
421 1606 477 1668 dici
501 1614 672 1667 mereretur.
707 1604 821 1677 Quodsi
837 1599 997 1667 ”Mortuus
1012 1624 1121 1686 corpus
1137 1614 1198 1679 est,
1221 1624 1380 1686 corporum

217 1706 273 1769 erit
293 1708 491 1779 resurrectio,
513 1727 579 1770 cum
602 1708 710 1768 dicitur
730 1716 926 1767 mortuorum.

299 1808 338 1870 Et
357 1810 431 1870 haec
452 1809 548 1888 itaque
570 1807 714 1888 dispectio
738 1807 812 1869 tituli
836 1817 865 1869 et
877 1807 1028 1887 praeconii
1043 1807 1152 1889 ipsius,
1174 1808 1262 1871 tidem
1278 1808 1381 1890 utique
1397 1824 1514 1885 onum.

217 1909 379 1972 defendens
403 1909 638 1983 vocabulorum,
662 1910 729 1971 illuc
749 1910 895 1989 prolicere
910 1908 1042 1984 debebit,
1065 1919 1113 1983 ut,
1137 1909 1163 1971 si
1186 1910 1271 1990 ¹quid
1292 1910 1381 1992 'pars

216 2005 331 2074 diversa
355 2011 453 2079 turbat
475 2011 597 2073 obtentu
620 2013 775 2091 figurarum
792 2020 822 2073 et
844 2011 1049 2091 aenigmatum,
1071 2012 1274 2074 manifestiora
1289 2031 1381 2093 quao-
1455 2047 1460 2058 ·

215 2132 272 2194 que
286 2113 507 2193 .praevaleant,‘
530 2121 560 2173 et
582 2113 618 2174 de
640 2113 759 2175 incertis
781 2113 906 2174 certiora
928 2112 1155 2191 'praescribant
1198 2113 1280 2176 Nacti
1302 2116 1381 2179 euim

215 2214 335 2295 quidam
359 2214 616 2276 sollemnissimam
634 2214 741 2294 eloquii
757 2214 921 2293 prophetici
937 2216 1077 2288 lormam3'
1100 2214 1245 2303 allegorici
1261 2224 1291 2277 et
1304 2217 1381 2297 ligu-

215 2317 270 2378 rati
293 2316 483 2396 plerumque,
513 2335 572 2377 non
596 2326 692 2378 tamen
721 2334 855 2394 semper,
888 2316 1137 2378 resurrectionem
1159 2335 1276 2398 quoque
1297 2335 1382 2379 mor-

217 2426 335 2480 tuorum
358 2418 513 2479 manifeste
536 2418 733 2478 annuntiatam
748 2418 779 2477 in
795 2417 993 2496 imaginariam
1009 2417 1252 2512 significationem
1267 2418 1382 2480 distor-

216 2528 323 2602 quent,
354 2528 560 2580 asseverantes
583 2519 676 2598 ipsam
698 2520 786 2580 etiam
808 2528 933 2581 mortem
956 2519 1126 2598 spiritaliter
1146 2519 1382 2599 intellegendam.

220 2619 286 2681 Nou
306 2620 386 2683 anim
410 2620 485 2682 hone
506 2640 573 2681 esse
596 2621 624 2680 in
647 2639 717 2680 vero
740 2639 814 2698 quae
836 2619 927 2681 sitin
948 2619 1062 2694 medio,
1089 2620 1262 2684 ⁴discidium
1284 2622 1381 2684 carnis
1445 2697 1448 2704 .

220 2730 306 2802 atque
328 2723 460 2794 animae,
490 2723 542 2783 sed
566 2720 758 2801 ignorantiam
781 2720 845 2794 dei,
874 2739 928 2800 per
949 2739 1036 2801 quam
1057 2722 1147 2800 homo
1170 2730 1304 2785 mortuus
1326 2723 1383 2785 deo
1487 2763 1490 2768 <

218 2842 280 2887 nou
301 2824 402 2886 miuus
426 2824 455 2883 in
479 2842 582 2883 errore
604 2823 725 2884 iacuerit
746 2842 833 2903 quam
855 2823 885 2883 in
908 2823 1076 2903 sepulchro.
1107 2823 1208 2905 ltaque
1230 2831 1261 2886 et
1279 2842 1383 2887 resur·

217 2927 382 2989 rectionem
406 2946 468 2987 eam
491 2926 690 2986 vindicandam
714 2944 769 3003 qua
792 2926 858 3004 quis
873 2925 967 2987 ³adita
988 2925 1111 2987 veritate
1132 2926 1332 2988 redanimatus
1355 2933 1384 2989 et

218 3029 415 3090 revivificatus
438 3029 494 3088 deo
517 3028 698 3105 ignorantiae
720 3037 816 3088 morte
838 3027 972 3088 discussa
995 3027 1074 3103 velut
1095 3028 1131 3088 de
1153 3028 1309 3108 sepulchro
1330 3047 1383 3091 ve-

225 3130 297 3191 teris
316 3130 447 3191 hominis
470 3129 614 3207 eruperit,
646 3128 713 3208 quie
742 3136 771 3188 et
792 3129 930 3190 dominus
952 3129 1063 3190 scribas
1086 3138 1116 3189 et
1136 3129 1309 3207 pirarisaeos
1333 3148 1383 3190 se·

220 3230 352 3311 pulchris
375 3231 516 3292 dealbatis
539 3230 768 3309 “adaequaverit
812 3229 924 3290 Exinde
947 3246 1017 3307 ergo
1040 3230 1287 3290 resurrectionem
1308 3230 1507 3334 'lidexlffiljh

220 3341 401 3395 consecutos
431 3352 495 3393 cum
524 3332 644 3392 domino
673 3350 740 3391 esso
770 3330 853 3390 ⁸cum
882 3349 949 3404 eum
977 3331 1007 3390 in
1030 3329 1202 3408 baptismate
1224 3329 1383 3392 induerint.

219 3434 285 3496 Iloo
313 3434 439 3512 denique
467 3434 584 3513 iugenio
618 3432 703 3495 etiam
738 3432 767 3492 in
800 3431 954 3509 colloquiis
982 3449 1070 3510 saepe
1097 3438 1219 3491 nostros
1248 3430 1385 3511 decipere

220 3536 473 3609 ’mnsueverunt‚
497 3536 579 3615 quasi
603 3545 632 3596 et
651 3535 711 3614 'ipsi
734 3531 981 3593 resurrectionem
1004 3532 1101 3593 caruis
1124 3531 1285 3593 admittant.
1316 3532 1383 3608 Vae,

221 3638 374 3719 inquiunt,
409 3640 457 3716 qui
481 3656 540 3698 non
563 3637 592 3697 in
615 3638 669 3697 bac
691 3653 777 3696 came
799 3633 1011 3708 resurrexerit3
1042 3652 1079 3694 ne
1106 3632 1204 3695 statim
1226 3633 1292 3695 illos
1312 3651 1384 3713 per-

224 3740 349 3811 cutiant,
373 3740 399 3800 si
421 3738 671 3800 resurrectionem
694 3738 791 3799 statim
814 3735 980 3797 abnuerint.
1025 3735 1124 3796 Tacite
1151 3742 1248 3802 autem
1276 3753 1384 3797 secuu-

226 3840 293 3902 dum
316 3840 525 3904 oouscientiam
549 3859 631 3900 suam
655 3840 712 3900 boc
734 3837 879 3899 sentiunt:
908 3838 981 3909 Vae,
1009 3837 1159 3916 quinon,
1187 3836 1256 3898 dum
1277 3837 1309 3898 in
1331 3837 1385 3899 hac

228 3960 312 4004 otrus
339 3951 401 4016 est,
436 3942 606 4020 cognoverit
633 3959 737 4002 arcana
766 3939 929 4011 haeretica3
962 3939 1019 3999 hoc
1047 3946 1094 3998 est
1120 3937 1198 3999 enim
1219 3938 1295 4018 apud
1317 3938 1385 4000 illos

228 4045 413 4128 resurrectio.
458 4043 567 4105 Sedet
595 4043 726 4122 plerique
753 4027 789 4101 ah
819 4042 970 4101 ¹⁰ercessu
998 4039 1110 4101 animae
1137 4038 1387 4102 resurrectionem

230 4144 406 4208 vindicantes
430 4146 465 4206 de
489 4145 646 4225 sepulchro
670 4143 749 4205 exire
777 4143 815 4204 de
843 4142 959 4205 saeculo
989 4140 1111 4203 eradere
1143 4141 1386 4222 interpretantur,

234 4328 270 4380 32.
286 4333 348 4383 istud
367 4342 403 4383 est
421 4335 463 4384 AB.
516 4333 555 4382 33.
575 4334 634 4383 Chet
652 4334 702 4383 bed.
738 4332 798 4380 lieth
819 4331 856 4382 Co.
897 4331 935 4379 eth
952 4330 995 4380 te.
1054 4328 1094 4379 at.
1112 4336 1232 4380 munuum
1251 4344 1329 4379 meum
1348 4330 1386 4381 bd.

234 4408 345 4450 nonnam
364 4417 441 4450 meam
459 4402 548 4452 Abduc.
567 4411 611 4450 tres
634 4403 742 4460 Vaticani,
762 4407 783 4448 et
801 4401 852 4449 cod.
871 4401 902 4448 lo.
915 4399 1041 4448 clarentis.
1092 4397 1133 4447 at.
1152 4405 1271 4448 mortuum
1290 4415 1311 4448 o.

282 4467 354 4533 =Cap.
372 4470 428 4519 xlx.
453 4471 488 4519 ,1.
508 4485 553 4532 qm
574 4471 595 4518 C.
643 4468 665 4517 2.
685 4469 777 4516 diversa
795 4482 851 4530 pars
868 4468 911 4517 AB.
956 4466 978 4515 3.
997 4467 1231 4530 praescribanturd.
1267 4464 1386 4528 praescri·

234 4532 341 4586 heturB.
391 4537 414 4586 l.
434 4539 558 4587 dissidium
580 4538 616 4586 Co.
668 4538 692 4585 5.
711 4536 867 4585 additadBC.
920 4533 942 4583 6.
962 4534 1137 4598 aequaveritl.
1190 4533 1286 4583 'blidei
1305 4535 1327 4582 b.
1362 4531 1385 4581 8.

236 4616 284 4651 cnm
306 4605 423 4668 baptisma
451 4607 570 4654 induerint
593 4605 654 4655 ABG.
711 4604 735 4655 9.
754 4611 928 4654 consueverunt
950 4602 1006 4653 Aba.
1026 4608 1071 4652 tres
1092 4603 1199 4652 Vaticani.
1241 4607 1388 4650 consuerunt

234 4671 321 4734 reliqui.
375 4673 413 4722 lt).
432 4688 531 4723 excussu
550 4679 574 4722 Α.

266 4804 322 4868 Cap.
342 4807 396 4857 lllll.
424 4825 445 4857 a.
465 4810 534 4858 bdem
554 4812 634 4871 utique
652 4806 782 4857 detondens
834 4807 922 4866 „Fides
949 4807 1070 4856 nominum
1098 4805 1164 4856 salus
1190 4810 1225 4854 cst
1252 4801 1387 4866 proprieta-

236 4875 409 4940 roeabulorom]
429 4879 463 4926 cl.
477 4878 508 4925 lle
520 4879 595 4926 dune
606 4877 661 4925 Chr.
676 4891 727 4938 cop.
739 4874 781 4924 13:
834 4875 910 4924 tum.“
