3242 5775
638 627 734 672 tum
749 628 859 686 mult.
1282 634 1337 680 un

194 775 355 839 philosophus
381 783 404 825 et
429 782 500 841 poeta
531 777 564 827 05
588 778 721 829 Testimou.
774 778 1128 841 151555551515555515115,
1154 784 1334 846 pmuuntiatuur

195 845 292 891 1515555
311 844 334 892 5.
808 846 916 896 Platonis
935 847 968 894 05
989 847 1085 897 Resurr.
1105 849 1239 908 8555158.

156 912 243 959 Anima
263 910 407 974 corporatis,
426 911 518 960 hahens
536 913 661 976 preprium
678 928 721 975 ge·
773 938 816 973 -,
834 913 1280 979 5555585555151555551555111551,
1297 925 1336 970 ast

194 994 239 1026 nus
268 979 416 1027 substantiae
450 987 473 1026 et
500 980 645 1040 soliditatis,
678 996 722 1043 per
807 980 846 1031 dei
864 982 921 1030 11515
947 988 1010 1041 5515,
1037 983 1191 1043 immortalis,
1215 999 1334 1050 corpora-

193 1060 264 1108 quam
290 1047 347 1108 quid
372 1054 396 1094 ct
419 1046 514 1095 sentire.
534 1055 558 1096 et
575 1048 624 1110 pati
643 1049 721 1110 possit
806 1047 847 1108 iis,
871 1048 983 1109 51851515,
1009 1049 1143 1100 substantie
1167 1051 1279 1115 simplex,
1302 1053 1334 1102 de

193 1113 575 1163 051155555051515114553.
594 1116 720 1164 05151555
806 1130 852 1164 555
870 1117 976 1178 sepiens,
999 1118 1064 1167 varie
1088 1118 1233 1180 procedens,
1257 1118 1334 1169 libera

193 1180 271 1243 5sqq.
291 1180 619 1244 155155481851155511,
632 1182 669 1231 10.
682 1182 719 1231 15.
805 1182 907 1240 arbitrii,
925 1183 1064 1234 accidentiis
1082 1185 1194 1247 obnoxia,
1211 1187 1334 1250 5551555-

154 1271 190 1281 -
210 1263 222 1294 a
242 1248 340 1296 Plutone
364 1249 450 1297 dicitur
475 1250 554 1299 inuata
582 1257 606 1299 et
632 1250 719 1300 iniecta
806 1250 844 1297 niu
864 1249 996 1310 mutabilis,
1020 1251 1153 1310 rationalis,
1180 1253 1333 1313 dominatrix,

191 1315 226 1363 05
245 1317 326 1363 Anima
346 1316 369 1365 4.
805 1316 937 1376 divinatrir,
956 1332 984 1366 er
996 1332 1042 1366 555
1052 1319 1190 1370 redundans
1201 1320 1333 1380 051522.

153 1405 190 1415 -
218 1390 271 1430 nete
304 1391 327 1430 et
358 1384 419 1432 iacta
450 1396 477 1431 er
506 1384 567 1434 initii
599 1385 719 1435 constitu·
771 1384 801 1434 de
819 1385 949 1434 dnimrbus
967 1385 1092 1435 1515511555
1111 1389 1151 1450 qui
1169 1388 1215 1437 sub
1233 1388 1334 1438 ubsrum

191 1450 257 1497 tione
277 1449 310 1498 05
329 1451 410 1498 Anime
429 1450 454 1498 4.
805 1452 913 1503 15551555
932 1452 1068 1501 moriuntur
1084 1454 1119 1503 05
1138 1456 1220 1506 Anima
1240 1454 1281 1505 58.

152 1541 189 1550 -
210 1525 287 1564 movet
312 1532 410 1580 corpus,
434 1524 458 1566 et
483 1524 583 1566 cunutus
607 1519 718 1568 515555-
769 1519 870 1568 Animae
890 1533 902 1567 5
921 1520 1055 1582 primordio
1075 1522 1223 1572 couscientia
1238 1522 1277 1573 dei
1286 1522 1333 1572 dos

190 1585 311 1632 trinsecus
330 1585 396 1632 iores
414 1594 499 1647 perent
518 1584 651 1634 05151555
670 1585 695 1635 6.
803 1594 842 1635 est
858 1585 914 1634 dds.
933 1586 1004 1636 idere.
1023 1587 1088 1645 11,5.

152 1674 187 1685 -
210 1651 320 1700 dividitur
339 1653 362 1699 15
381 1661 471 1715 partes,
496 1667 560 1701 nnnc
584 1652 608 1701 in
627 1653 717 1702 85555
769 1680 801 1689 -
821 1652 1333 1706 551555555551155185505151550.

191 1718 300 1772 Platone,
320 1733 383 1767 nuuc
401 1720 424 1766 iu
442 1727 492 1767 tres
504 1734 517 1768 5
530 1719 636 1780 Zenone,
655 1735 718 1769 uunc
770 1746 801 1756 -
820 1721 1006 1770 instrumentum
1024 1735 1079 1770 esse
1097 1724 1213 1785 euimum,
1230 1737 1334 1787 55555·

190 1786 215 1833 15
241 1788 346 1848 quinque
372 1795 395 1834 et
414 1787 437 1835 in
455 1801 497 1835 ser
517 1801 529 1834 5
550 1788 671 1848 Panaetio,
695 1796 718 1836 et
804 1788 1087 1838 15551515505151155
1108 1789 1147 1839 13.

190 1853 215 1901 in
239 1862 332 1915 septem
357 1853 490 1914 aSorene,
518 1855 588 1903 etiam
613 1855 637 1903 iu
662 1862 717 1904 octo
770 1855 1332 1920 -155555555555551551151555051525.

190 1934 267 1983 penes
292 1920 461 1983 Chrysippum,
488 1921 608 1974 etiamid
633 1936 716 1972 uorem
769 1948 803 1957 -
822 1923 1021 1978 conflictationes,
1039 1923 1126 1973 1515515
1138 1932 1161 1975 et
1172 1924 1332 1975 aridaeeeeue

189 2001 267 2049 penes
286 1989 486 2051 npoiiophenem,
511 1989 554 2037 sed
572 1996 596 2038 et
614 1990 637 2037 in
656 1990 717 2038 duo·
807 1988 841 2038 05
858 1990 956 2038 Resurr.
976 1990 1062 2040 Carnis
1079 1989 1103 2040 8.

189 2055 268 2102 decim
294 2056 357 2117 epud
382 2057 498 2118 quosdam
523 2055 669 2116 Stoicorum,
696 2064 720 2105 et
769 2057 850 2105 —de
868 2064 929 2105 statu
955 2057 978 2106 in
1004 2072 1099 2107 cureere
1117 2058 1224 2109 Socratis
1247 2057 1332 2109 redita·

189 2123 215 2171 in
234 2122 293 2170 dues
312 2122 416 2186 amplius
434 2123 498 2185 apud
514 2123 669 2173 Posidonium
684 2123 718 2172 05
804 2131 854 2172 tum
873 2130 910 2172 est
928 2124 961 2172 05
979 2126 1062 2173 Anima
1084 2124 1106 2174 1.

189 2189 275 2237 Anima
296 2189 334 2237 14.
770 2216 803 2226 -
821 2191 928 2240 definitio
947 2191 981 2240 05
999 2190 1136 2241 15155513.

151 2280 188 2291 -
209 2258 261 2318 ipsa
281 2266 317 2305 est
334 2258 442 2318 spiritus,
461 2258 523 2306 sicut
542 2258 592 2321 ipsa
611 2258 717 2307 8155155
772 2283 801 2293 -
822 2258 963 2306 uocabulum
988 2272 1064 2321 peuce
1083 2260 1188 2309 Graecos
1212 2258 1242 2309 de
1261 2259 1333 2309 rodri-

189 2323 225 2371 Dc
243 2325 325 2372 15155
346 2324 384 2373 10.
805 2326 929 2386 geratione
946 2326 1079 2388 respondet
1097 2326 1230 2375 05151555
1249 2325 1290 2375 25.

152 2416 187 2426 -
209 2399 232 2438 et
249 2392 349 2453 spiritus
368 2406 397 2439 en
416 2391 521 2440 duosint
540 2391 573 2441 De
583 2393 665 2441 Anima
679 2392 716 2441 10.
770 2419 803 2428 -
822 2393 925 2453 effigiem
945 2393 1157 2454 eseePiotonegat
1175 2392 1333 2443 05151550.

150 2458 280 2506 -hebet
306 2459 335 2506 de
361 2474 406 2508 suo
430 2458 585 2507 solummodo
604 2462 718 2521 cogitare,
771 2485 802 2495 -
822 2468 975 2522 posterorum
994 2460 1058 2509 1555
1076 2474 1103 2508 er
1121 2460 1220 2510 traduce
1237 2459 1332 2510 11515.

188 2525 259 2583 55115,
279 2540 376 2588 cupere,
386 2526 530 2588 disponere;
550 2526 579 2575 ad
589 2528 718 2590 555115155-
803 2526 827 2575 9.
842 2526 880 2576 19.
892 2525 931 2575 22.
943 2526 983 2576 27.
995 2525 1036 2575 36.

189 2594 247 2641 dum
272 2602 350 2642 autem
376 2607 475 2655 operum
507 2595 587 2643 carnis
610 2602 719 2658 expectet
769 2618 803 2629 ·-
822 2593 990 2642 divinationem
1015 2592 1089 2643 multe
1113 2594 1256 2654 documenta
1274 2607 1334 2658 pro·

191 2660 226 2707 05
245 2660 341 2708 Resurr.
361 2660 446 2709 Cernis
467 2659 505 2709 lt.
640 2676 645 2680 ·
803 2659 1125 2710 55555551051515524.

150 2751 187 2760 -
208 2728 275 2789 prior
294 2728 403 2796 degustet
431 2727 554 2786 iudicium,
573 2730 635 2777 sicut
651 2728 719 2791 prior
769 2750 802 2762 ·-
821 2728 967 2776 couscientia
987 2742 1016 2776 55
1034 2743 1047 2777 5
1066 2728 1112 2777 855
1129 2727 1283 2787 1555515511,
1302 2741 1333 2777 au

189 2795 281 2843 induxit
310 2796 443 2844 admissum
475 2793 509 2843 tte
534 2796 632 2846 Resurr.
658 2795 717 2845 Car·
804 2794 890 2844 litteris
910 2795 957 2852 dei,
976 2793 1332 2845 5555511555515510525·

190 2864 228 2911 nis
249 2862 287 2911 11.
803 2863 868 2917 stim.
887 2863 930 2911 15.
949 2861 973 2911 5.

151 2953 187 2964 -
208 2940 231 2978 55
249 2945 338 2992 corpus
356 2929 428 2979 simui
447 2930 557 2979 1155105
574 2930 657 2980 Anima
676 2928 716 2978 21.
770 2953 801 2963 -
822 2937 962 2979 ornaments
988 2929 1083 2992 quondo
1113 2943 1169 2979 eure
1196 2929 1332 2993 susceperit

190 2998 225 3045 05
244 2998 341 3045 Resurr.
360 2998 444 3045 Cernis
462 2997 504 3045 45.
803 2996 838 3045 05
857 2998 954 3046 Resurr.
974 2996 1059 3046 Carnis
1078 2997 1102 3045 t.
1340 3037 1344 3042 ,

152 3087 187 3097 -
207 3065 315 3179 ruippmR
326 3066 432 3181 corporp1
448 3065 613 3179 ins'ml'smm
637 3064 717 3113 eman
769 3065 901 3141 -emnie
930 3064 1045 3180 nuturpiia
1070 3072 1096 3140 ut
1113 3063 1261 3180 5515155ἆί55
1279 3062 1331 3179 cipe

190 3140 228 3181 est
267 3148 279 3180 e
319 3147 395 3180 esurr.
435 3147 499 3179 urnis
553 3167 558 3178 .
804 3146 850 3194 iper
870 3145 990 3190 inesse,e
1018 3145 1072 3180 eum
1091 3145 1206 3195 ipsepre
1225 3145 1280 3181 esre
1318 3143 1332 3179 5

153 3223 187 3233 ·-
208 3213 320 3248 somnum
340 3214 387 3247 nen
407 3199 470 3261 cupit
488 3213 541 3247 cum
561 3212 665 3261 corpore
683 3198 717 3246 05
802 3198 886 3247 Anime
905 3197 945 3247 20.

189 3268 288 3315 Resurr.
307 3266 391 3314 Cernis
411 3264 450 3313 18.
770 3291 802 3300 -
820 3266 892 3314 sedes
910 3266 944 3313 05
961 3264 1044 3313 Anima
1065 3263 1104 3312 15.

153 3358 186 3368 -
208 3348 253 3382 uec
270 3334 386 3382 rocehuio
405 3333 476 3391 cedit,
498 3333 553 3396 quie
572 3347 617 3381 nec
635 3331 717 3380 habitu
769 3356 801 3367 -
822 3346 897 3395 super
907 3333 1012 3381 animum
1023 3330 1189 3393 principalitas
1199 3327 1332 3379 051513.

188 3401 238 3450 ruit
257 3400 289 3448 05
308 3401 405 3449 Resurr.
425 3400 509 3449 Carnis
526 3399 564 3448 18.
770 3424 801 3434 -
820 3407 896 3448 totum
921 3400 997 3447 rivere
1020 3398 1099 3446 curuis
1118 3405 1163 3456 est,
1187 3404 1213 3446 ut
1231 3410 1279 3445 555
1298 3396 1334 3444 ri·

154 3492 187 3502 -
208 3483 237 3517 55
263 3469 329 3530 prior
353 3470 385 3517 sit
409 3468 504 3516 condite
531 3480 602 3531 quarn
627 3479 717 3530 corpus
803 3480 859 3516 rere
882 3466 976 3514 enimse
1000 3464 1058 3513 nihii
1084 3464 1148 3513 eliud
1171 3463 1203 3513 sit
1228 3476 1334 3526 quamn

190 3536 225 3583 05
243 3536 340 3584 Resurr.
360 3535 445 3584 Carnis
463 3535 503 3584 45.
807 3547 880 3583 carne
898 3532 1016 3581 divertere
1042 3530 1076 3580 05
1094 3531 1191 3580 1155555.
1210 3528 1332 3580 (1555157.

154 3626 184 3636 -
207 3600 717 3663 555015151151051555555585555,
770 3600 852 3649 -de
883 3600 941 3648 sede
966 3600 1044 3647 rar-iae
1070 3598 1198 3661 opiniones
1220 3596 1332 3660 pbiloso-

189 3672 233 3719 sed
252 3669 353 3718 sulutem
374 3670 408 3718 05
426 3670 504 3719 Cerne
523 3669 578 3718 cnr.
600 3666 639 3716 12.
805 3667 909 3730 phorum
930 3664 1119 3715 0515155515.

153 3762 184 3771 -
206 3752 255 3786 555
275 3737 392 3786 iuratione
411 3738 455 3785 sed
475 3736 617 3800 purgatione
636 3735 717 3784 sanci·
771 3761 802 3771 -
822 3734 852 3783 de
877 3740 995 3796 conceptu
1019 3733 1133 3783 adsersus
1157 3744 1200 3780 eos
1218 3730 1259 3794 qui
1276 3736 1334 3794 poet

187 3813 229 3855 tur
248 3805 280 3852 05
299 3805 397 3853 Resurr.
415 3802 554 3853 05151548.
803 3809 899 3865 partum
931 3801 1041 3864 corporis
1071 3813 1125 3849 eam
1152 3797 1333 3856 15155551,οο
1402 3832 1404 3837 .

152 3895 184 3906 -
208 3872 326 3935 inquiline
346 3872 425 3920 caruis
444 3872 477 3919 05
491 3868 666 3919 8555550555.
676 3867 718 3917 46.
804 3869 889 3918 Anima
908 3867 949 3917 25.

150 3965 185 3975 -
206 3952 256 3988 555
283 3948 362 4002 potest
386 3939 489 3988 animale
507 3950 596 4001 cerpus
614 3937 662 3986 dici
686 3936 719 3984 05
771 3961 804 3971 -
822 3935 943 3985 sensualis
962 3942 1045 3985 ustura
1063 3933 1098 3983 05
1116 3934 1194 3984 Cerne
1212 3931 1268 3983 Cirr.
1283 3928 1325 3981 12.

187 4007 272 4056 Anime
292 4005 316 4054 6.
770 4017 894 4052 -sexus
913 4004 1046 4052 05151555
1066 4001 1108 4052 36.

149 4100 185 4111 -
207 4075 313 4123 hominis
331 4073 475 4121 immorteiis
492 4070 594 4135 Apolog.
612 4068 654 4119 48.
771 4098 803 4108 -
822 4063 1334 4121 5551551555515155155551551051556.

148 4165 185 4176 -
207 4156 238 4190 55
257 4141 360 4190 cer-neiis
380 4141 413 4189 05
432 4140 510 4190 Corne
528 4140 584 4189 Chr.
605 4137 644 4186 11.
770 4139 852 4186 —de
871 4137 916 4186 deo
934 4137 1098 4186 testimonium
1116 4134 1216 4199 155155.
1237 4132 1277 4182 17.

147 4234 184 4245 -
206 4210 301 4258 animae
319 4223 406 4257 sensus
425 4216 461 4256 est
479 4209 513 4256 05
524 4207 602 4255 Cerne
613 4202 719 4254 (115512.
770 4231 803 4242 -
823 4205 886 4268 5550
906 4205 998 4252 interos
1016 4217 1046 4252 55
1057 4203 1147 4274 aliquid
1158 4203 1281 4266 patiantur
1299 4197 1334 4248 05

148 4303 186 4314 -
207 4275 332 4340 passibilis
350 4276 383 4324 05
401 4277 483 4323 Anime
502 4274 542 4323 21.
804 4272 888 4322 15155
907 4270 948 4320 58.

149 4371 182 4382 -
208 4359 256 4392 555
276 4351 357 4406 potest
376 4344 423 4405 peti
443 4344 569 4404 quicquam
591 4340 644 4388 siue
663 4353 719 4387 cor·
770 4367 804 4376 -
822 4347 920 4389 nostrae
938 4337 1016 4387 solius
1034 4349 1107 4386 55555
1124 4335 1276 4386 5505515155
1293 4346 1334 4383 re·
1356 4358 1361 4364 ·

187 4425 251 4476 pore
269 4410 370 4473 155155.
389 4410 429 4458 48.
449 4409 482 4458 05
501 4411 600 4458 Testim.
618 4410 661 4455 15.
677 4406 701 4454 4.
805 4408 869 4457 uerit
886 4407 920 4455 05
938 4406 1021 4454 intua
1040 4403 1064 4453 5.

147 4507 180 4518 -
206 4479 260 4527 sine
278 4492 381 4539 corpure
399 4492 447 4526 non
466 4484 549 4540 pereat
567 4474 668 4538 155155.
678 4472 719 4522 48.
771 4499 803 4511 -
824 4475 853 4524 de
867 4481 965 4537 receptu
975 4473 1053 4521 rarius
1066 4469 1268 4536 philosopherum
1277 4467 1334 4532 551-

148 4572 186 4584 -
207 4546 288 4595 carnis
307 4546 418 4594 infectrix
435 4544 467 4592 05
485 4544 568 4594 Anime
586 4541 628 4591 40.
805 4543 893 4592 515555
911 4541 1045 4590 05151555
1063 4538 1105 4589 54.

149 4642 185 4653 -
208 4627 331 4675 nunquam
351 4610 406 4662 siue
422 4619 550 4670 carneest,
569 4608 719 4673 quamdiuin
772 4636 804 4647 -
824 4610 853 4658 de
883 4608 1040 4658 similitudine
1070 4607 1094 4656 iu
1124 4603 1266 4672 perentibus
1299 4598 1335 4650 05

190 4695 265 4730 cerne
284 4687 321 4728 est
338 4680 372 4728 05
390 4681 487 4728 Resurr.
506 4678 591 4727 Carnis
612 4675 651 4725 15.
806 4676 889 4726 Anima
909 4674 950 4725 26.

152 4775 190 4786 -
209 4761 272 4811 quse
292 4749 339 4808 ugit
352 4756 375 4795 et
386 4748 488 4811 impetiit
499 4748 523 4795 iu
533 4745 622 4803 omnia,
641 4743 720 4793 caruis
772 4772 806 4782 -
824 4752 848 4794 et
866 4744 944 4793 cernis
961 4757 989 4792 er
1006 4742 1081 4794 ddum
1099 4740 1184 4793 tradmt
1201 4738 1226 4789 15
1244 4734 1335 4787 iumine

191 4815 337 4879 obsequium
355 4824 392 4866 est
411 4816 443 4864 05
462 4815 560 4864 Resurr.
578 4812 663 4864 Cernis
681 4811 721 4864 15.
806 4813 841 4863 05
858 4811 942 4861 Anima
960 4809 1002 4862 86.
