3242 5775
653 689 802 733 auruncus
823 689 965 735 amaran.
1329 683 1387 746 oet

217 836 395 897 sententiam
411 836 598 915 interpretari
615 847 774 912 conantur,
797 847 830 899 ut
852 858 944 919 aeque
964 840 996 901 in
1010 859 1069 903 una
1083 841 1213 922 persona
1235 853 1392 927 utmmque

218 936 418 1014 distinguant,
440 945 554 1016 petrem
577 945 607 997 et
627 938 735 1011 filium,
758 938 910 1001 discentes
934 941 1024 1002 tilium
1048 962 1165 1005 carnem
1188 964 1269 1019 esse,
1293 946 1322 1007 id
1345 957 1392 1009 est

217 1038 384 1109 bominem,
409 1037 437 1098 id
461 1047 508 1099 est
528 1037 642 1113 lesum,
665 1049 779 1118 patrem
802 1050 899 1101 autem
923 1041 1078 1121 spiritum,
1107 1045 1136 1106 id
1159 1053 1207 1106 eet
1228 1046 1332 1119 deum,
1361 1048 1392 1108 id
1440 1083 1443 1122 =

217 1147 264 1198 est
278 1137 439 1198 Christum.
475 1138 511 1198 Et
532 1139 582 1218 qui
606 1158 695 1201 unum
718 1140 904 1221 eundemque
919 1143 1102 1204 contendunt
1115 1154 1229 1224 patrem
1245 1155 1275 1207 ct
1288 1147 1390 1218 lilium,
1440 1125 1442 1134 Ι

217 1239 274 1298 iam
298 1238 442 1318 incipiunt
462 1239 593 1300 dividere
616 1239 682 1300 illos
705 1241 806 1319 potius
829 1261 914 1321 quam
938 1242 1057 1306 ⁴unare.
1091 1244 1122 1305 si
1146 1245 1224 1307 enim
1247 1246 1321 1309 aliue
1344 1256 1392 1309 cet

216 1338 312 1410 lesus,
336 1339 411 1399 alius
427 1339 574 1411 Christus,
597 1340 672 1401 alins
695 1342 752 1402 erit
772 1342 861 1414 lilius,
884 1342 976 1404 'alius
997 1352 1092 1421 puter,
1115 1345 1181 1423 quia
1202 1345 1280 1409 filiue
1294 1346 1390 1420 lenus,

217 1449 247 1499 ct
269 1450 353 1519 pater
375 1440 521 1502 Christus.
572 1441 672 1502 Talem
701 1442 902 1504 monarchiam
930 1444 1008 1521 epud
1030 1444 1215 1506 Valentinum
1244 1448 1391 1509 fortaeneb
1452 1459 1472 1488 ⁸

217 1540 398 1614 didicerunt,
422 1542 497 1601 duos
521 1542 632 1614 iacere,
666 1542 766 1603 lesum
789 1550 820 1603 et
841 1537 1001 1605 Christum.
1045 1544 1104 1606 Sed
1127 1554 1157 1606 et
1179 1547 1251 1608 baec
1271 1547 1391 1610 iniectio

216 1659 321 1702 eorum
345 1662 379 1702 cx
402 1643 624 1721 ⁶praetractatis
647 1643 704 1703 iam
727 1650 829 1704 retusa
852 1653 914 1717 cst,
938 1644 1016 1723 quod
1040 1663 1140 1706 sermo
1163 1646 1210 1707 dei
1232 1648 1278 1707 vel
1298 1648 1391 1727 epiri·

218 1750 267 1802 tus
291 1742 337 1803 dei
361 1750 390 1803 et
411 1743 506 1804 virtus
529 1742 663 1804 altissimi
691 1742 787 1804 (lictus
816 1744 869 1816 sit,
904 1762 991 1823 quem
1019 1754 1133 1824 patrem
1163 1746 1282 1808 iaciunt.
1324 1747 1392 1808 Nou
1428 1802 1430 1805 ,

216 1843 401 1921 enim-ipsae
423 1853 492 1904 suut
514 1843 597 1912 cuius
619 1842 772 1915 dicuntur,
806 1845 859 1905 sed
890 1864 923 1906 ex
952 1844 1018 1923 ipso
1049 1854 1078 1906 et
1099 1845 1205 1925 ipsius.
1249 1846 1288 1908 Et
1308 1846 1393 1908 aliter
1441 1861 1451 1883 1

217 1952 315 2004 tamen
340 1944 370 2003 in
392 1945 450 2005 isto
474 1944 599 2023 capitulo
622 1946 820 2005 revincentur.
854 1945 940 2018 Ecce,
962 1945 1108 2024 inquiunt,
1131 1946 1167 2007 ab
1182 1946 1287 2026 angelo
1301 1944 1390 2027 prn'e·

215 2044 344 2104 dicatum
367 2054 427 2105 est:
449 2045 611 2123 Propterea
633 2045 712 2123 quod
735 2052 873 2106 nascetur
894 2054 1043 2119 sanctum,
1065 2047 1218 2109 vocabitur
1237 2047 1315 2110 flliue
1330 2047 1388 2110 clei.
1402 2061 1522 2114 noctua.

216 2143 292 2204 Caro
316 2145 413 2223 itaque
437 2155 503 2205 nata
527 2155 587 2217 est,
611 2164 679 2205 caro
702 2146 818 2223 'itaque
841 2146 897 2206 erit
918 2146 995 2206 lilius
1016 2147 1073 2207 dei.
1106 2147 1201 2208 lmmo
1224 2149 1261 2210 de
1283 2148 1391 2229 epiritu

216 2245 264 2305 dei
288 2245 396 2306 dictum
420 2253 476 2307 est.
522 2245 607 2307 Certe
630 2246 708 2307 euim
731 2245 768 2306 de
797 2246 905 2324 spiritu
934 2255 1036 2307 sancto
1065 2247 1147 2326 virgo
1178 2248 1328 2328 concepit,
1361 2255 1392 2310 et
1495 2255 1506 2279 ‘

216 2345 296 2424 quod
319 2346 468 2426 concepit,
502 2345 532 2405 id
560 2346 691 2424 peperit3
723 2345 752 2405 id
781 2364 852 2423 ergo
875 2347 956 2407 nasci
979 2346 1106 2408 babebat
1127 2347 1205 2427 quod
1229 2357 1293 2409 erat
1314 2365 1389 2409 cou-
1458 2426 1462 2433 .

216 2454 336 2524 ceptum
359 2456 389 2507 et
409 2446 604 2526 pariendum,
638 2445 667 2505 id
691 2455 737 2507 est
758 2447 896 2524 spiritus,
930 2447 1014 2508 cuius
1044 2457 1074 2509 et
1100 2449 1254 2509 vocabitur
1281 2466 1391 2510 nomen

214 2546 424 2619 ⁸Emmanuel,
448 2547 526 2626 quod
551 2555 596 2607 cst
617 2547 858 2624 interpretatum:
880 2546 1040 2609 Nobiscum
1063 2548 1149 2610 (leus.
1193 2547 1268 2610 Caro
1291 2529 1529 2640 autemnamtat

217 2646 292 2707 deus
315 2666 376 2708 non
400 2657 455 2720 est,
479 2657 511 2709 ut
533 2647 570 2707 tle
592 2647 639 2706 illa
658 2647 768 2707 dictum
783 2648 831 2717 sit,
855 2647 1050 2716 “Vocabitur
1072 2660 1206 2711 sanctum
1228 2648 1306 2710 filius
1329 2649 1389 2723 dci,

217 2747 271 2807 sed
295 2747 343 2808 ille
365 2748 414 2827 qui
437 2747 467 2808 in
484 2766 517 2808 ca
533 2757 619 2808 natus
635 2755 682 2808 cst
697 2747 781 2820 deus,
804 2747 916 2827 dequo
933 2758 960 2809 et
975 2749 1127 2827 psalmus:
1151 2749 1298 2822 Quoniam
1314 2750 1389 2811 (leue
1399 2748 1529 2842 “fg-w

216 2849 308 2909 bomo
332 2859 417 2910 natus
441 2858 486 2910 est
507 2849 546 2908 in
561 2848 624 2921 illa,
655 2856 685 2909 et
711 2849 875 2910 aedificavit
903 2868 967 2912 eam
995 2849 1146 2911 voluntate
1167 2849 1271 2929 patris.
1315 2849 1390 2923 Quis
1509 2828 1515 2847 ’

216 2949 292 3010 <leus
315 2951 345 3010 in
368 2969 402 3011 ea
424 2947 534 3010 natus?
566 2955 666 3009 sermo
690 2958 720 3011 et
741 2951 880 3030 spirituo,
909 2950 960 3030 qui
989 2970 1054 3012 cum
1077 2969 1217 3012 sermone
1240 2952 1277 3013 de
1298 2951 1390 3030 patris

216 3051 366 3123 voluntate
390 3057 548 3111 natusest.
585 3049 678 3127 igitur
699 3068 798 3111 sermo
821 3051 851 3112 in
873 3070 976 3125 carne,
998 3050 1086 3112 ⁹(lum
1110 3061 1139 3111 et
1160 3051 1198 3113 de
1218 3051 1276 3113 boc
1297 3070 1389 3131 quae-

216 3151 357 3224 rendum,
381 3152 531 3230 quomodo
554 3168 653 3211 sermo
677 3169 745 3210 caro
768 3151 807 3212 sit
829 3152 937 3223 lactus,
964 3161 1104 3212 utrumne
1126 3153 1210 3230 quasi
1233 3153 1393 3230 transfigu-

217 3263 299 3313 ratus
322 3253 351 3312 in
375 3271 478 3324 carue,
502 3270 539 3311 an
561 3251 682 3312 indutus
705 3270 834 3312 cernem.
868 3251 962 3312 lmmo
985 3251 1117 3312 indutus.
1152 3251 1288 3313 Ceterum
1304 3238 1393 3312 de'um

217 3353 419 3413 inmutabilem
454 3361 484 3413 et
515 3352 732 3413 informabilem
766 3351 846 3412 credi
881 3369 1003 3412 necesse
1037 3359 1099 3421 est,
1136 3351 1196 3411 ¹⁰ut
1229 3361 1392 3411 aeternum.

216 3453 452 3531 Transfiguratio
476 3462 573 3513 autem
595 3452 785 3531 interemptio
815 3459 861 3512 est
882 3451 1011 3530 pristini.
1056 3450 1152 3511 Omne
1176 3449 1270 3521 enim,
1293 3449 1390 3528 quotl-

217 3573 334 3633 cunquc
357 3554 584 3632 transfiguratur
612 3555 640 3614 in
672 3552 765 3625 aliud,
800 3550 910 3611 desinit
939 3567 1006 3611 esse
1035 3548 1114 3627 quod
1143 3551 1253 3627 luerat,
1287 3556 1316 3609 et
1342 3550 1391 3609 in-

216 3654 289 3732 cipit
311 3673 379 3715 esse
401 3655 480 3734 qu'od
504 3673 563 3715 non
587 3663 658 3715 erat.
713 3653 792 3713 Deus
821 3660 918 3712 autem
940 3667 1037 3727 neque
1066 3649 1176 3709 desinit
1203 3664 1269 3710 ease
1297 3666 1392 3727 neque

216 3754 295 3815 aliud
319 3764 521 3834 potestesse.
566 3755 673 3816 Sermo
696 3762 793 3814 autem
817 3752 891 3812 deus
920 3759 950 3810 ct
970 3768 1070 3811 sermo
1099 3748 1212 3810 domiui
1234 3756 1334 3821 manet
1360 3749 1391 3809 iu

216 3874 338 3928 aevum,
372 3857 592 3934 perseverando
616 3855 729 3916 scilicet
756 3854 786 3913 in
809 3871 863 3914 cua
886 3853 991 3912 forma.
1033 3850 1141 3923 Quem
1172 3850 1198 3910 si
1226 3868 1287 3910 non
1315 3849 1393 3929 capit

216 3956 440 4034 ¹¹configurari‚
472 3975 658 4035 consequens
688 3964 734 4016 est
755 3962 790 4015 ut
811 3953 855 4014 sic
877 3970 945 4012 caro
968 3952 1060 4013 iactus
1089 3951 1290 4030 intellegatur,
1320 3949 1390 4011 (lum

217 4057 280 4116 ¹²lit
301 4057 332 4117 in
354 4076 452 4129 came,
476 4065 505 4117 ct
527 4057 731 4117 manifestatur
753 4066 783 4116 et
804 4054 921 4114 ridetur
936 4061 966 4113 ct
981 4059 1179 4113 contrectatur
1192 4069 1247 4131 per
1261 4068 1390 4125 carnem,

215 4158 285 4236 quia
309 4166 339 4218 et
360 4166 455 4218 cetera
479 4159 524 4218 sic
545 4156 636 4236 accipi
660 4156 788 4234 erigunt.
843 4153 874 4214 Si
905 4153 983 4214 enim
1012 4170 1112 4224 sermo
1141 4171 1176 4212 ex
1196 4151 1391 4228 transfigura-

216 4259 301 4319 tione
324 4266 353 4319 et
382 4258 583 4319 demutatione
611 4256 793 4318 substantiae
822 4273 890 4317 caro
919 4255 1013 4314 luctus
1042 4261 1104 4325 eet,
1138 4269 1196 4312 una
1226 4251 1283 4313 iam
1307 4250 1393 4312 '’erit

215 4379 241 4427 t.
262 4393 336 4427 unare
356 4379 439 4428 Bobcrl.
476 4379 602 4427 iuuaret.
621 4378 686 4426 teto.
722 4378 790 4424 unire
809 4375 978 4434 tresl'uticani,
997 4371 1173 4421 teetePumelt'o.
1224 4370 1247 4420 5.
1266 4369 1329 4420 ellus
1347 4385 1415 4429 οπο,

215 4447 261 4495 att.
281 4447 345 4494 leid.
406 4444 768 4508 omnimembrorum,
794 4450 816 4492 et
834 4443 859 4490 B.
878 4443 903 4489 a'n
919 4455 1001 4502 νηοῖο,
1027 4454 1057 4487 ec
1073 4438 1242 4500 Hireuupt'enei,
1268 4439 1294 4486 οἱ
1310 4437 1390 4500 fallor,

216 4516 305 4563 codice.
348 4515 483 4562 retractatis
509 4512 575 4561 bobo.
628 4511 652 4560 t.
679 4513 760 4574 utique
786 4511 818 4570 d„
847 4524 896 4558 cum
920 4508 1001 4556 Fulvio
1021 4505 1111 4554 Ursino.
1172 4502 1195 4553 8.
1220 4502 1347 4553 emanuhel
1366 4503 1391 4552 B.

215 4580 263 4629 8b.
283 4581 347 4643 quod
368 4588 480 4629 noscetur
497 4588 616 4638 sanctum,
634 4579 757 4627 nocebitur
774 4576 839 4626 lilius
857 4576 895 4624 dci
914 4572 946 4634 d,
964 4587 1016 4623 cnut
1034 4572 1114 4621 Fuluio
1134 4571 1224 4630 Ursino.
1276 4570 1300 4620 9.
1320 4569 1392 4617 bent-

215 4663 265 4711 que
284 4649 352 4696 etde
371 4647 417 4696 boc
436 4649 550 4697 latinius.
594 4645 632 4694 tn.
651 4647 675 4694 iu
694 4653 818 4694 aeternum
836 4646 860 4693 l.
882 4642 943 4691 beiti,
990 4638 1029 4688 ll.
1048 4639 1190 4713 configurari
1208 4640 1276 4688 Bobc.
1311 4645 1393 4685 trans·

215 4717 316 4777 stgurari
335 4717 367 4775 d„
388 4731 437 4764 cunt
455 4716 535 4763 Fulvio
556 4714 646 4762 Ursino.
688 4712 825 4772 consignari
844 4713 869 4760 l.
930 4706 969 4757 12.
987 4707 1071 4756 lith.
1089 4708 1154 4757 beiti.
1190 4706 1304 4755 sittace.
1352 4700 1396 4750 13.

213 4788 263 4832 erit
282 4784 314 4843 d,
335 4799 384 4832 cnm
404 4782 484 4830 Fuluio
504 4782 594 4829 Ursino.
631 4788 682 4829 erat
699 4781 786 4828 Allobo.
805 4778 869 4828 leid.

252 4883 276 4931 b.
295 4883 360 4946 apud
378 4880 528 4931 Valentinum
547 4875 663 4943 tortasse]
684 4879 720 4929 et.
739 4878 796 4930 lde.
809 4876 925 4926 Valentio.
944 4888 997 4937 cop.
1010 4871 1042 4922 16
1060 4880 1084 4922 οι
1101 4870 1142 4921 ἳῖ.
1181 4949 1239 5001 44⁴¹
