3242 5775
310 620 372 682 556
561 635 663 684 curari
686 635 815 675 serrrnn
840 635 1003 676 rnonsnrts
1028 635 1224 677 rsnrutnranr

309 782 524 862 praesumpsit,
547 765 625 842 nunc
648 783 681 843 ad
705 782 831 860 reliquas
854 801 1018 844 conversus
1041 784 1227 860 quaestiones
1251 785 1403 862 plurimum
1419 781 1450 841 ii-

309 883 402 942 debor
424 902 489 942 cum
512 882 699 960 pbilosophis
723 882 925 943 dimicaturus.
959 884 1055 944 Etiam
1078 884 1107 943 in
1131 901 1248 944 carcere
1271 884 1411 946 ²Socratis
1427 882 1452 941 de

307 984 422 1043 animae
445 991 523 1042 statu
545 982 711 1042 ³veiitatum
736 993 791 1043 est.
845 983 949 1043 Nescio
971 984 1028 1043 iarn
1051 984 1108 1043 iroc
1129 984 1274 1061 primum,
1304 1005 1340 1046 an
1364 982 1452 1065 'oppor-

309 1092 380 1143 tuno
403 1084 433 1142 in
457 1092 589 1160 tempore
612 1082 793 1159 'magistrilg
817 1084 872 1143 etsi
896 1084 967 1143 nihil
990 1084 1026 1143 de
1049 1084 1114 1144 loco
1140 1085 1272 1146 interest.
1306 1086 1383 1158 Quid
1398 1075 1454 1146 euin

309 1183 419 1262 liquido
443 1193 560 1262 saperet
582 1184 678 1243 anima
708 1194 776 1243 tune
799 1184 948 1254 Socratis,
983 1184 1038 1243 iam
1068 1204 1153 1245 sacro
1183 1186 1298 1264 navigio
1328 1202 1455 1265 regresso,

309 1284 366 1344 iam
397 1284 501 1344 cicutis
535 1284 732 1343 damnationis
764 1284 942 1354 exiraustis⁰,
982 1285 1038 1344 iam
1068 1295 1163 1345 morte
1191 1297 1349 1364 praesente
1378 1286 1456 1362 utiquc

307 1393 495 1444 consternata
523 1386 557 1443 ad
581 1385 707 1463 aliquem
730 1385 877 1455 ⁵m0tum,
912 1385 1073 1445 secundum
1102 1394 1253 1457 naturam,
1283 1396 1334 1446 aut
1361 1386 1455 1447 ⁶exter-
1504 1385 1506 1396 '

309 1483 406 1552 natal,
437 1485 462 1543 si
486 1504 544 1543 non
568 1485 730 1545 secundum
753 1483 927 1545 'naturam‘l
972 1486 1113 1556 Quamvis
1143 1486 1220 1546 enim
1251 1486 1363 1565 placida
1391 1495 1456 1561 atque

310 1585 479 1661 tranquilia,
510 1600 595 1662 qnam
619 1603 673 1645 nec
700 1585 834 1662 coniugis
864 1586 950 1644 lictus
980 1586 1078 1645 statim
1106 1587 1208 1647 viduae
1239 1605 1296 1647 nec
1316 1587 1457 1646 liberorum
1504 1567 1506 1586 ¹

309 1693 488 1761 conspectus
518 1685 621 1744 exinde
649 1685 828 1762 pupillorum
860 1685 924 1762 iege
952 1686 1069 1763 pietatis
1092 1687 1257 1758 inliexerat,
1292 1687 1338 1747 vei
1365 1687 1393 1747 in
1417 1685 1458 1745 bot

310 1791 406 1844 tamen
431 1794 524 1856 mota,
555 1803 591 1845 ne
614 1794 798 1854 moreretur,
828 1785 891 1863 ipsa
915 1788 1080 1847 constantia
1102 1806 1246 1847 correussa
1269 1797 1317 1847 est
1339 1787 1457 1847 adversus

310 1884 523 1944 inconstantiae
545 1885 781 1945 concussionem.
831 1885 907 1957 Quid
930 1896 1027 1946 autem
1051 1887 1127 1947 aliud
1151 1897 1270 1966 saperet
1292 1888 1336 1947 vir
1358 1884 1459 1966 quilibet

310 1984 414 2044 iniuria
438 1985 591 2046 damnatus
606 1995 723 2063 praeter
738 1986 864 2046 iniuriae
880 1986 1035 2048 solamen?
1058 1988 1165 2047 nedum
1182 1988 1389 2067 philosophus,
1410 1984 1457 2063 glo·

309 2084 370 2145 riae
391 2085 524 2152 arrianai',
549 2086 595 2145 cui
618 2105 672 2146 nco
694 2087 875 2147 corisolanda
898 2095 944 2147 est
965 2088 1086 2161 iniuria,
1111 2089 1163 2148 sed
1186 2088 1285 2168 potius
1303 2084 1457 2149 insultanda.

310 2184 440 2264 Denique
462 2195 532 2264 post
554 2187 728 2246 sententiam
752 2187 856 2248 obviae
884 2189 1001 2265 coniugi
1031 2197 1060 2248 et
1086 2189 1269 2249 muliebriter
1303 2182 1458 2250 inclamanti,

310 2286 421 2348 iniuste
444 2287 598 2353 damnatus
620 2287 670 2347 ⁸es
694 2286 850 2348 Socrates!
873 2288 929 2348 ianr
954 2289 1040 2349 etde
1063 2290 1257 2366 gratulatione
1273 2288 1458 2368 responderat,

310 2387 435 2448 Volebas
463 2396 559 2447 autem
588 2386 705 2448 instet?
753 2388 837 2460 ”Quo
873 2389 945 2449 nibil
978 2389 1158 2460 mirandum,
1193 2390 1217 2450 si
1247 2400 1276 2450 et
1304 2390 1336 2449 in
1363 2399 1460 2449 caroett

312 2487 496 2548 ¹⁰inriscatas
518 2488 603 2565 Anyti
626 2498 656 2549 et
670 2488 760 2549 bielitl
782 2489 914 2567 palmas¹
938 2489 1095 2567 ¹¹gestiens
1115 2490 1274 2566 iufringere
1297 2489 1362 2567 ipsa
1383 2490 1460 2549 morie

1383 2607 1391 2631 i

311 2640 335 2689 2.
355 2640 447 2687 Socrati
466 2639 510 2687 los.
522 2640 632 2700 Scaliper.
685 2639 709 2688 3.
727 2640 761 2687 sei
782 2639 813 2687 ita
832 2639 973 2687 relllleatum
992 2649 1030 2687 est
1047 2642 1072 2687 ii.
1123 2640 1146 2688 4,
1167 2640 1296 2699 magisterii
1316 2639 1461 2699 insucatae·

311 2708 335 2755 5.
355 2715 445 2754 motum
464 2708 510 2764 ab,
537 2722 587 2755 cnm
605 2707 704 2754 latinio.
749 2706 846 2754 modum
873 2706 913 2753 iiii.
973 2705 997 2754 6.
1022 2714 1155 2754 exsternata
1174 2709 1195 2755 b.
1240 2715 1363 2756 externum
1387 2701 1461 2767 reteri

311 2774 334 2821 i.
353 2780 504 2821 consternata
527 2772 550 2819 ii.
603 2770 628 2820 8.
647 2774 725 2820 eslii.
778 2772 803 2821 9.
822 2788 869 2835 quo
889 2772 946 2820 nihii
965 2774 990 2821 B.
1026 2773 1087 2821 litim
1107 2775 1198 2836 reliqui.
1241 2773 1279 2822 to.
1300 2776 1421 2823 inviscatas
1436 2768 1460 2825 b,

312 2841 519 2903 diapsalmus.
556 2839 579 2886 in
598 2848 621 2887 te
639 2840 768 2888 intriseatas
786 2840 811 2889 B.
853 2841 1006 2890 lemniscatas
1029 2842 1121 2905 reliqui,
1142 2842 1170 2890 de
1188 2843 1283 2892 reniret.
1302 2843 1396 2892 beticii.
1433 2836 1462 2886 ll·

312 2909 418 2968 gestiens
436 2907 546 2968 enatat.
581 2909 657 2967 gestio
676 2908 701 2956 B.

920 3000 949 3055 οἱ
971 3001 1095 3054 δικασταὶ
1121 3003 1262 3070 λέγονται,
1291 2999 1349 3072 ἀφ’
1375 2993 1406 3057 οὗ
1426 2999 1466 3064 tir

310 3022 361 3068 cap.
374 3006 398 3055 3.
417 3013 440 3053 et
457 3010 598 3069 praesertim
615 3022 666 3069 cap.
681 3005 729 3059 iti
747 3007 870 3066 singulare
928 3066 935 3086 ,

920 3068 1066 3138 απόφασιν
1092 3067 1276 3138 s'iesdyirores,¹
1297 3071 1344 3124 διὰ
1371 3070 1401 3124 τὸ
1425 3067 1466 3132 tir

310 3075 401 3136 aliquid
428 3075 531 3135 amplius
561 3075 699 3122 tractavisse
730 3074 808 3135 palam
834 3083 871 3124 est

310 3155 380 3204 quam
400 3141 464 3204 quod
483 3141 505 3187 in
525 3156 553 3188 eo
572 3141 634 3190 libro
653 3141 739 3202 iegitur
757 3143 869 3204 quiertat

309 3209 364 3256 hdr.
382 3209 564 3267 Hermogenem.
583 3210 631 3262 tir.
643 3209 743 3263 lunias.i

344 3277 365 3323 b.
387 3271 504 3338 magistri]
524 3276 600 3324 idest
617 3277 732 3334 doctoris,
751 3276 866 3325 Socratis.

310 3344 424 3405 Rigaltius
441 3345 545 3404 mnqistri
568 3344 653 3406 accipit
677 3344 781 3392 vocativo
801 3360 867 3403 casu,

309 3420 430 3474 tamquam
450 3411 609 3474 philosophos
627 3412 773 3474 alloquatur.

344 3494 364 3527 c.
383 3480 428 3527 iam
448 3479 531 3527 cicutis
549 3479 709 3527 damnationis
733 3474 867 3541 exhaustis]

310 3546 360 3594 lion
379 3546 521 3608 simpliciter
540 3547 630 3595 ricrttas
648 3546 714 3603 dicit,
738 3561 799 3609 quae
819 3561 866 3594 non

310 3613 403 3661 intritae
422 3613 513 3661 Socrati
539 3615 583 3662 nisi
608 3615 652 3661 sub
677 3612 737 3661 solis
756 3627 868 3661 occasum

310 3681 385 3733 tuere,
403 3680 446 3728 sed
465 3682 554 3729 cirratas
569 3682 738 3738 damnationis,
757 3695 817 3743 quas
833 3680 867 3729 ilii

308 3748 353 3794 suh
371 3747 431 3794 soils
455 3756 533 3795 ortum
553 3751 717 3796 nuntiaverant
744 3748 869 3795 undecim·

309 3814 357 3860 riri.
386 3813 502 3861 Admissis
520 3817 582 3861 enim
601 3815 703 3862 subinde
721 3816 804 3863 amieis
824 3830 867 3862 nu-

309 3879 364 3927 bilis
382 3879 423 3926 ilie
441 3879 471 3926 de
496 3881 573 3927 anima
598 3896 678 3929 sermo
703 3882 785 3930 haberi
811 3897 867 3930 eoe-

309 3954 384 4009 perat.
410 3945 458 3995 iam
474 3946 557 3994 cicutis
568 3947 727 3996 damnationis
738 3950 868 4008 exhaustis,

310 4013 356 4060 hoc
379 4019 416 4060 est
439 4013 485 4060 iam
513 4014 591 4062 andita
622 4015 782 4064 damnationis
809 4031 867 4063 suae

309 4079 436 4137 sententia,
455 4082 523 4142 quasi
534 4081 563 4128 ab
575 4096 603 4129 eo
618 4083 735 4145 temporis
745 4091 867 4132 momento

309 4155 410 4194 mortem
429 4148 541 4196 Socrates
561 4149 642 4197 bibere
660 4150 791 4214 coepisset,
814 4164 866 4198 curu

309 4213 338 4260 ab
363 4230 391 4259 en
416 4229 511 4277 quoqne
540 4217 630 4265 iudices
654 4218 723 4264 vitam
752 4217 868 4266 custodiis

308 4282 427 4328 ademisse
446 4291 588 4331 censeantur
607 4299 634 4331 ex
653 4299 699 4347 quo
713 4285 797 4332 mortis
810 4299 869 4332 seu-

309 4350 405 4396 tentiam
425 4350 513 4397 direre.
555 4355 629 4414 ,itque
648 4366 700 4400 eam
720 4352 869 4400 adserendae

309 4417 370 4463 iuter
389 4415 549 4476 Erarrgelistas
567 4433 641 4481 super
659 4419 792 4467 dominicae
811 4434 868 4481 pas-

308 4483 384 4531 sionis
403 4485 460 4530 irata
481 4486 624 4533 concordiae
650 4487 766 4534 rationem
789 4486 818 4534 alr
838 4487 867 4534 iis

308 4550 348 4612 qui
374 4565 528 4598 numerorum
554 4561 623 4601 notas
642 4554 664 4601 in
689 4553 867 4616 exemplaribus

308 4618 405 4666 Graecis
424 4617 575 4667 aberratione
593 4621 803 4669 transcribentium
823 4621 866 4669 de·

308 4684 399 4747 prarari
425 4686 533 4746 potuisse
560 4701 610 4751 non
637 4688 747 4750 probant,
777 4688 866 4736 adierrl

308 4761 374 4801 trotat
393 4751 585 4813 Tireoplqlactus
610 4754 632 4802 ln
652 4755 733 4803 larana.
755 4771 807 4818 cap.
822 4755 866 4804 ta:

306 4810 422 4872 „intera
452 4817 611 4883 acceptrices
636 4815 682 4868 καὶ
710 4820 866 4888 τιμωρῆσαι

920 3137 1037 3207 δύναμιν
1054 3140 1102 3200 τῆς
1121 3138 1254 3209 τιμωρίας
1270 3139 1316 3191 καὶ
1334 3143 1383 3191 τοῦ
1394 3134 1466 3190 θανά·

920 3224 968 3257 rou
995 3203 1024 3257 ἒν
1050 3209 1109 3262 ταῖς
1134 3203 1271 3273 γλώσσαις
1296 3210 1467 3270 κεκτῆσθαι.“

920 3279 1003 3326 Verum
1024 3279 1081 3325 baec
1100 3277 1220 3325 schemata
1241 3279 1410 3328 declamationi
1427 3279 1469 3326 ior·

919 3354 971 3393 tean
991 3347 1140 3402 eorrreoiaut,
1165 3345 1261 3393 minime
1280 3356 1360 3395 autem
1380 3359 1469 3407 craneo·

921 3413 981 3460 liene
999 3413 1098 3461 ceritati.
1118 3412 1224 3472 illigarit.)

952 3480 974 3527 d.
993 3475 1125 3542 externata]
1153 3480 1231 3528 Gloss.
1260 3480 1311 3529 Lat.
1336 3495 1376 3543 ap.
1393 3480 1471 3528 iiaium

917 3547 993 3595 Aucti.
1011 3547 1087 3596 Class.
1109 3555 1166 3594 torn.
1180 3547 1238 3604 titt,
1259 3563 1281 3609 p.
1293 3546 1359 3597 toi:
1377 3548 1473 3608 „Estn-

920 3629 983 3673 aare,
1002 3613 1134 3661 alienare‘·
1162 3613 1241 3663 Gloss.
1256 3615 1395 3664 i‘iriioaeni;
1411 3614 1473 3676 „Er-

920 3689 1030 3739 teraetus‚
1051 3673 1125 3731 leros
1144 3679 1290 3744 φρενῶν.“
1316 3682 1354 3732 Ci.
1368 3683 1475 3745 interprr.

920 3749 949 3796 ud
968 3749 1036 3810 Apul.
1057 3749 1149 3795 iletam.
1170 3747 1257 3805 lil‚22.

954 3831 974 3865 e.
1001 3816 1170 3877 philosophus,
1194 3817 1285 3875 gloriae
1310 3815 1414 3881 animal]
1440 3817 1477 3866 Sic

921 3883 1056 3944 lileronym.
1082 3883 1156 3943 Epist.
1184 3885 1212 3930 ad
1239 3883 1357 3932 lulianum
1387 3901 1411 3947 p.
1423 3884 1477 3934 tta.

919 3949 1033 4006 itomil'.
1053 3950 1114 4012 Opp.
1134 3950 1169 3998 ed.
1190 3949 1288 4004 benedi
1316 3959 1340 3999 et
1359 3950 1433 4014 Epist.
1449 3951 1478 4000 ad

919 4018 1095 4065 pammachinm
1122 4031 1144 4079 p.
1155 4015 1212 4065 585.
1238 4017 1413 4081 philosophum
1437 4034 1479 4082 ap·

918 4084 993 4147 pellat
1010 4085 1119 4146 „pieriae
1138 4085 1224 4132 animai
1250 4093 1273 4132 et
1292 4087 1420 4147 popularis
1436 4101 1478 4134 an·

918 4167 959 4200 rae
978 4159 1049 4214 atque
1067 4157 1190 4199 rumorum
1210 4151 1292 4199 renale
1308 4151 1479 4217 mancipium-⁸¹

919 4218 973 4281 lpse
998 4218 1098 4266 Tertull.
1123 4220 1191 4280 Apol.
1217 4234 1268 4281 cap.
1285 4218 1342 4276 Π..
1371 4230 1395 4268 et
1418 4220 1481 4279 aiibi,

919 4286 975 4334 dicit
994 4286 1124 4343 „homiues
1142 4286 1261 4346 gloriae,“
1286 4295 1310 4334 et
1329 4286 1364 4334 lie
1384 4288 1480 4337 l‘atient

919 4354 997 4415 capi
1020 4353 1189 4414 „Pirilosoplti
1217 4352 1301 4416 inquit,
1320 4354 1361 4417 qui
1381 4355 1481 4404 alieuius

919 4421 1475 4553 llllitttt‘llltbilbilis...

919 4556 948 4604 ad
974 4555 1082 4616 Xenoph.
1107 4555 1175 4618 Apol.
1199 4555 1268 4603 Sosr.
1294 4571 1347 4619 cup.
1365 4553 1417 4614 28„
1443 4555 1483 4619 qui

919 4623 980 4670 banc
1005 4637 1054 4671 rem
1081 4637 1128 4671 uon
1156 4624 1185 4670 de
1209 4622 1354 4686 llantbippa,
1382 4623 1428 4672 sed
1453 4623 1483 4673 de

919 4689 1068 4752 Apollodoro
1088 4697 1178 4738 narrat.

952 4772 973 4816 g.
994 4757 1119 4805 inviscatas
1136 4781 1170 4790 —
1189 4750 1295 4821 palmas}
1319 4757 1427 4819 lieposui
1445 4771 1484 4805 ra-

919 4830 994 4871 tercm
1027 4825 1179 4887 scripturam.
1234 4824 1297 4874 iiihll
1326 4825 1392 4874 enim
1419 4824 1444 4873 it.
1468 4825 1486 4873 Ι.
