3242 5775
299 691 363 754 Μ
575 704 678 754 onurr
699 702 833 745 srrrnm
853 700 1020 744 monearis
1040 700 1239 744 amoenum

166 861 285 930 orun-
343 827 350 846 ”
385 853 546 935 epuns
562 853 697 914 cursus
714 861 771 913 aa.
806 851 881 925 ona
896 850 1044 922 meacm,
1066 850 1116 930 qur
1137 867 1198 911 non
1213 850 1332 911 eterra
1347 849 1476 913 amora

157 920 287 971 'mm
301 957 396 1036 Caput¹
415 955 492 1016 enim
517 954 567 1015 'ad
590 954 792 1015 anctoritatem
815 953 933 1032 posuit,
962 950 1123 1013 auctoritas
1144 960 1243 1013 autem
1266 970 1328 1011 non
1350 952 1478 1014 alterins
1519 999 1523 1012 .

300 1059 358 1119 erit
378 1073 466 1137 qnam
487 1055 628 1117 aumoria.
671 1054 763 1115 Cuius
784 1053 913 1132 denique
933 1052 987 1113 riri
1010 1060 1099 1132 caput
1118 1049 1188 1112 eat?
1232 1052 1322 1113 Certe
1349 1052 1388 1113 de
1416 1071 1477 1132 quin
1514 1089 1523 1128 ¹

156 1157 287 1206 ¹⁰⁰‘·¹¹·²·
302 1158 426 1230 subicit,
449 1157 500 1216 t'ir
521 1157 600 1216 enim
623 1173 683 1215 non
706 1154 793 1216 dehet
815 1162 903 1233 caput
923 1153 1029 1224 vetare,
1051 1171 1119 1214 cuna
1140 1154 1181 1214 sit
1201 1153 1249 1214 dei
1271 1153 1382 1233 imago.
1414 1154 1475 1234 igi·
1514 1191 1523 1231 1

299 1270 348 1321 tur
369 1259 395 1320 si
417 1257 559 1319 creatoris
582 1264 629 1316 est
651 1255 746 1332 imago
769 1254 830 1323 (ille
852 1255 931 1316 enim
946 1254 1096 1316 Christum
1118 1271 1289 1316 sermonem
1313 1271 1402 1316 suurn
1423 1255 1474 1316 in-
1515 1295 1523 1332 ,

161 1359 276 1408 60·Ᾰῶ
300 1370 386 1422 tuens
408 1358 560 1419 hominem
582 1358 729 1427 futurum,
752 1355 922 1428 Faciamus,
944 1355 1056 1435 inquit,
1082 1355 1234 1417 hominem
1255 1356 1293 1417 ad
1316 1355 1473 1436 imaginem

299 1471 329 1522 et
350 1458 573 1521 similitudinem
589 1461 752 1532 nostram),
775 1455 928 1535 quomodo
948 1473 1072 1534 possum
1095 1456 1221 1518 atterum
1243 1456 1357 1519 hahere
1377 1467 1473 1539 caput,
1514 1496 1520 1530 ς

300 1579 361 1621 non
382 1577 450 1620 eum
473 1560 557 1620 cuius
580 1559 675 1635 imago
699 1556 787 1619 sum?
831 1557 904 1618 Cum
927 1556 1006 1617 enim
1029 1557 1125 1636 imago
1148 1557 1205 1618 sim
1228 1558 1393 1632 creatoris,
1415 1577 1476 1620 non
1513 1601 1523 1640 ,ς

300 1670 347 1723 eet
369 1661 399 1722 in
421 1679 468 1720 me
490 1659 573 1720 lours
596 1659 701 1739 capitis
723 1658 855 1720 alteriue.
900 1658 961 1719 Sed
982 1657 1032 1719 ²et
1050 1676 1143 1739 quare
1165 1658 1273 1720 mulier
1293 1667 1476 1740 potestaten
1515 1725 1519 1734 ,

188 1758 393 1853 'Cgfiffihruper
413 1769 501 1840 caput
521 1760 631 1821 hahere
652 1758 796 1821 debebit?
840 1758 874 1820 Si
901 1759 969 1838 qnia
997 1778 1033 1821 ex
1060 1759 1141 1834 riro,
1169 1770 1200 1821 et
1226 1771 1353 1841 propter
1379 1761 1477 1824 rium
1511 1799 1518 1840 ·.

300 1866 375 1925 tacta
397 1869 444 1922 est
465 1861 627 1922 sennodum
650 1860 870 1921 institutionem
891 1859 1052 1932 creatoris,
1084 1861 1130 1923 sic
1151 1880 1270 1940 quoque
1292 1862 1359 1924 eius
1382 1862 1477 1924 uisu-
1510 1892 1523 1949 Ι·

297 1964 407 2044 plinam
438 1962 592 2041 apostotus
625 1962 737 2022 errarit
764 1960 801 2022 de
828 1963 913 2022 euius
941 1960 1127 2023 institutione
1158 1979 1264 2022 causas
1299 1963 1477 2045 disciplinae
1509 2007 1517 2048 ,

218 2062 272 2107 Μ·
299 2064 519 2143 interpretatam.
555 2061 652 2123 Adicit
672 2061 776 2132 etiam,
799 2061 927 2141 Propter
947 2062 1080 2142 angelos.
1118 2060 1226 2135 Quos?
1247 2062 1278 2123 id
1301 2073 1349 2126 est
1363 2061 1476 2128 euius?
1505 2077 1523 2157 ’,Ι

186 2147 332 2253 {Phasi
353 2162 496 2225 nestoris
516 2169 696 2241 apostatas·,
724 2162 848 2234 merito,
878 2172 912 2224 ut
937 2162 984 2223 ida
1013 2162 1119 2235 facies,
1149 2182 1225 2243 quae
1246 2183 1302 2225 eos
1324 2165 1476 2228 scandati-
1507 2211 1523 2260 ,Ι

300 2265 392 2337 ravit,
415 2273 514 2326 uotam
537 2263 683 2342 quandam
704 2265 814 2324 reserat
833 2264 872 2324 de
892 2262 996 2325 habitu
1015 2263 1188 2326 humititatis
1211 2275 1241 2326 et
1263 2265 1476 2328 obscuratione
1507 2308 1523 2364 u-

299 2365 433 2429 decoris:
456 2365 481 2425 si
504 2382 575 2425 rere
595 2373 719 2444 propter
733 2364 855 2443 angdos
869 2364 918 2427 dei
932 2365 1107 2437 harterius,
1131 2366 1202 2445 quid
1217 2375 1352 2440 veretur,
1376 2367 1477 2430 mnan
1506 2407 1523 2454 ,2

187 2448 292 2544 Ἓξ
302 2467 360 2547 ipsi
381 2465 572 2528 Marcionitae
593 2466 718 2527 feminae
740 2463 926 2546 appensor
958 2466 1053 2545 Saepe
1074 2465 1133 2527 iam
1155 2467 1343 2529 ostendimus
1366 2468 1476 2530 haere-

300 2587 351 2630 sea
372 2566 449 2646 apud
471 2567 638 2645 apostolum
661 2567 835 2629 internata
857 2575 891 2628 ut
911 2566 1019 2628 maium
1041 2568 1130 2646 poni,
1164 2575 1195 2628 et
1221 2587 1276 2630 eos
1302 2568 1477 2649 probabitur
1503 2623 1523 2670 ι

300 2668 514 2746 intellegendos
541 2668 590 2746 qui
618 2669 759 2729 haereres
788 2677 821 2730 ut
848 2667 957 2729 maium
986 2668 1108 2747 tugiam.
1162 2668 1293 2730 Proinde
1324 2670 1411 2749 panis
1444 2679 1478 2732 et
1503 2729 1523 2770 ,Ι

162 2769 286 2876 ¹3¹¹,⁰;,{¹f''·
299 2768 398 2830 calicis
419 2767 623 2830 'samamento
652 2768 710 2829 iam
732 2769 763 2829 in
785 2768 937 2848 evangetio
958 2768 1164 2848 probavimus·
1190 2771 1325 2849 nemoris
1349 2779 1382 2832 et
1400 2789 1488 2834 ew.

148 2869 560 2951 rcu.11,2a.guinisdominioi
586 2870 738 2932 veritam
766 2870 910 2933 adversus
937 2870 1113 2950 phantasma
1134 2871 1303 2934 Marcionis.
1357 2871 1418 2935 Sed
1444 2877 1477 2935 et

301 2990 420 3034 omnem
443 2972 543 3034 iudicii
565 2972 747 3034 mentionem
768 2972 895 3035 creatori
917 2982 1102 3051 competere,
1131 2983 1164 3034 ut
1191 2974 1248 3034 deo
1276 2973 1380 3046 iudici,
1410 2982 1476 3037 tota

149 3092 289 3145 renerum
300 3092 394 3153 paene
416 3092 507 3154 opere
528 3081 682 3134 tractuum
705 3081 761 3134 est.
794 3072 880 3134 Nunc
900 3073 937 3134 de
959 3072 1141 3152 spiritalibus
1163 3074 1246 3145 dico,
1268 3075 1343 3135 haec
1356 3090 1476 3154 quoqne

301 3175 330 3235 in
346 3174 496 3236 Christum
511 3193 527 3234 a
543 3183 676 3235 creatore
690 3173 854 3253 promissa,
877 3174 935 3233 suh
956 3174 1004 3234 illa
1025 3173 1036 3204 ⁴
1043 3175 1276 3257 praescriptione
1296 3174 1480 3250 incusem,
1500 3248 1516 3255 ἱ

303 3275 425 3355 opinor,
448 3294 505 3355 qua
527 3293 588 3335 non
610 3274 732 3334 atterius
755 3272 902 3334 credenda
924 3273 965 3333 sit
986 3273 1127 3335 exhibitio
1146 3292 1235 3352 quam
1250 3275 1334 3335 carius
1349 3264 1523 3354 muru}

148 3378 391 3448 scrutaretur
409 3374 612 3455 repromissio.
663 3373 868 3435 Pronuntiavit
889 3372 1007 3445 Esaias,
1040 3373 1192 3435 ‘Prodibit
1214 3375 1295 3453 virga
1315 3374 1354 3436 de
1373 3373 1523 3443 ndu-7

299 3478 398 3549 lesse,
421 3484 452 3538 et
472 3476 529 3537 hos
551 3476 588 3536 de
609 3473 709 3535 radice
729 3473 904 3548 ‘ascendet,
926 3485 957 3536 et
977 3474 1144 3553 requiescet
1158 3494 1252 3555 super
1267 3494 1335 3537 eum
1350 3475 1523 3556 spirim

300 3577 424 3638 domini.
467 3576 580 3638 Dehinc
601 3576 716 3656 species
744 3575 808 3636 eius
831 3585 1000 3636 enumerat:
1029 3575 1157 3655 Spiritus
1185 3577 1349 3657 sapientiae
1369 3586 1401 3639 et
1418 3577 1523 3651 inq

301 3677 499 3757 teltegentiae,
523 3676 647 3756 spiritus
669 3675 786 3738 consilii
809 3686 840 3737 et
861 3677 1019 3750 valentiae,
1048 3676 1096 3739 ’et
1117 3678 1240 3757 spiritus
1261 3677 1420 3757 agnitinu's
1438 3686 1523 3753 a-

301 3778 463 3858 reiigionis,
487 3777 611 3857 spiritus
626 3797 695 3839 eum
710 3777 855 3857 'replebit
867 3777 983 3838 timoris
996 3777 1053 3839 dei.
1080 3777 1230 3840 Christum
1247 3778 1326 3841 enim
1341 3779 1371 3841 in
1385 3778 1523 3847 tiari-

300 3880 392 3958 figura
414 3876 545 3940 ostendit
566 3879 711 3941 oriturum
732 3878 787 3940 ⁹ex
808 3879 890 3958 virga
911 3879 1043 3959 proiecta
1064 3878 1101 3940 de
1123 3880 1222 3941 radice
1242 3879 1345 3955 lesse,
1372 3880 1405 3943 id·
1420 3886 1523 3945 nl

301 3978 442 4058 '⁰rirgine
469 3980 588 4058 generis
609 3980 716 4052 David,
743 3980 795 4042 tilii
817 3981 916 4052 lesse,
944 3980 975 4042 in
1003 3999 1061 4060 quo
1084 3979 1204 4042 Christo
1227 3982 1394 4043 consistere
1412 3980 1523 4045 hm·

300 4080 385 4142 heret
406 4089 467 4141 tota
489 4080 652 4142 substantia
676 4081 817 4160 spiritus,
846 4100 907 4143 oon
935 4081 1020 4161 quasi
1042 4091 1148 4162 postea
1170 4083 1335 4145 obventura
1356 4080 1398 4145 iiii
1416 4074 1523 4163 (μὲ

302 4200 421 4262 semper
443 4180 566 4263 spiritus
589 4182 636 4244 dei
658 4183 761 4257 tuerit,
784 4192 853 4244 ante
874 4201 994 4245 carnem
1015 4201 1150 4264 quoque,
1184 4201 1223 4245 ne
1245 4202 1282 4246 ex
1302 4184 1361 4246 hoc
1378 4198 1523 4264 argu-v

1516 4330 1523 4359 t

369 4366 505 4431 Capilli.
543 4369 565 4417 1.
584 4367 613 4417 ad
632 4370 711 4419 omit.
764 4368 787 4419 2.
807 4371 930 4420 otomd.
982 4368 1296 4421 2b.atterosFr.1uaiua.
1344 4368 1477 4437 &saerfl-

303 4434 464 4484 mentumBC.
499 4435 523 4483 t.
542 4437 720 4500 proscriptione
731 4437 773 4487 PC.
808 4436 833 4486 h.
852 4436 954 4501 prodivit
972 4438 1014 4487 BC.
1028 4437 1149 4487 Vaticanus
1166 4445 1270 4501 uterque.
1313 4437 1338 4488 6.
1356 4432 1477 4489 emur

301 4511 323 4549 et
343 4504 365 4551 d.
393 4502 425 4567 Cf.
446 4503 529 4552 Contra
546 4504 597 4553 dud.
616 4520 665 4568 cup.
677 4503 701 4552 9.
736 4505 851 4554 ascendet
869 4503 898 4553 de
917 4505 979 4567 virga
999 4513 1021 4553 et
1038 4504 1132 4570 reliqui.
1183 4505 1207 4553 7.
1225 4513 1250 4553 et
1266 4506 1347 4556 anah.
1386 4504 1523 4557 baffi-'²

301 4570 377 4634 ptebit
394 4573 430 4620 cd
452 4571 611 4620 Puticaaaruor
628 4572 694 4620 niter.
729 4572 829 4636 replerit
846 4573 920 4622 ndat.
972 4572 995 4622 9.
1014 4579 1037 4621 et
1056 4572 1081 4622 C.
1115 4584 1143 4621 er
1161 4572 1187 4622 P.
1233 4572 1272 4623 10.
1292 4586 1321 4624 ea
1338 4573 1426 4636 virgine
1450 4552 1523 4617 Ν

335 4702 394 4768 Cap.
412 4702 473 4753 rur.
506 4719 529 4755 a.
547 4704 572 4753 Si
591 4706 707 4755 creatoris
725 4701 861 4770 apostatae]
945 4706 969 4756 h.
987 4706 1007 4756 ai
1026 4721 1071 4758 nac
1088 4706 1300 4771 ipaihiarcianitaa
1312 4708 1473 4771 tonarium!¹

301 4772 335 4820 he
364 4774 401 4821 hir
427 4771 519 4833 augetis
548 4774 665 4835 apostatis
692 4774 723 4823 ct.
751 4781 774 4822 et
797 4773 859 4823 intra
911 4769 1029 4840 purast]
1048 4774 1140 4825 Nedum
1159 4775 1238 4836 angeli
1256 4776 1294 4826 dri
1314 4790 1407 4827 ouran.
1463 4790 1465 4801 ·

302 4854 354 4902 cap.
367 4838 405 4891 18.
423 4848 492 4901 eata,
518 4847 542 4890 et
565 4854 626 4905 quaa
650 4840 759 4892 adnotari
776 4841 807 4891 ad
825 4842 859 4890 he
944 4856 966 4892 c.
984 4841 1031 4892 iarn
1049 4843 1073 4893 in
1091 4842 1214 4905 evangetio
1237 4836 1405 4910 probarint]
1425 4834 1445 4893 ΐ

301 4904 387 4958 idolol.
406 4905 494 4974 rapt.
910 4923 983 4975 suprn
1002 4908 1044 4961 tib.
1055 4909 1091 4973 tt,
1109 4924 1163 4977 cap.
1175 4909 1218 4962 tn.
