3242 5775
425 725 573 770 inmens
594 727 767 771 uinctum
789 730 847 773 un.
865 731 897 775 n.
1191 728 1251 790 1117

197 876 300 944 alibne
323 875 493 968 disciplinis
523 875 749 939 ooe'trrrentibns
777 877 905 958 ubique,
936 899 976 943 ne
999 882 1074 945 ¹ullo
1096 899 1251 953 momento

210 996 227 1039 e
242 977 295 1039 dei
310 985 462 1057 respectu.
495 975 592 1049 'Quid
615 976 695 1039 eninr
716 980 829 1040 teneret
841 978 959 1043 beatum
974 982 1127 1048 bominem
1142 986 1248 1069 'quem
1258 1017 1378 1075 pm„

198 1077 318 1140 domini
334 1077 471 1139 voluntas
486 1074 578 1139 eiusi
606 1085 637 1139 et
656 1077 687 1139 in
709 1078 775 1159 lege
795 1079 908 1142 domini
929 1083 1123 1147 meditabitur
1144 1088 1193 1151 die
1214 1109 1249 1154 eo

202 1179 305 1254 Quam
332 1178 428 1257 legem
455 1195 518 1239 non
546 1176 655 1239 duritie
681 1180 880 1260 promulgavit
905 1183 1055 1258 rumoris,
1088 1187 1143 1249 sed
1170 1191 1248 1252 ratio
1351 1229 1354 1234 -

214 1278 427 1359 benignitatis,
460 1277 564 1359 populi
590 1278 692 1358 potius
721 1279 861 1342 duritiem
888 1282 1055 1347 edomemis
1083 1293 1114 1348 et
1140 1288 1245 1352 rudem

197 1402 205 1439 i
233 1380 329 1443 fidem
358 1379 499 1460 operosis
528 1378 635 1440 officiis
663 1380 848 1454 dedolantis,
882 1389 915 1443 nt
941 1382 1017 1445 nibil
1044 1384 1083 1446 de
1109 1390 1245 1453 mosen·

219 1479 449 1561 ‘significantiis
470 1479 562 1558 legis,
585 1479 730 1560 spiritalis
753 1480 867 1543 scilieet
887 1490 917 1544 et
930 1482 1137 1563 propheticae,
1160 1495 1192 1549 et
1212 1489 1244 1552 in

220 1600 324 1662 paene
345 1581 528 1660 argumentis
550 1579 702 1659 figuratae.
752 1580 869 1643 Sufficit
889 1583 968 1645 enim
989 1583 1194 1664 inpraesenti
1216 1589 1244 1651 si

197 1701 232 1744 er
254 1682 409 1745 bominem
431 1681 488 1742 deo
501 1680 667 1759 obligabat,
688 1689 723 1743 ut
743 1700 832 1743 nemo
855 1701 920 1744 eam
942 1684 1104 1763 reprobare
1125 1685 1242 1763 debent,

206 1801 275 1845 non
296 1782 411 1863 'planet
431 1782 487 1844 deo
510 1781 671 1843 deservire.
715 1782 758 1842 td
779 1783 839 1843 hoe
859 1771 1051 1857 beneficium,
1078 1802 1141 1846 nou
1163 1804 1241 1848 onus

197 1884 395 1954 diuvandum,
427 1881 533 1943 ‘etiam
563 1881 725 1961 prophetes
747 1881 850 1944 eadem
872 1881 991 1945 bonitus
1013 1883 1061 1945 dei
1083 1884 1240 1962 ordinarit,

223 1984 285 2045 deo
308 1984 413 2062 digna,
435 1983 551 2044 auterre
572 1981 719 2062 nequitias
735 1981 772 2043 de
787 1982 901 2056 enimn,
924 1983 1358 2064 disoerebeneleoere,10..t‚u,

197 2105 211 2146 e
234 2083 410 2155 iudioiuml,
433 2082 562 2144 iudicare
576 2082 587 2113 ⁷
592 2082 705 2162 pupillo
720 2091 751 2144 et
765 2083 927 2145 iustilioare
941 2083 1075 2158 viduam,
1096 2084 1237 2165 'diligere

197 2197 281 2257 nes⁸,
303 2186 407 2263 lugere
427 2183 631 2262 improborum
653 2181 872 2256 'eontaotum⁴,
901 2183 1050 2246 dimittere
1072 2186 1237 2249 munitum

199 2298 260 2358 m·,
283 2284 432 2364 dissipare
452 2283 630 2363 scripturam
651 2283 809 2357 iniustum,
838 2284 1002 2363 intringere
1028 2302 1136 2365 penem
1164 2304 1390 2364 eeu-rennuit.

218 2392 333 2447 teotnm
355 2402 417 2445 non
438 2383 596 2446 habentem
623 2384 823 2446 inducerem
852 2384 973 2446 domum
1000 2392 1096 2459 utem,
1126 2386 1237 2450 nudum

197 2486 241 2560 is,
276 2493 450 2565 contegere,
483 2493 514 2547 et
539 2484 721 2547 domesticos
750 2485 874 2547 seminis
908 2485 950 2547 tui
982 2504 1044 2547 non
1073 2486 1236 2568 despicere,

198 2606 250 2649 ere
270 2587 403 2665 linguam
424 2604 441 2647 e
462 2586 558 2659 melo,
585 2594 615 2646 et
634 2584 726 2659 labia,
754 2605 793 2646 ne
814 2585 974 2664 loquantur
995 2586 1113 2661 dolum,
1142 2580 1374 2690 donli-'pqfffffflb

203 2687 297 2760 malo,
332 2694 363 2747 et
390 2687 487 2748 faeere
512 2686 641 2759 bonum,
676 2703 818 2765 quaerere
845 2704 947 2765 paoem
979 2694 1009 2748 et
1028 2688 1137 2750 sectari
1160 2707 1235 2764 eam,

197 2806 202 2848 ι
221 2807 282 2849 non
305 2787 494 2865 delinquere,
517 2787 546 2849 id
569 2794 617 2847 est
638 2786 669 2847 in
691 2786 733 2848 ire
749 2803 809 2847 non
826 2804 1017 2866 perseverare
1032 2787 1095 2850 sire
1111 2789 1234 2862 saevire,
1247 2817 1349 2871 pugg

197 2909 226 2951 re
246 2891 277 2953 in
299 2889 456 2952 concilium
478 2889 653 2968 impiorum,
676 2906 731 2949 uec
753 2895 832 2949 stare
848 2889 878 2949 in
893 2888 938 2949 ria
953 2898 1158 2969 peecatorum,
1180 2909 1333 2973 neop„1‚1‚

197 2990 251 3051 dra
280 2992 299 3023 ¹¹
307 2990 512 3070 pestilentium
541 2989 656 3050 sedere.
702 2988 761 3049 Sed
790 2987 864 3051 ubi?
906 2989 978 3050 vide
1007 3008 1094 3068 quem
1121 2990 1233 3054 bonum
1296 3010 1332 3051 rs.

197 3109 231 3152 tut
251 3091 409 3154 iocundum
432 3090 563 3151 habitare
585 3091 692 3150 iratres
720 3089 750 3149 in
780 3108 886 3162 unum,
920 3090 1097 3152 meditantes
1127 3092 1176 3154 die
1202 3058 1374 3153 aocfflm‘L

197 3211 264 3260 ,tlt
300 3211 323 3260 1.
342 3210 393 3259 nllo
412 3218 533 3258 momento
552 3211 585 3269 d,
606 3210 718 3258 latinius.
762 3208 796 3256 illi
816 3216 938 3257 momento
957 3224 985 3269 e,
1006 3223 1035 3258 ee
1052 3224 1098 3259 nno
1120 3210 1235 3261 Vetiouno.

197 3279 322 3328 tietuini.
359 3278 402 3325 olli
422 3277 596 3326 momeotnid.
639 3276 662 3324 2.
682 3276 799 3338 quodid.
841 3275 1083 3338 dquamqusmdli.
1119 3275 1238 3337 leigni-

197 3343 252 3393 tttt.
302 3346 327 3394 5.
347 3344 484 3409 pleceetd.
536 3343 560 3392 6.
579 3343 621 3391 sed
640 3345 711 3391 etiarn
729 3343 791 3392 luc.
843 3343 867 3391 1.
887 3341 1038 3404 pupilloti.
1090 3341 1114 3390 8.
1134 3342 1237 3402 dirigere

198 3414 289 3462 eiertm
306 3415 353 3462 lolt
364 3413 474 3462 llerriaii.
531 3411 555 3460 9.
574 3419 724 3459 contractum
743 3426 762 3457 o.
806 3417 943 3457 contectum
960 3409 1046 3469 reliqui
1063 3414 1084 3455 et
1101 3408 1238 3457 Pitlroeueus
1307 3413 1316 3427 ⁸

210 3478 242 3526 id.
259 3481 281 3528 in
298 3482 415 3541 integrum
437 3481 459 3528 d.
494 3480 555 3539 „Sic
573 3480 655 3527 iubent
675 3478 815 3538 exemplario
832 3473 938 3524 oeteo-o.“
957 3473 1061 3534 (dignit.)
1105 3473 1143 3521 ll.
1163 3474 1239 3536 pesti·

197 3546 323 3596 edere-ride
341 3548 385 3596 tt.
432 3545 472 3594 12.
490 3555 513 3594 et
531 3560 602 3609 quam
621 3544 750 3592 iucundum
770 3545 806 3592 ed.
825 3543 945 3591 Vaticanus
964 3555 1032 3589 onus.
1067 3547 1091 3588 et
1109 3540 1237 3591 iucundum

198 3709 241 3761 lib
260 3730 280 3763 ι.
297 3715 326 3762 de
337 3709 446 3776 areanis]
464 3719 554 3762 trane
564 3712 625 3772 legis
678 3711 742 3758 mino
762 3710 938 3773 disputationes
953 3722 996 3758 sen
1010 3708 1164 3771 quiestiones
1182 3707 1238 3758 dili·

198 3774 374 3848 ¹ttit1inenim,
397 3796 445 3830 non
459 3782 625 3843 ‘significantiis
677 3779 766 3837 gendes
785 3778 818 3827 ait
835 3777 975 3840 Septimius.
994 3775 1100 3836 (ltigslt.)

199 3844 290 3913 uitiosi,
312 3851 359 3898 boe
377 3857 415 3897 est
434 3850 544 3910 mysteria
564 3848 624 3907 legis
710 3846 733 3893 d.
753 3838 901 3908 contactum]
919 3845 945 3893 ln
964 3844 1095 3892 Pithoeano
1114 3841 1197 3891 codiee
1216 3851 1240 3892 et

197 3913 271 3976 tlpse
288 3916 470 3979 moretplicut,
489 3914 625 3978 „spiritalis
676 3912 783 3960 llbeneni
815 3911 961 3960 editionibus
992 3911 1078 3971 legitur
1101 3916 1236 3970 conwoion,

202 3984 398 4045 apophaticae&
415 3982 523 4044 (Rigalt.)
676 3979 740 4041 qnod
759 3993 818 4027 sene
829 3978 935 4039 fugiendi
944 3979 1016 4026 verbo
1032 3977 1107 4038 magis
1121 3977 1240 4026 convenit.

197 4079 273 4138 ,wrm
295 4081 420 4144 iudicium]
449 4083 571 4145 &quisito
598 4097 627 4129 ac
678 4046 798 4095 Parnelius
817 4046 914 4095 mutavit
936 4052 1084 4104 contractum,
1113 4045 1149 4092 sio
1172 4052 1239 4093 ratus

197 4151 218 4190 κ
237 4151 272 4198 w.
433 4152 438 4160 .
480 4153 484 4159 .
606 4152 626 4184 ·.
677 4122 774 4176 aptasse
793 4112 892 4163 Greecit
915 4127 976 4174 quae
1001 4111 1177 4173 apndllseiunr
1202 4110 1239 4159 le-

267 4167 347 4215 tusque
374 4160 452 4214 perne
479 4165 538 4199 rure.
574 4150 611 4207 llil
676 4189 765 4241 guntur
783 4178 879 4241 crpbss
904 4172 1081 4242 „erivdeoptov
1099 4168 1239 4229 ἀδικίας.“

676 4249 723 4296 Sed
744 4247 793 4295 illie
812 4249 914 4295 babetur
936 4238 1003 4300 „irie
1020 4237 1111 4292 πάντα
1129 4237 1241 4292 σύνδεσ·

198 4306 419 4381 lummesdene]
434 4318 625 4367 llnbendascuni
676 4329 732 4380 μον
751 4304 891 4366 ἀδικίας.“
919 4313 1002 4377 ltaque
1020 4312 1085 4361 alind
1103 4312 1148 4361 sibi
1167 4311 1241 4360 uoluit

197 4379 277 4436 *irene
293 4402 319 4435 ae
329 4388 479 4449 disceptante
493 4400 567 4448 super
580 4386 625 4434 ob·
678 4383 817 4445 Septimius.
836 4380 943 4441 (tigni.)

197 4453 222 4517 *t
240 4455 400 4503 uenditorem.
436 4454 477 4502 Sic
494 4452 563 4501 libuit
581 4455 626 4500 Se·
712 4463 734 4497 e.
753 4445 881 4512 integram]
901 4446 1050 4509 Exemplarie
1063 4444 1242 4494 reterebabent

208 4520 328 4579 *epicuri
360 4521 425 4583 qnod
453 4521 537 4568 Esaias
570 4520 628 4567 dixit
680 4517 793 4565 dimittere
816 4518 946 4577 condictum
970 4517 995 4563 in
1018 4515 1137 4575 integrum.
1173 4510 1240 4574 Apud

201 4572 268 4632 »loire
281 4582 324 4634 eui
340 4581 537 4652 διαλεχθῶμεν,
556 4582 627 4649 λέγει
679 4583 774 4632 Esaiam
794 4590 894 4646 postea
914 4583 984 4631 verbu
1003 4581 1119 4641 „Viduam
1130 4579 1241 4633 instillet,

197 4647 339 4713 ⁴·''lperttora
357 4656 626 4705 sontbreosnbfinem
679 4649 772 4714 pupillo
797 4650 893 4700 indioe‘⁴
920 4650 1000 4699 stetim
1026 4646 1137 4710 seqnitur
1163 4656 1242 4701 „eon-

197 4709 278 4769 Ηῧῑοῐ.
294 4716 396 4786 [apd]
415 4723 490 4781 „lide
507 4737 580 4787 qnam
600 4735 627 4769 er
679 4720 781 4767 linctum
807 4726 832 4766 et
857 4718 962 4767 debilem
987 4715 1071 4766 rnre‘·
1106 4714 1136 4760 tt
1158 4709 1242 4758 metas

204 4775 277 4835 “tter
297 4790 337 4852 qni
359 4791 441 4839 ridere
465 4790 627 4840 benefecerit:
679 4787 738 4836 dixit
755 4777 945 4843 finimur
982 4773 1191 4849 τεθραυμένοιυςΙ
1212 4763 1243 4821 ἕν

208 4854 310 4921 ttitileia
337 4858 398 4919 ipsa,
424 4859 490 4907 onius
518 4859 629 4905 adsertor
680 4845 814 4919 ἆφέσει.“
853 4853 882 4903 lit
905 4853 966 4901 bseo
987 4850 1070 4899 otnnit
1093 4843 1242 4919 edepttmw

197 4922 251 4966 ⁸¹⁸⁸·
263 4921 418 4988 disputabit!“
443 4926 490 4975 llas
509 4939 563 4975 enm
583 4925 627 4973 do·
680 4930 736 4972 eunt
753 4923 814 4973 setis
833 4920 982 4984 negligenter
1000 4905 1204 4973 centendunt
