3242 5775
575 661 721 705 ioveosos
744 663 958 710 noosooenmr.
1288 658 1364 742 ³41*

169 804 234 885 ipso
259 805 370 868 lenisse
392 806 476 869 illum
498 808 549 887 qni
571 827 631 871 non
653 810 717 872 eius
739 810 842 875 'lieret
864 814 1047 878 condicionis
1075 827 1109 880 ut
1129 819 1166 880 de
1188 822 1350 903 semetipso

167 907 265 967 lseeoe
286 907 450 985 potuisset.
503 909 632 972 Proinde
662 930 697 973 ex
724 913 818 975 nihilo
849 933 909 975 non
938 918 1075 993 potuisse
1097 937 1165 981 eum
1187 921 1284 983 looere
1306 923 1352 988 sio

169 1008 340 1082 oonleodit,
363 1007 476 1070 honum
499 1018 529 1071 et
550 1011 695 1090 optimum
718 1013 862 1075 deliniens
886 1015 1057 1089 dominum,
1088 1018 1138 1096 qui
1160 1018 1239 1083 bonn
1260 1032 1350 1102 atquo

168 1110 279 1190 optima
302 1120 366 1171 tem
388 1109 460 1171 velit
486 1111 582 1172 looere
610 1130 697 1190 quam
725 1114 781 1188 sit;
811 1115 903 1176 immo
932 1116 1004 1179 nihil
1032 1137 1093 1179 non
1121 1119 1234 1182 bonum
1260 1133 1348 1202 ntqoo

168 1213 317 1291 optimum
339 1220 377 1272 et
392 1210 466 1271 velle
489 1230 556 1272 eom
579 1221 610 1274 et
629 1215 736 1275 looere.
774 1214 867 1293 Igitur
882 1217 980 1278 omnin
995 1216 1031 1278 ab
1047 1236 1082 1279 eo
1097 1218 1175 1280 hono
1191 1231 1221 1281 et
1236 1223 1348 1300 optimo

167 1311 344 1392 oportuisse
368 1312 433 1373 lieri
456 1312 619 1374 seeundum
647 1314 853 1377 condicionem
881 1318 987 1396 ipsius.
1037 1318 1163 1401 Inveniri
1192 1330 1290 1382 nutem
1317 1332 1348 1385 et

164 1414 236 1475 nata
259 1413 301 1473 nh
327 1430 365 1472 eo
388 1414 479 1484 laeta,
503 1414 604 1493 ntique
626 1434 686 1476 non
710 1434 745 1476 ex
766 1416 890 1477 arbitrio
912 1436 968 1479 nee
989 1436 1024 1479 ex
1042 1418 1206 1494 volurrtnte3
1229 1421 1296 1500 quin
1319 1421 1346 1485 si

163 1532 194 1575 ex
215 1513 351 1575 arbitrio
376 1522 406 1574 et
426 1514 593 1588 voluntate,
616 1515 689 1577 nihil
710 1516 911 1596 incongruens
934 1527 964 1579 et
984 1518 1137 1597 indignum
1153 1520 1210 1581 sibi
1225 1522 1346 1585 laceret.

161 1615 250 1687 Quod
274 1632 353 1692 ergo
376 1633 438 1675 non
460 1614 582 1678 arbitrio
605 1636 662 1678 suo
681 1618 800 1692 lecerit,
823 1618 953 1696 intellegi
975 1627 1116 1697 oportere
1137 1640 1173 1682 ex
1195 1620 1265 1682 vitio
1288 1622 1344 1684 oli·

159 1718 245 1778 wius
269 1714 321 1776 rei
343 1716 470 1789 loetum,
493 1735 529 1777 ex
551 1718 673 1779 materia
696 1737 765 1780 esse
787 1720 853 1780 sine
876 1718 977 1780 dubio.

243 1815 350 1877 Adicit
377 1824 405 1878 el
432 1816 527 1877 alind:
561 1817 651 1880 deum
678 1838 797 1898 semper
825 1821 913 1881 deum
943 1819 1047 1881 ¹etinm
1075 1819 1227 1881 dominum
1250 1821 1345 1883 luisse
1363 1836 1463 1898 copul

153 1935 319 1997 mquam
341 1934 403 1977 non
432 1916 531 1978 deum.
580 1919 667 1980 Nullo
695 1933 803 2001 porro·
833 1921 922 1982 modo
949 1920 1085 1999 potuisse
1112 1920 1194 1982 illum
1224 1939 1345 2001 semper

152 2019 322 2081 dominum
352 2016 471 2090 haberi,
504 2019 582 2080 siml
610 2031 640 2081 et
667 2040 787 2099 semper
814 2021 918 2094 denno,
953 2022 978 2083 si
1008 2040 1068 2082 non
1101 2022 1207 2083 luisset
1234 2022 1344 2101 aliquid

151 2120 261 2182 term*
288 2136 413 2197 semper
435 2120 519 2181 ouius
543 2139 663 2200 semper
685 2121 824 2182 dominus
839 2121 1008 2183 haberetur.
1041 2121 1149 2184 Fuisse
1164 2121 1262 2201 itnqne
1277 2142 1343 2185 mo·

153 2221 265 2283 leriam
292 2237 415 2299 semper
436 2220 492 2281 deo
516 2221 647 2283 domino.
680 2222 762 2283 Hane
784 2223 985 2284 coniecturam
1009 2222 1074 2283 eius
1096 2221 1172 2283 ²iom
1194 2222 1265 2283 ltine
1286 2223 1341 2285 de⁸⁸

106 2307 108 2320 ’
150 2331 278 2384 mere
303 2320 490 2399 properabo,
519 2341 606 2401 quom
628 2323 772 2385 haetenus
801 2332 925 2403 propter
947 2341 1008 2383 non
1030 2322 1234 2401 intellegentes
1257 2323 1341 2384 odio·

106 2453 107 2460 ι
152 2422 236 2485 (isse
261 2422 364 2494 duxi·,
386 2431 420 2483 ut
441 2422 552 2485 'seiont
574 2433 671 2486 oetern
687 2443 805 2504 quoque
826 2432 998 2503 argumenta
1020 2433 1079 2484 torn
1102 2423 1232 2501 intellegi
1254 2441 1342 2502 quom

153 2523 284 2585 revinci.
328 2523 384 2584 Ilei
407 2541 516 2585 nomen
540 2524 664 2586 dicimos
686 2544 807 2605 semper
827 2526 922 2586 luisse
943 2524 1021 2603 opud
1043 2524 1237 2603 semetipsum
1260 2533 1289 2585 et
1310 2524 1342 2587 in

154 2625 346 2705 semetipso,
376 2625 529 2687 dominum
552 2645 621 2688 vero
645 2645 706 2687 non
736 2645 864 2705 semper.
914 2618 1052 2687 ⁴Diverso
1081 2624 1159 2686 euim
1187 2624 1342 2706 utriusque

156 2725 312 2787 modiolo.
366 2724 464 2788 ⁸[leus
498 2726 698 2789 ‘substantioe
728 2727 823 2806 ipsius
856 2726 998 2799 'nomem
1035 2726 1065 2787 id
1094 2734 1140 2788 est
1168 2725 1340 2801 divinitatis,

159 2823 320 2889 'dominus
343 2845 414 2888 vero
437 2847 498 2889 non
514 2827 712 2903 substantioe,
735 2828 787 2889 sed
803 2828 969 2908 potestatis.
1004 2826 1204 2890 Substantiam
1221 2845 1341 2909 semper

161 2928 255 2990 inisse
279 2948 348 2990 oum
366 2948 423 2990 suo
439 2930 569 3003 nomine,
593 2930 672 3009 quod
688 2939 735 2990 est
750 2930 839 3004 deus3
862 2939 967 3010 postea
981 2930 1148 3002 'dominns
1171 2929 1339 2992 accedentis

163 3030 274 3091 seilicet
289 3032 333 3091 rei
351 3030 520 3091 ¹⁰menliol.
555 3030 628 3091 Nom
644 3051 679 3092 ex
703 3050 761 3110 quo
785 3049 854 3091 esse
877 3040 1039 3110 coeperunt
1060 3032 1090 3091 in
1113 3049 1187 3110 quae
1202 3038 1337 3109 potestas

164 3129 274 3192 domini
296 3140 413 3210 egeret,
437 3151 472 3192 ex
495 3132 544 3192 illo
567 3151 622 3211 per
644 3132 846 3192 accessionem
868 3132 1026 3212 potestatis
1043 3140 1073 3192 et
1086 3134 1180 3192 laotos
1197 3141 1226 3192 et
1240 3132 1337 3193 dietus

166 3242 211 3293 at
223 3233 376 3306 dominus,
401 3233 516 3312 ¹⁰¹³quia
540 3241 570 3293 et
590 3241 674 3311 pater
690 3232 762 3294 dens
781 3241 828 3293 est
843 3241 872 3292 el
887 3232 976 3292 iudex
991 3233 1065 3292 deus
1082 3240 1137 3305 est,
1160 3250 1220 3293 non
1240 3240 1338 3294 tamen

168 3329 229 3393 ideo
250 3344 337 3413 poter
359 3340 390 3394 et
410 3332 498 3393 index
520 3352 653 3413 semper,
688 3334 754 3411 qnia
783 3334 857 3393 deus
887 3350 1015 3411 semper.
1070 3332 1144 3390 Nom
1171 3350 1226 3391 neo
1253 3340 1338 3408 pater

170 3431 287 3512 ¹¹potnit
307 3453 378 3496 esse
401 3443 468 3495 ante
490 3434 599 3508 filium,
621 3453 677 3495 neo
698 3435 785 3495 index
801 3442 869 3494 onte
884 3432 1031 3493 delictum.
1064 3430 1132 3490 Fuit
1146 3439 1242 3490 autem
1259 3438 1336 3490 tem·

172 3547 221 3610 pos
241 3554 306 3595 cnm
331 3535 386 3595 ¹²ei
409 3534 547 3596 doliolum
570 3544 600 3596 et
621 3536 698 3596 filius
720 3553 780 3596 non
802 3533 951 3612 luitquod
967 3532 1094 3592 iudicem
1113 3530 1206 3609 etqui
1221 3539 1337 3608 patrem

175 3631 342 3697 'dominum
366 3638 486 3697 laceret.
521 3636 571 3697 Sic
592 3646 622 3697 et
643 3635 781 3696 dominus
805 3653 865 3695 non
890 3633 984 3695 ¹*onte
1004 3652 1039 3694 ea
1054 3649 1181 3712 quornm
1196 3631 1335 3694 dominus

106 3778 112 3789 -
178 3735 316 3810 meteret,
341 3737 394 3798 sed
418 3737 556 3799 dominns
580 3746 692 3798 tontum
715 3739 832 3798 loturus
856 3736 1049 3816 quandoque,
1078 3733 1154 3795 siout
1174 3742 1259 3812 potor
1280 3751 1336 3812 per

183 3881 279 3937 &luerit
296 3892 340 3950 cd,
360 3907 389 3939 ee
408 3892 502 3940 eonieel.
522 3891 615 3939 latinii.
1057 3917 1060 3922 ,

106 4008 108 4014 ,
237 3955 290 4019 Cep.
306 3958 345 4006 lll.
400 3959 420 4005 l.
439 3958 510 4005 etism
534 3972 633 4020 semper
657 3957 780 4005 dominum
805 3957 843 4005 rr.
862 3957 950 4005 lonios.
1003 3953 1026 4003 2.
1052 3961 1098 4002 lom
1122 3957 1201 4004 molim
1219 3970 1268 4017 ego.
1308 3954 1333 4005 3.

106 4041 130 4085 ρ
187 4018 285 4072 ΙἸΔΒ.
333 4025 357 4073 4.
377 4025 472 4073 Diversa
498 4050 530 4058 —
554 4049 588 4059 -·
612 4025 671 4072 deus
690 4026 771 4073 omit.
831 4023 854 4072 5.
879 4023 922 4071 sed
947 4023 1006 4070 deos
1030 4021 1055 4070 ll.
1113 4021 1137 4071 6.
1156 4022 1289 4071 substantio
1307 4024 1333 4073 Δ.

189 4080 268 4137 hom
285 4087 306 4138 iti
322 4093 449 4141 divinitatis
466 4095 491 4141 Α.
527 4107 625 4148 nomen,
644 4091 703 4140 illud
722 4091 850 4140 divinitatis
869 4092 893 4139 B.
936 4089 960 4139 8.
979 4090 1050 4139 doum
1069 4103 1123 4137 vero
1141 4104 1187 4138 non
1199 4091 1334 4140 substantio

192 4157 509 4214 «monitumnonitum
562 4160 586 4209 9.
605 4161 717 4208 dominos
736 4161 815 4208 omi.
869 4158 908 4206 10.
928 4156 1205 4206 mentioneFr.lnnios.
1247 4159 1333 4209 merito

197 4214 282 4271 [ἀει.
329 4226 387 4277 roo.
406 4229 484 4277 natm
503 4242 558 4291 qua.
619 4227 657 4276 rr.
677 4226 801 4285 oeounn
861 4224 900 4274 ιε.
919 4233 942 4274 er
960 4226 1010 4275 oco.
1071 4222 1109 4273 13.
1128 4225 1198 4273 reum
1218 4227 1332 4275 taretros.

107 4304 143 4347 A
200 4278 228 4331 Ἃ
240 4299 296 4339 mter
311 4308 407 4356 quornm
426 4296 470 4345 lo.

116 4375 150 4455 ff,
226 4383 271 4459 br·
286 4391 318 4441 ΙΙΙ.
343 4412 363 4444 ι.
381 4392 468 4462 porro]
487 4397 607 4452 identat,
622 4395 720 4454 etenim,
772 4396 892 4452 devenire,
911 4401 936 4442 ut
954 4391 1121 4443 indivisibilem
1149 4402 1173 4441 et
1196 4391 1332 4442 indemon-

105 4458 154 4557 Ἅι
205 4454 721 4527 ᾯΙ,ιΙεφιο,ιοεε1)ιι1ἱιψιιι18εριίιιιίιιιιι
771 4463 863 4513 bilem“
882 4468 946 4519 cett,
965 4462 1092 4509 etiterum
1111 4461 1183 4523 poulo
1202 4468 1267 4523 post.
1322 4500 1327 4511 .

113 4566 156 4630 ἶῤ
210 4572 317 4641 ,ΨΜ
338 4599 426 4662 erpi.
474 4600 515 4649 Sic
541 4600 613 4647 modo
637 4613 721 4661 supro,
771 4596 872 4646 tolliooi.
898 4596 922 4645 V.
936 4597 1026 4646 odoolt.
1039 4594 1232 4659 oleeSporlno.
1244 4593 1329 4658 oopll.

118 4630 164 4721 ἦ
211 4648 282 4722 22.
299 4659 409 4716 leboinus
434 4667 529 4729 „Neget
548 4667 616 4717 illum
635 4680 661 4714 er
679 4680 720 4714 so·
806 4681 827 4714 o.
847 4660 913 4726 dori]
931 4663 1008 4723 Volui,
1027 4664 1147 4713 constitui.
1216 4727 1221 4737 .

119 4716 147 4759 '²⁹
215 4718 372 4799 *Nitens
398 4736 521 4797 poluisse,
554 4736 608 4798 quio
639 4740 720 4796 portes
804 4732 827 4781 d.
847 4731 984 4782 accedentis
996 4731 1088 4781 scilieet
1101 4731 1134 4780 rei
1147 4721 1328 4800 motinelllo·

217 4784 268 4850 ’Ψ
282 4787 360 4847 ‘utrem
375 4815 532 4865 quaeeunque
551 4816 577 4850 ex
587 4802 719 4863 semetipso
770 4800 988 4864 minidenspostss
1001 4795 1328 4852 secessitoomendormnns,

268 4857 396 4919 stanton.
438 4871 508 4921 Porro
527 4870 551 4919 in
569 4876 650 4933 portes
669 4882 718 4917 ooo
769 4876 892 4932 umquem
909 4867 945 4919 rei
962 4866 1056 4918 scilieet
1081 4864 1211 4916 occidentis
1229 4859 1328 4911 montio.

207 4520 288 4569 *bn
301 4541 363 4592 nepe
380 4533 497 4581 adnotari.
525 4533 561 4582 Cl.
581 4531 671 4580 ednott.
690 4532 720 4579 od
805 4531 829 4578 b.
847 4523 925 4593 retro]
944 4529 995 4578 lloe
1014 4537 1052 4577 est
1069 4535 1147 4586 soter,
1166 4542 1192 4577 ex
1212 4541 1256 4574 nso
1271 4526 1331 4576 Ter-
