<?xml version="1.0" encoding="UTF-8"?>
<!DOCTYPE html PUBLIC "-//W3C//DTD XHTML 1.0 Transitional//EN"
    "http://www.w3.org/TR/xhtml1/DTD/xhtml1-transitional.dtd">
<html xmlns="http://www.w3.org/1999/xhtml" xml:lang="en" lang="en">
 <head>
  <title>
</title>
<meta http-equiv="Content-Type" content="text/html;charset=utf-8" />
  <meta name='ocr-system' content='tesseract 3.04.00' />
  <meta name='ocr-capabilities' content='ocr_page ocr_carea ocr_par ocr_line ocrx_word'/>
</head>
<body>
  <div class='ocr_page' id='page_1' title='image "./quaesupersuntom00oehlgoog_0511.png"; bbox 0 0 3242 5775; ppageno 0'>
   <div class='ocr_carea' id='block_1_1' title="bbox 313 603 1223 674">
    <p class='ocr_par' dir='ltr' id='par_1_1' title="bbox 313 603 1223 674">
     <span class='ocr_line' id='line_1_1' title="bbox 313 603 1223 674; baseline -0.005 -6"><span class='ocrx_word' id='word_1_1' title='bbox 313 603 377 668; x_wconf 81' lang='grc'><strong>4911</strong></span> <span class='ocrx_word' id='word_1_2' title='bbox 420 607 424 620; x_wconf 88' lang='grc'><strong>’</strong></span> <span class='ocrx_word' id='word_1_3' title='bbox 566 621 668 674; x_wconf 78' lang='lat' dir='ltr'><strong>numm</strong></span> <span class='ocrx_word' id='word_1_4' title='bbox 690 620 821 666; x_wconf 79' lang='lat' dir='ltr'><strong>suerrun</strong></span> <span class='ocrx_word' id='word_1_5' title='bbox 842 620 1006 665; x_wconf 79' lang='lat' dir='ltr'><strong>rconsnrss</strong></span> <span class='ocrx_word' id='word_1_6' title='bbox 1028 619 1223 665; x_wconf 81' lang='lat' dir='ltr'><strong>rnnroccum</strong></span> 
     </span>
    </p>
   </div>
   <div class='ocr_carea' id='block_1_2' title="bbox 171 768 1480 1055">
    <p class='ocr_par' dir='ltr' id='par_1_2' title="bbox 171 768 1480 1055">
     <span class='ocr_line' id='line_1_2' title="bbox 396 768 1342 810; baseline -0.002 -25"><span class='ocrx_word' id='word_1_7' title='bbox 396 770 403 785; x_wconf 87' lang='lat'><strong>.</strong></span> <span class='ocrx_word' id='word_1_8' title='bbox 585 770 608 806; x_wconf 77' lang='lat'><strong>„</strong></span> <span class='ocrx_word' id='word_1_9' title='bbox 873 771 880 786; x_wconf 90' lang='lat'><strong>.</strong></span> <span class='ocrx_word' id='word_1_10' title='bbox 911 770 918 785; x_wconf 90' lang='lat'><strong>.</strong></span> <span class='ocrx_word' id='word_1_11' title='bbox 1207 781 1217 810; x_wconf 44' lang='lat'>⁸</span> <span class='ocrx_word' id='word_1_12' title='bbox 1335 768 1342 783; x_wconf 90' lang='lat'><strong>.</strong></span> 
     </span>
     <span class='ocr_line' id='line_1_3' title="bbox 171 769 1478 959; baseline 0.001 -23"><span class='ocrx_word' id='word_1_13' title='bbox 171 769 1478 959; x_wconf 43' lang='grc' dir='ltr'><strong>’1θῖ21132ῗωᾚηῖιῑιωωὲῗᾜθοξὲᾷᾚιῖωΙὲοἶίῗειῖῑοιὲᾞίροῖῑῖῗι</strong></span> 
     </span>
     <span class='ocr_line' id='line_1_4' title="bbox 310 973 1480 1055; baseline 0.001 -18"><span class='ocrx_word' id='word_1_14' title='bbox 310 975 459 1048; x_wconf 74' lang='lat' dir='ltr'><strong>siderant,</strong></span> <span class='ocrx_word' id='word_1_15' title='bbox 489 973 651 1038; x_wconf 66' lang='lat' dir='ltr'><strong>mullum</strong></span> <span class='ocrx_word' id='word_1_16' title='bbox 673 973 844 1055; x_wconf 76' lang='lat' dir='ltr'><strong>angelorum</strong></span> <span class='ocrx_word' id='word_1_17' title='bbox 865 973 1082 1036; x_wconf 75' lang='lat' dir='ltr'><strong>constitutum?</strong></span> <span class='ocrx_word' id='word_1_18' title='bbox 1125 973 1208 1036; x_wconf 91' lang='lat' dir='ltr'><strong>Nulla</strong></span> <span class='ocrx_word' id='word_1_19' title='bbox 1237 974 1273 1036; x_wconf 90' lang='lat' dir='ltr'><strong>ad</strong></span> <span class='ocrx_word' id='word_1_20' title='bbox 1301 973 1480 1038; x_wconf 87' lang='lat' dir='ltr'><strong>hodiernum</strong></span> 
     </span>
    </p>
   </div>
   <div class='ocr_carea' id='block_1_3' title="bbox 161 1057 1481 1161">
    <p class='ocr_par' dir='ltr' id='par_1_3' title="bbox 161 1057 1481 1161">
     <span class='ocr_line' id='line_1_5' title="bbox 161 1057 1481 1161; baseline 0.005 -27"><span class='ocrx_word' id='word_1_21' title='bbox 161 1057 406 1161; x_wconf 53' lang='lat' dir='ltr'><strong>ffssffflfftsibus</strong></span> <span class='ocrx_word' id='word_1_22' title='bbox 427 1075 463 1138; x_wconf 86' lang='lat' dir='ltr'><strong>ed</strong></span> <span class='ocrx_word' id='word_1_23' title='bbox 486 1076 594 1138; x_wconf 83' lang='lat' dir='ltr'><strong>tribum</strong></span> <span class='ocrx_word' id='word_1_24' title='bbox 616 1085 735 1158; x_wconf 89' lang='lat' dir='ltr'><strong>pectora</strong></span> <span class='ocrx_word' id='word_1_25' title='bbox 757 1075 941 1149; x_wconf 87' lang='lat' dir='ltr'><strong>ceciderunt,</strong></span> <span class='ocrx_word' id='word_1_26' title='bbox 964 1082 1161 1156; x_wconf 75' lang='lat' dir='ltr'><strong>agnoscentes</strong></span> <span class='ocrx_word' id='word_1_27' title='bbox 1176 1095 1264 1155; x_wconf 90' lang='lat' dir='ltr'><strong>quem</strong></span> <span class='ocrx_word' id='word_1_28' title='bbox 1278 1086 1481 1157; x_wconf 80' lang='lat' dir='ltr'><strong>pupugerunt.</strong></span> 
     </span>
    </p>
   </div>
   <div class='ocr_carea' id='block_1_4' title="bbox 185 1161 1480 1258">
    <p class='ocr_par' dir='ltr' id='par_1_4' title="bbox 185 1161 1480 1258">
     <span class='ocr_line' id='line_1_6' title="bbox 185 1161 1480 1258; baseline -0.002 -15"><span class='ocrx_word' id='word_1_29' title='bbox 185 1161 294 1255; x_wconf 63' lang='lat' dir='ltr'><strong>¹¹1¹v‘⁸5⁶,&#39;&#39;·</strong></span> <span class='ocrx_word' id='word_1_30' title='bbox 308 1177 402 1241; x_wconf 84' lang='lat' dir='ltr'><strong>Nemo</strong></span> <span class='ocrx_word' id='word_1_31' title='bbox 423 1177 520 1240; x_wconf 82' lang='lat' dir='ltr'><strong>adhuc</strong></span> <span class='ocrx_word' id='word_1_32' title='bbox 541 1177 655 1258; x_wconf 76' lang='lat' dir='ltr'><strong>excepit</strong></span> <span class='ocrx_word' id='word_1_33' title='bbox 672 1177 801 1252; x_wconf 82' lang='lat' dir='ltr'>Heliam,</span> <span class='ocrx_word' id='word_1_34' title='bbox 823 1196 912 1239; x_wconf 89' lang='lat' dir='ltr'><strong>uerno</strong></span> <span class='ocrx_word' id='word_1_35' title='bbox 934 1177 1029 1241; x_wconf 86' lang='lat' dir='ltr'><strong>adhuc</strong></span> <span class='ocrx_word' id='word_1_36' title='bbox 1049 1178 1123 1257; x_wconf 79' lang='lat' dir='ltr'><strong>fugit</strong></span> <span class='ocrx_word' id='word_1_37' title='bbox 1144 1177 1368 1253; x_wconf 78' lang='lat' dir='ltr'><strong>antichristum,</strong></span> <span class='ocrx_word' id='word_1_38' title='bbox 1389 1197 1480 1241; x_wconf 75' lang='lat' dir='ltr'><strong>neno</strong></span> 
     </span>
    </p>
   </div>
   <div class='ocr_carea' id='block_1_5' title="bbox 161 1242 1519 3903">
    <p class='ocr_par' dir='ltr' id='par_1_5' title="bbox 161 1242 1519 1790">
     <span class='ocr_line' id='line_1_7' title="bbox 161 1242 1519 1369; baseline 0.001 -27"><span class='ocrx_word' id='word_1_39' title='bbox 161 1242 407 1369; x_wconf 54' lang='lat' dir='ltr'><strong>,9¹0¹,⁴&#39;‚·}&#39;jj‚³·qstlhue</strong></span> <span class='ocrx_word' id='word_1_40' title='bbox 419 1278 577 1359; x_wconf 76' lang='lat' dir='ltr'><strong>Babylonis</strong></span> <span class='ocrx_word' id='word_1_41' title='bbox 599 1278 707 1342; x_wconf 90' lang='lat' dir='ltr'><strong>exitum</strong></span> <span class='ocrx_word' id='word_1_42' title='bbox 728 1279 819 1341; x_wconf 84' lang='lat' dir='ltr'><strong>llevit.</strong></span> <span class='ocrx_word' id='word_1_43' title='bbox 851 1278 917 1341; x_wconf 75' lang='lat' dir='ltr'><strong>³¹tle</strong></span> <span class='ocrx_word' id='word_1_44' title='bbox 938 1287 986 1341; x_wconf 92' lang='lat' dir='ltr'><strong>est</strong></span> <span class='ocrx_word' id='word_1_45' title='bbox 1006 1278 1063 1341; x_wconf 89' lang='lat' dir='ltr'><strong>iam</strong></span> <span class='ocrx_word' id='word_1_46' title='bbox 1085 1279 1136 1359; x_wconf 93' lang='lat' dir='ltr'><strong>qui</strong></span> <span class='ocrx_word' id='word_1_47' title='bbox 1158 1278 1401 1352; x_wconf 47' lang='lat' dir='ltr'><strong>”resurrexeris</strong></span> <span class='ocrx_word' id='word_1_48' title='bbox 1422 1281 1519 1343; x_wconf 79' lang='lat' dir='ltr'><strong>nis’-</strong></span> 
     </span>
     <span class='ocr_line' id='line_1_8' title="bbox 199 1366 1519 1466; baseline 0.002 -23"><span class='ocrx_word' id='word_1_49' title='bbox 199 1366 297 1466; x_wconf 57' lang='lat' dir='ltr'><strong>xm</strong></span> <span class='ocrx_word' id='word_1_50' title='bbox 310 1379 501 1443; x_wconf 69' lang='lat' dir='ltr'><strong>seusticus?</strong></span> <span class='ocrx_word' id='word_1_51' title='bbox 543 1379 621 1443; x_wconf 80' lang='lat' dir='ltr'><strong>Exiit</strong></span> <span class='ocrx_word' id='word_1_52' title='bbox 648 1381 734 1462; x_wconf 86' lang='lat' dir='ltr'><strong>plone</strong></span> <span class='ocrx_word' id='word_1_53' title='bbox 761 1382 820 1443; x_wconf 87' lang='lat' dir='ltr'><strong>iam</strong></span> <span class='ocrx_word' id='word_1_54' title='bbox 849 1380 886 1442; x_wconf 85' lang='lat' dir='ltr'><strong>tle</strong></span> <span class='ocrx_word' id='word_1_55' title='bbox 913 1380 1048 1461; x_wconf 83' lang='lat' dir='ltr'><strong>corporis</strong></span> <span class='ocrx_word' id='word_1_56' title='bbox 1076 1381 1251 1461; x_wconf 84' lang='lat' dir='ltr'><strong>sepulchro,</strong></span> <span class='ocrx_word' id='word_1_57' title='bbox 1284 1381 1374 1444; x_wconf 85' lang='lat' dir='ltr'><strong>etiem</strong></span> <span class='ocrx_word' id='word_1_58' title='bbox 1403 1402 1519 1446; x_wconf 81' lang='lat' dir='ltr'><strong>nunt=</strong></span> 
     </span>
     <span class='ocr_line' id='line_1_9' title="bbox 312 1480 1519 1560; baseline 0.001 -14"><span class='ocrx_word' id='word_1_59' title='bbox 312 1482 445 1546; x_wconf 73' lang='lat' dir='ltr'>febribus</span> <span class='ocrx_word' id='word_1_60' title='bbox 472 1480 532 1545; x_wconf 79' lang='lat' dir='ltr'><strong>”et</strong></span> <span class='ocrx_word' id='word_1_61' title='bbox 556 1480 754 1545; x_wconf 79' lang='lat' dir='ltr'><strong>“hulceribus</strong></span> <span class='ocrx_word' id='word_1_62' title='bbox 781 1481 945 1556; x_wconf 86' lang='lat' dir='ltr'><strong>obnoxius,</strong></span> <span class='ocrx_word' id='word_1_63' title='bbox 978 1490 1009 1544; x_wconf 92' lang='lat' dir='ltr'><strong>et</strong></span> <span class='ocrx_word' id='word_1_64' title='bbox 1036 1482 1215 1544; x_wconf 74' lang='lat' dir='ltr'><strong>conculcavit</strong></span> <span class='ocrx_word' id='word_1_65' title='bbox 1241 1484 1300 1545; x_wconf 86' lang='lat' dir='ltr'><strong>ism</strong></span> <span class='ocrx_word' id='word_1_66' title='bbox 1331 1483 1519 1560; x_wconf 84' lang='lat' dir='ltr'><strong>iuimioos..</strong></span> 
     </span>
     <span class='ocr_line' id='line_1_10' title="bbox 313 1582 1519 1666; baseline 0.002 -17"><span class='ocrx_word' id='word_1_67' title='bbox 313 1583 402 1649; x_wconf 88' lang='lat' dir='ltr'><strong>etiam</strong></span> <span class='ocrx_word' id='word_1_68' title='bbox 423 1601 502 1647; x_wconf 85' lang='lat' dir='ltr'><strong>nunc</strong></span> <span class='ocrx_word' id='word_1_69' title='bbox 521 1582 625 1646; x_wconf 91' lang='lat' dir='ltr'><strong>luctari</strong></span> <span class='ocrx_word' id='word_1_70' title='bbox 645 1583 758 1646; x_wconf 87' lang='lat' dir='ltr'><strong>habens</strong></span> <span class='ocrx_word' id='word_1_71' title='bbox 780 1603 847 1646; x_wconf 79' lang='lat' dir='ltr'><strong>orm</strong></span> <span class='ocrx_word' id='word_1_72' title='bbox 868 1583 971 1646; x_wconf 85' lang='lat' dir='ltr'><strong>mundi</strong></span> <span class='ocrx_word' id='word_1_73' title='bbox 992 1584 1175 1663; x_wconf 84' lang='lat' dir='ltr'><strong>potentibus.</strong></span> <span class='ocrx_word' id='word_1_74' title='bbox 1228 1584 1266 1645; x_wconf 83' lang='lat' dir='ltr'><strong>Et</strong></span> <span class='ocrx_word' id='word_1_75' title='bbox 1291 1585 1397 1666; x_wconf 89' lang='lat' dir='ltr'><strong>utique</strong></span> <span class='ocrx_word' id='word_1_76' title='bbox 1424 1587 1519 1652; x_wconf 78' lang='lat' dir='ltr'><strong>isu-</strong></span> 
     </span>
     <span class='ocr_line' id='line_1_11' title="bbox 197 1671 1266 1790; baseline -0.001 -42"><span class='ocrx_word' id='word_1_77' title='bbox 197 1685 298 1790; x_wconf 53' lang='lat' dir='ltr'><strong>ffiffi</strong></span> <span class='ocrx_word' id='word_1_78' title='bbox 312 1695 429 1769; x_wconf 69' lang='lat' dir='ltr'><strong>regnu,</strong></span> <span class='ocrx_word' id='word_1_79' title='bbox 452 1685 541 1750; x_wconf 87' lang='lat' dir='ltr'><strong>etiam</strong></span> <span class='ocrx_word' id='word_1_80' title='bbox 561 1703 640 1747; x_wconf 90' lang='lat' dir='ltr'><strong>nuno</strong></span> <span class='ocrx_word' id='word_1_81' title='bbox 660 1684 778 1748; x_wconf 80' lang='lat' dir='ltr'>Caesari</span> <span class='ocrx_word' id='word_1_82' title='bbox 799 1671 875 1766; x_wconf 87' lang='lat' dir='ltr'><strong>quae</strong></span> <span class='ocrx_word' id='word_1_83' title='bbox 896 1695 967 1748; x_wconf 89' lang='lat' dir='ltr'><strong>suut</strong></span> <span class='ocrx_word' id='word_1_84' title='bbox 988 1685 1121 1749; x_wconf 84' lang='lat' dir='ltr'><strong>Caesaris</strong></span> <span class='ocrx_word' id='word_1_85' title='bbox 1144 1685 1266 1748; x_wconf 88' lang='lat' dir='ltr'><strong>debens.</strong></span> 
     </span>
    </p>

    <p class='ocr_par' dir='ltr' id='par_1_6' title="bbox 163 1787 1498 2074">
     <span class='ocr_line' id='line_1_12' title="bbox 163 1787 1498 1871; baseline 0.001 -21"><span class='ocrx_word' id='word_1_86' title='bbox 163 1811 303 1871; x_wconf 46' lang='lat' dir='ltr'><strong>aspum,</strong></span> <span class='ocrx_word' id='word_1_87' title='bbox 397 1787 491 1850; x_wconf 81' lang='lat' dir='ltr'><strong>llocot</strong></span> <span class='ocrx_word' id='word_1_88' title='bbox 521 1787 640 1868; x_wconf 87' lang='lat' dir='ltr'><strong>quidem</strong></span> <span class='ocrx_word' id='word_1_89' title='bbox 671 1788 842 1868; x_wconf 82' lang='lat' dir='ltr'><strong>spostolus,</strong></span> <span class='ocrx_word' id='word_1_90' title='bbox 883 1787 1116 1851; x_wconf 79' lang='lat' dir='ltr'>Colossensibus</span> <span class='ocrx_word' id='word_1_91' title='bbox 1150 1787 1300 1861; x_wconf 88' lang='lat' dir='ltr'><strong>scribens,</strong></span> <span class='ocrx_word' id='word_1_92' title='bbox 1338 1799 1498 1852; x_wconf 77' lang='lat' dir='ltr'><strong>mortuos</strong></span> 
     </span>
     <span class='ocr_line' id='line_1_13' title="bbox 298 1887 1497 1968; baseline 0.002 -16"><span class='ocrx_word' id='word_1_93' title='bbox 298 1887 404 1953; x_wconf 77' lang='lat' dir='ltr'><strong>&#39;iusim</strong></span> <span class='ocrx_word' id='word_1_94' title='bbox 424 1907 483 1951; x_wconf 87' lang='lat' dir='ltr'><strong>uos</strong></span> <span class='ocrx_word' id='word_1_95' title='bbox 505 1887 659 1968; x_wconf 85' lang='lat' dir='ltr'><strong>aliquando</strong></span> <span class='ocrx_word' id='word_1_96' title='bbox 681 1887 824 1951; x_wconf 87' lang='lat' dir='ltr'><strong>alienatos</strong></span> <span class='ocrx_word' id='word_1_97' title='bbox 853 1897 884 1951; x_wconf 91' lang='lat' dir='ltr'><strong>et</strong></span> <span class='ocrx_word' id='word_1_98' title='bbox 911 1888 1046 1952; x_wconf 87' lang='lat' dir='ltr'><strong>inimicos</strong></span> <span class='ocrx_word' id='word_1_99' title='bbox 1070 1908 1177 1952; x_wconf 88' lang='lat' dir='ltr'><strong>sensus</strong></span> <span class='ocrx_word' id='word_1_100' title='bbox 1199 1889 1328 1961; x_wconf 83' lang='lat' dir='ltr'><strong>domini.</strong></span> <span class='ocrx_word' id='word_1_101' title='bbox 1357 1896 1437 1953; x_wconf 83' lang='lat' dir='ltr'><strong>oum&#39;</strong></span> <span class='ocrx_word' id='word_1_102' title='bbox 1450 1893 1497 1954; x_wconf 82' lang='lat' dir='ltr'><strong>in</strong></span> 
     </span>
     <span class='ocr_line' id='line_1_14' title="bbox 312 1971 1482 2074; baseline 0.003 -21"><span class='ocrx_word' id='word_1_103' title='bbox 312 1971 454 2071; x_wconf 74' lang='lat' dir='ltr'><strong>operibus</strong></span> <span class='ocrx_word' id='word_1_104' title='bbox 475 1989 616 2070; x_wconf 86' lang='lat' dir='ltr'><strong>pessimis</strong></span> <span class='ocrx_word' id='word_1_105' title='bbox 637 1990 814 2070; x_wconf 71' lang='lat' dir='ltr'><strong>egebamus,</strong></span> <span class='ocrx_word' id='word_1_106' title='bbox 836 1990 943 2053; x_wconf 81' lang='lat' dir='ltr'><strong>deliine</strong></span> <span class='ocrx_word' id='word_1_107' title='bbox 961 1991 1151 2071; x_wconf 89' lang='lat' dir='ltr'><strong>consepultos</strong></span> <span class='ocrx_word' id='word_1_108' title='bbox 1166 1991 1284 2054; x_wconf 87' lang='lat' dir='ltr'><strong>Christo</strong></span> <span class='ocrx_word' id='word_1_109' title='bbox 1307 1992 1340 2053; x_wconf 88' lang='lat' dir='ltr'><strong>iu</strong></span> <span class='ocrx_word' id='word_1_110' title='bbox 1360 1992 1482 2074; x_wconf 88' lang='lat' dir='ltr'><strong>baptis-</strong></span> 
     </span>
    </p>

    <p class='ocr_par' dir='ltr' id='par_1_7' title="bbox 312 2091 1478 2174">
     <span class='ocr_line' id='line_1_15' title="bbox 312 2091 1478 2174; baseline 0.002 -19"><span class='ocrx_word' id='word_1_111' title='bbox 312 2101 406 2166; x_wconf 78' lang='lat' dir='ltr'><strong>mate,</strong></span> <span class='ocrx_word' id='word_1_112' title='bbox 434 2101 463 2155; x_wconf 90' lang='lat' dir='ltr'><strong>et</strong></span> <span class='ocrx_word' id='word_1_113' title='bbox 483 2091 735 2155; x_wconf 85' lang='lat' dir='ltr'><strong>conresuscitatos</strong></span> <span class='ocrx_word' id='word_1_114' title='bbox 757 2092 788 2154; x_wconf 89' lang='lat' dir='ltr'><strong>in</strong></span> <span class='ocrx_word' id='word_1_115' title='bbox 808 2110 845 2154; x_wconf 94' lang='lat' dir='ltr'><strong>eo</strong></span> <span class='ocrx_word' id='word_1_116' title='bbox 867 2110 923 2173; x_wconf 88' lang='lat' dir='ltr'><strong>per</strong></span> <span class='ocrx_word' id='word_1_117' title='bbox 943 2093 1030 2155; x_wconf 86' lang='lat' dir='ltr'><strong>tidem</strong></span> <span class='ocrx_word' id='word_1_118' title='bbox 1052 2094 1197 2154; x_wconf 85' lang='lat' dir='ltr'><strong>efficaciae</strong></span> <span class='ocrx_word' id='word_1_119' title='bbox 1224 2093 1287 2167; x_wconf 80' lang='lat' dir='ltr'><strong>slei,</strong></span> <span class='ocrx_word' id='word_1_120' title='bbox 1322 2094 1374 2174; x_wconf 90' lang='lat' dir='ltr'><strong>qui</strong></span> <span class='ocrx_word' id='word_1_121' title='bbox 1396 2095 1478 2157; x_wconf 90' lang='lat' dir='ltr'><strong>illum</strong></span> 
     </span>
    </p>

    <p class='ocr_par' dir='ltr' id='par_1_8' title="bbox 179 2192 1488 2462">
     <span class='ocr_line' id='line_1_16' title="bbox 214 2192 1488 2269; baseline 0.002 -12"><span class='ocrx_word' id='word_1_122' title='bbox 214 2197 294 2250; x_wconf 65' lang='grc' dir='ltr'><strong>Μ·</strong></span> <span class='ocrx_word' id='word_1_123' title='bbox 314 2193 477 2258; x_wconf 84' lang='lat' dir='ltr'><strong>&#39;suscitarit</strong></span> <span class='ocrx_word' id='word_1_124' title='bbox 497 2210 515 2255; x_wconf 90' lang='lat' dir='ltr'><strong>a</strong></span> <span class='ocrx_word' id='word_1_125' title='bbox 535 2194 673 2256; x_wconf 83' lang='lat' dir='ltr'><strong>mortuis.</strong></span> <span class='ocrx_word' id='word_1_126' title='bbox 716 2192 844 2269; x_wconf 77' lang='lat' dir='ltr'><strong>lituos,</strong></span> <span class='ocrx_word' id='word_1_127' title='bbox 878 2212 945 2258; x_wconf 89' lang='lat' dir='ltr'><strong>cum</strong></span> <span class='ocrx_word' id='word_1_128' title='bbox 974 2194 1082 2256; x_wconf 89' lang='lat' dir='ltr'><strong>mortni</strong></span> <span class='ocrx_word' id='word_1_129' title='bbox 1111 2195 1219 2257; x_wconf 91' lang='lat' dir='ltr'><strong>essetis</strong></span> <span class='ocrx_word' id='word_1_130' title='bbox 1241 2194 1290 2256; x_wconf 81' lang='lat' dir='ltr'><strong>’iu</strong></span> <span class='ocrx_word' id='word_1_131' title='bbox 1312 2195 1428 2260; x_wconf 86' lang='lat' dir='ltr'><strong>delictis</strong></span> <span class='ocrx_word' id='word_1_132' title='bbox 1449 2207 1488 2259; x_wconf 88' lang='lat' dir='ltr'><strong>et·</strong></span> 
     </span>
     <span class='ocr_line' id='line_1_17' title="bbox 179 2250 1473 2379; baseline 0 -21"><span class='ocrx_word' id='word_1_133' title='bbox 179 2250 297 2310; x_wconf 42' lang='lat' dir='ltr'><strong>‘unm‘</strong></span> <span class='ocrx_word' id='word_1_134' title='bbox 312 2295 565 2379; x_wconf 78' lang='lat' dir='ltr'><strong>’praeputiatione</strong></span> <span class='ocrx_word' id='word_1_135' title='bbox 591 2293 688 2358; x_wconf 86' lang='lat' dir='ltr'><strong>carnis</strong></span> <span class='ocrx_word' id='word_1_136' title='bbox 716 2303 847 2369; x_wconf 87' lang='lat' dir='ltr'><strong>vestrae,</strong></span> <span class='ocrx_word' id='word_1_137' title='bbox 884 2294 1037 2358; x_wconf 78' lang='lat' dir='ltr'><strong>vivificavit</strong></span> <span class='ocrx_word' id='word_1_138' title='bbox 1064 2315 1130 2358; x_wconf 91' lang='lat' dir='ltr'><strong>cum</strong></span> <span class='ocrx_word' id='word_1_139' title='bbox 1158 2316 1210 2371; x_wconf 91' lang='lat' dir='ltr'><strong>eo,</strong></span> <span class='ocrx_word' id='word_1_140' title='bbox 1244 2294 1364 2360; x_wconf 84' lang='lat' dir='ltr'><strong>donetis</strong></span> <span class='ocrx_word' id='word_1_141' title='bbox 1393 2298 1473 2360; x_wconf 81' lang='lat' dir='ltr'><strong>robis</strong></span> 
     </span>
     <span class='ocr_line' id='line_1_18' title="bbox 314 2396 1474 2462; baseline 0 0"><span class='ocrx_word' id='word_1_142' title='bbox 314 2398 452 2462; x_wconf 87' lang='lat' dir='ltr'><strong>omnibus</strong></span> <span class='ocrx_word' id='word_1_143' title='bbox 474 2396 599 2459; x_wconf 88' lang='lat' dir='ltr'><strong>delictis.</strong></span> <span class='ocrx_word' id='word_1_144' title='bbox 642 2396 679 2458; x_wconf 78' lang='lat' dir='ltr'><strong>lit</strong></span> <span class='ocrx_word' id='word_1_145' title='bbox 699 2415 820 2459; x_wconf 89' lang='lat' dir='ltr'><strong>rursus:</strong></span> <span class='ocrx_word' id='word_1_146' title='bbox 842 2396 875 2460; x_wconf 87' lang='lat' dir='ltr'><strong>si</strong></span> <span class='ocrx_word' id='word_1_147' title='bbox 896 2415 963 2459; x_wconf 91' lang='lat' dir='ltr'><strong>cum</strong></span> <span class='ocrx_word' id='word_1_148' title='bbox 985 2396 1101 2459; x_wconf 85' lang='lat' dir='ltr'><strong>Christo</strong></span> <span class='ocrx_word' id='word_1_149' title='bbox 1127 2397 1237 2460; x_wconf 90' lang='lat' dir='ltr'><strong>mortui</strong></span> <span class='ocrx_word' id='word_1_150' title='bbox 1260 2399 1336 2461; x_wconf 86' lang='lat' dir='ltr'><strong>estis</strong></span> <span class='ocrx_word' id='word_1_151' title='bbox 1358 2397 1395 2462; x_wconf 78' lang='lat' dir='ltr'><strong>aii</strong></span> <span class='ocrx_word' id='word_1_152' title='bbox 1415 2400 1474 2462; x_wconf 88' lang='lat' dir='ltr'><strong>ele·</strong></span> 
     </span>
    </p>

    <p class='ocr_par' dir='ltr' id='par_1_9' title="bbox 313 2497 1473 2579">
     <span class='ocr_line' id='line_1_19' title="bbox 313 2497 1473 2579; baseline 0 -15"><span class='ocrx_word' id='word_1_153' title='bbox 313 2501 423 2564; x_wconf 86' lang='lat' dir='ltr'><strong>mentis</strong></span> <span class='ocrx_word' id='word_1_154' title='bbox 444 2498 561 2572; x_wconf 86' lang='lat' dir='ltr'><strong>mundi,</strong></span> <span class='ocrx_word' id='word_1_155' title='bbox 583 2497 732 2577; x_wconf 87' lang='lat' dir='ltr'><strong>quomodo</strong></span> <span class='ocrx_word' id='word_1_156' title='bbox 753 2498 854 2577; x_wconf 67' lang='lat' dir='ltr'><strong>‘quasi</strong></span> <span class='ocrx_word' id='word_1_157' title='bbox 876 2498 994 2579; x_wconf 88' lang='lat' dir='ltr'><strong>quidam</strong></span> <span class='ocrx_word' id='word_1_158' title='bbox 1015 2499 1147 2562; x_wconf 83' lang='lat' dir='ltr'><strong>visentes</strong></span> <span class='ocrx_word' id='word_1_159' title='bbox 1168 2499 1199 2560; x_wconf 90' lang='lat' dir='ltr'><strong>in</strong></span> <span class='ocrx_word' id='word_1_160' title='bbox 1222 2501 1335 2563; x_wconf 89' lang='lat' dir='ltr'><strong>mundo</strong></span> <span class='ocrx_word' id='word_1_161' title='bbox 1354 2509 1473 2564; x_wconf 77' lang='lat' dir='ltr'><strong>senten</strong></span> 
     </span>
    </p>

    <p class='ocr_par' dir='ltr' id='par_1_10' title="bbox 251 2597 1476 2681">
     <span class='ocr_line' id='line_1_20' title="bbox 251 2597 1476 2681; baseline 0.001 -16"><span class='ocrx_word' id='word_1_162' title='bbox 251 2641 255 2652; x_wconf 86' lang='lat'><em>·</em></span> <span class='ocrx_word' id='word_1_163' title='bbox 314 2604 386 2667; x_wconf 91' lang='lat' dir='ltr'><strong>tiam</strong></span> <span class='ocrx_word' id='word_1_164' title='bbox 407 2597 514 2663; x_wconf 72' lang='lat' dir='ltr'><strong>toust</strong></span> <span class='ocrx_word' id='word_1_165' title='bbox 557 2600 616 2660; x_wconf 87' lang='lat' dir='ltr'><strong>Sed</strong></span> <span class='ocrx_word' id='word_1_166' title='bbox 638 2618 703 2661; x_wconf 87' lang='lat' dir='ltr'><strong>cum</strong></span> <span class='ocrx_word' id='word_1_167' title='bbox 726 2600 765 2660; x_wconf 87' lang='lat' dir='ltr'><strong>ita</strong></span> <span class='ocrx_word' id='word_1_168' title='bbox 787 2618 845 2661; x_wconf 90' lang='lat' dir='ltr'><strong>uos</strong></span> <span class='ocrx_word' id='word_1_169' title='bbox 867 2608 1003 2663; x_wconf 88' lang='lat' dir='ltr'><strong>mortuos</strong></span> <span class='ocrx_word' id='word_1_170' title='bbox 1024 2602 1111 2663; x_wconf 79' lang='lat' dir='ltr'><strong>faciet</strong></span> <span class='ocrx_word' id='word_1_171' title='bbox 1133 2601 1305 2681; x_wconf 84' lang='lat' dir='ltr'><strong>spirituliter</strong></span> <span class='ocrx_word' id='word_1_172' title='bbox 1326 2610 1360 2665; x_wconf 88' lang='lat' dir='ltr'><strong>nt</strong></span> <span class='ocrx_word' id='word_1_173' title='bbox 1382 2613 1476 2666; x_wconf 68' lang='lat' dir='ltr'><strong>nmen</strong></span> 
     </span>
    </p>

    <p class='ocr_par' dir='ltr' id='par_1_11' title="bbox 164 2699 1480 3088">
     <span class='ocr_line' id='line_1_21' title="bbox 284 2699 1479 2783; baseline 0.001 -16"><span class='ocrx_word' id='word_1_174' title='bbox 284 2738 289 2755; x_wconf 65' lang='grc' dir='ltr'>ι</span> <span class='ocrx_word' id='word_1_175' title='bbox 314 2714 344 2767; x_wconf 87' lang='lat' dir='ltr'><strong>et</strong></span> <span class='ocrx_word' id='word_1_176' title='bbox 358 2701 551 2783; x_wconf 81' lang='lat' dir='ltr'><strong>corporaliter</strong></span> <span class='ocrx_word' id='word_1_177' title='bbox 565 2701 739 2781; x_wconf 88' lang='lat' dir='ltr'><strong>quandoque</strong></span> <span class='ocrx_word' id='word_1_178' title='bbox 755 2699 917 2764; x_wconf 91' lang='lat' dir='ltr'><strong>morituros</strong></span> <span class='ocrx_word' id='word_1_179' title='bbox 932 2711 1081 2783; x_wconf 75' lang='lat' dir='ltr'><strong>agnoscet,</strong></span> <span class='ocrx_word' id='word_1_180' title='bbox 1104 2703 1204 2783; x_wconf 90' lang='lat' dir='ltr'><strong>ntique</strong></span> <span class='ocrx_word' id='word_1_181' title='bbox 1224 2712 1254 2765; x_wconf 89' lang='lat' dir='ltr'><strong>et</strong></span> <span class='ocrx_word' id='word_1_182' title='bbox 1267 2705 1479 2769; x_wconf 79' lang='lat' dir='ltr'><strong>‘resuscitatos</strong></span> 
     </span>
     <span class='ocr_line' id='line_1_22' title="bbox 313 2801 1480 2887; baseline 0.002 -20"><span class='ocrx_word' id='word_1_183' title='bbox 313 2804 440 2887; x_wconf 81' lang='lat' dir='ltr'><strong>proinde</strong></span> <span class='ocrx_word' id='word_1_184' title='bbox 468 2802 637 2883; x_wconf 81' lang='lat' dir='ltr'><strong>spiritaliter</strong></span> <span class='ocrx_word' id='word_1_185' title='bbox 665 2801 807 2882; x_wconf 87' lang='lat' dir='ltr'><strong>deputans</strong></span> <span class='ocrx_word' id='word_1_186' title='bbox 835 2821 928 2882; x_wconf 92' lang='lat' dir='ltr'><strong>aeque</strong></span> <span class='ocrx_word' id='word_1_187' title='bbox 955 2823 1014 2866; x_wconf 91' lang='lat' dir='ltr'><strong>non</strong></span> <span class='ocrx_word' id='word_1_188' title='bbox 1047 2816 1134 2884; x_wconf 83' lang='lat' dir='ltr'><strong>negat</strong></span> <span class='ocrx_word' id='word_1_189' title='bbox 1166 2805 1254 2866; x_wconf 92' lang='lat' dir='ltr'><strong>etiam</strong></span> <span class='ocrx_word' id='word_1_190' title='bbox 1285 2807 1480 2887; x_wconf 80' lang='lat' dir='ltr'><strong>corporaliter</strong></span> 
     </span>
     <span class='ocr_line' id='line_1_23' title="bbox 164 2904 1479 2986; baseline -0.003 -10"><span class='ocrx_word' id='word_1_191' title='bbox 164 2914 546 2986; x_wconf 62' lang='lat' dir='ltr'><strong>cectnnqresurrecturos.</strong></span> <span class='ocrx_word' id='word_1_192' title='bbox 579 2904 726 2984; x_wconf 79' lang='lat' dir='ltr'><strong>lienique,</strong></span> <span class='ocrx_word' id='word_1_193' title='bbox 748 2904 781 2967; x_wconf 89' lang='lat' dir='ltr'><strong>Si</strong></span> <span class='ocrx_word' id='word_1_194' title='bbox 801 2904 1042 2980; x_wconf 56' lang='lat' dir='ltr'><strong>‘resurrexistis</strong></span> <span class='ocrx_word' id='word_1_195' title='bbox 1066 2907 1177 2986; x_wconf 90' lang='lat' dir='ltr'><strong>inquit,</strong></span> <span class='ocrx_word' id='word_1_196' title='bbox 1200 2926 1267 2970; x_wconf 90' lang='lat' dir='ltr'><strong>eum</strong></span> <span class='ocrx_word' id='word_1_197' title='bbox 1288 2907 1419 2981; x_wconf 82' lang='lat' dir='ltr'><strong>Christo,</strong></span> <span class='ocrx_word' id='word_1_198' title='bbox 1444 2929 1479 2973; x_wconf 89' lang='lat' dir='ltr'><strong>ea</strong></span> 
     </span>
     <span class='ocr_line' id='line_1_24' title="bbox 317 3006 1478 3088; baseline 0.003 -19"><span class='ocrx_word' id='word_1_199' title='bbox 317 3026 392 3088; x_wconf 90' lang='lat' dir='ltr'><strong>quae</strong></span> <span class='ocrx_word' id='word_1_200' title='bbox 414 3024 533 3068; x_wconf 91' lang='lat' dir='ltr'><strong>sursum</strong></span> <span class='ocrx_word' id='word_1_201' title='bbox 555 3014 625 3068; x_wconf 91' lang='lat' dir='ltr'><strong>sunt</strong></span> <span class='ocrx_word' id='word_1_202' title='bbox 645 3006 793 3085; x_wconf 88' lang='lat' dir='ltr'><strong>quaerite,</strong></span> <span class='ocrx_word' id='word_1_203' title='bbox 824 3007 873 3068; x_wconf 89' lang='lat' dir='ltr'><strong>ubi</strong></span> <span class='ocrx_word' id='word_1_204' title='bbox 903 3016 951 3069; x_wconf 91' lang='lat' dir='ltr'><strong>est</strong></span> <span class='ocrx_word' id='word_1_205' title='bbox 971 3007 1105 3071; x_wconf 87' lang='lat' dir='ltr'><strong>Christus</strong></span> <span class='ocrx_word' id='word_1_206' title='bbox 1134 3010 1164 3070; x_wconf 92' lang='lat' dir='ltr'><strong>in</strong></span> <span class='ocrx_word' id='word_1_207' title='bbox 1187 3010 1304 3071; x_wconf 88' lang='lat' dir='ltr'><strong>dextera</strong></span> <span class='ocrx_word' id='word_1_208' title='bbox 1325 3006 1373 3070; x_wconf 86' lang='lat' dir='ltr'><strong>dei</strong></span> <span class='ocrx_word' id='word_1_209' title='bbox 1396 3012 1478 3073; x_wconf 91' lang='lat' dir='ltr'><strong>resi·</strong></span> 
     </span>
    </p>

    <p class='ocr_par' dir='ltr' id='par_1_12' title="bbox 316 3093 1480 3295">
     <span class='ocr_line' id='line_1_25' title="bbox 317 3093 1480 3190; baseline 0.003 -18"><span class='ocrx_word' id='word_1_210' title='bbox 317 3110 408 3183; x_wconf 83' lang='lat' dir='ltr'><strong>deos,</strong></span> <span class='ocrx_word' id='word_1_211' title='bbox 430 3127 464 3169; x_wconf 91' lang='lat' dir='ltr'><strong>ea</strong></span> <span class='ocrx_word' id='word_1_212' title='bbox 484 3126 560 3188; x_wconf 89' lang='lat' dir='ltr'><strong>quae</strong></span> <span class='ocrx_word' id='word_1_213' title='bbox 581 3125 702 3169; x_wconf 90' lang='lat' dir='ltr'><strong>sursum</strong></span> <span class='ocrx_word' id='word_1_214' title='bbox 723 3116 794 3170; x_wconf 89' lang='lat' dir='ltr'><strong>sunt</strong></span> <span class='ocrx_word' id='word_1_215' title='bbox 815 3093 925 3188; x_wconf 77' lang='lat' dir='ltr'><strong>sapite,</strong></span> <span class='ocrx_word' id='word_1_216' title='bbox 948 3127 1009 3170; x_wconf 87' lang='lat' dir='ltr'><strong>non</strong></span> <span class='ocrx_word' id='word_1_217' title='bbox 1030 3129 1105 3190; x_wconf 84' lang='lat' dir='ltr'><strong>qnae</strong></span> <span class='ocrx_word' id='word_1_218' title='bbox 1126 3111 1278 3173; x_wconf 87' lang='lat' dir='ltr'><strong>deorsum.</strong></span> <span class='ocrx_word' id='word_1_219' title='bbox 1313 3110 1356 3172; x_wconf 92' lang='lat' dir='ltr'><strong>lta</strong></span> <span class='ocrx_word' id='word_1_220' title='bbox 1379 3113 1480 3175; x_wconf 78' lang='lat' dir='ltr'><strong>animo</strong></span> 
     </span>
     <span class='ocr_line' id='line_1_26' title="bbox 316 3208 1480 3295; baseline 0.003 -21"><span class='ocrx_word' id='word_1_221' title='bbox 316 3211 448 3274; x_wconf 86' lang='lat' dir='ltr'><strong>ostendit</strong></span> <span class='ocrx_word' id='word_1_222' title='bbox 468 3228 639 3290; x_wconf 79' lang='lat' dir='ltr'><strong>resurgere,</strong></span> <span class='ocrx_word' id='word_1_223' title='bbox 670 3228 729 3289; x_wconf 94' lang='lat' dir='ltr'><strong>quo</strong></span> <span class='ocrx_word' id='word_1_224' title='bbox 752 3208 818 3271; x_wconf 90' lang='lat' dir='ltr'><strong>solo</strong></span> <span class='ocrx_word' id='word_1_225' title='bbox 839 3208 952 3276; x_wconf 78' lang='lat' dir='ltr'><strong>&#39;adhuc</strong></span> <span class='ocrx_word' id='word_1_226' title='bbox 977 3230 1139 3291; x_wconf 89' lang='lat' dir='ltr'><strong>possumus</strong></span> <span class='ocrx_word' id='word_1_227' title='bbox 1167 3211 1303 3275; x_wconf 82' lang='lat' dir='ltr'><strong>coelestia</strong></span> <span class='ocrx_word' id='word_1_228' title='bbox 1324 3213 1480 3295; x_wconf 78' lang='lat' dir='ltr'><strong>attingere.</strong></span> 
     </span>
    </p>

    <p class='ocr_par' dir='ltr' id='par_1_13' title="bbox 317 3314 1484 3397">
     <span class='ocr_line' id='line_1_27' title="bbox 317 3314 1484 3397; baseline 0.001 -20"><span class='ocrx_word' id='word_1_229' title='bbox 317 3315 400 3389; x_wconf 88' lang='lat' dir='ltr'><strong>Quae</strong></span> <span class='ocrx_word' id='word_1_230' title='bbox 421 3331 481 3375; x_wconf 90' lang='lat' dir='ltr'><strong>uon</strong></span> <span class='ocrx_word' id='word_1_231' title='bbox 503 3329 711 3397; x_wconf 80' lang='lat' dir='ltr'><strong>quaereremus</strong></span> <span class='ocrx_word' id='word_1_232' title='bbox 733 3329 999 3392; x_wconf 65' lang='lat' dir='ltr'><strong>recuperemus,</strong></span> <span class='ocrx_word' id='word_1_233' title='bbox 1034 3314 1059 3374; x_wconf 94' lang='lat' dir='ltr'><strong>si</strong></span> <span class='ocrx_word' id='word_1_234' title='bbox 1089 3314 1323 3392; x_wconf 89' lang='lat' dir='ltr'><strong>possideremus.</strong></span> <span class='ocrx_word' id='word_1_235' title='bbox 1366 3314 1484 3378; x_wconf 80' lang='lat' dir='ltr'><strong>Subicit</strong></span> 
     </span>
    </p>

    <p class='ocr_par' dir='ltr' id='par_1_14' title="bbox 187 3412 1482 3600">
     <span class='ocr_line' id='line_1_28' title="bbox 187 3412 1482 3491; baseline 0.002 -13"><span class='ocrx_word' id='word_1_236' title='bbox 187 3424 302 3479; x_wconf 66' lang='lat' dir='ltr'><strong>coluit</strong></span> <span class='ocrx_word' id='word_1_237' title='bbox 317 3417 420 3491; x_wconf 89' lang='lat' dir='ltr'><strong>etiam,</strong></span> <span class='ocrx_word' id='word_1_238' title='bbox 452 3413 558 3477; x_wconf 88' lang='lat' dir='ltr'><strong>llortui</strong></span> <span class='ocrx_word' id='word_1_239' title='bbox 587 3413 665 3476; x_wconf 88' lang='lat' dir='ltr'><strong>euim</strong></span> <span class='ocrx_word' id='word_1_240' title='bbox 693 3412 783 3486; x_wconf 90' lang='lat' dir='ltr'><strong>estis,</strong></span> <span class='ocrx_word' id='word_1_241' title='bbox 816 3413 929 3477; x_wconf 88' lang='lat' dir='ltr'><strong>scilicet</strong></span> <span class='ocrx_word' id='word_1_242' title='bbox 955 3414 1087 3487; x_wconf 86' lang='lat' dir='ltr'><strong>delictis,</strong></span> <span class='ocrx_word' id='word_1_243' title='bbox 1119 3433 1180 3476; x_wconf 90' lang='lat' dir='ltr'><strong>non</strong></span> <span class='ocrx_word' id='word_1_244' title='bbox 1202 3414 1320 3491; x_wconf 79' lang='lat' dir='ltr'><strong>&#39;vobis,</strong></span> <span class='ocrx_word' id='word_1_245' title='bbox 1351 3415 1399 3479; x_wconf 79' lang='lat' dir='ltr'><strong>’et</strong></span> <span class='ocrx_word' id='word_1_246' title='bbox 1421 3418 1482 3480; x_wconf 80' lang='lat' dir='ltr'><strong>sits</strong></span> 
     </span>
     <span class='ocr_line' id='line_1_29' title="bbox 316 3515 1481 3600; baseline 0.002 -20"><span class='ocrx_word' id='word_1_247' title='bbox 316 3527 413 3582; x_wconf 83' lang='lat' dir='ltr'><strong>restra</strong></span> <span class='ocrx_word' id='word_1_248' title='bbox 435 3515 606 3580; x_wconf 86' lang='lat' dir='ltr'><strong>abscondita</strong></span> <span class='ocrx_word' id='word_1_249' title='bbox 634 3525 681 3578; x_wconf 91' lang='lat' dir='ltr'><strong>est</strong></span> <span class='ocrx_word' id='word_1_250' title='bbox 708 3534 773 3577; x_wconf 90' lang='lat' dir='ltr'><strong>cum</strong></span> <span class='ocrx_word' id='word_1_251' title='bbox 796 3515 913 3578; x_wconf 87' lang='lat' dir='ltr'><strong>Christo</strong></span> <span class='ocrx_word' id='word_1_252' title='bbox 936 3515 965 3577; x_wconf 90' lang='lat' dir='ltr'><strong>in</strong></span> <span class='ocrx_word' id='word_1_253' title='bbox 988 3516 1054 3578; x_wconf 87' lang='lat' dir='ltr'><strong>deo.</strong></span> <span class='ocrx_word' id='word_1_254' title='bbox 1105 3515 1242 3578; x_wconf 84' lang='lat' dir='ltr'><strong>Nondum</strong></span> <span class='ocrx_word' id='word_1_255' title='bbox 1272 3534 1344 3599; x_wconf 78' lang='lat' dir='ltr'><strong>ergo</strong></span> <span class='ocrx_word' id='word_1_256' title='bbox 1371 3518 1481 3600; x_wconf 87' lang='lat' dir='ltr'><strong>adpre-</strong></span> 
     </span>
    </p>

    <p class='ocr_par' dir='ltr' id='par_1_15' title="bbox 191 3616 1480 3903">
     <span class='ocr_line' id='line_1_30' title="bbox 191 3616 1479 3699; baseline 0.002 -18"><span class='ocrx_word' id='word_1_257' title='bbox 191 3627 303 3682; x_wconf 74' lang='lat' dir='ltr'><strong>nurus</strong></span> <span class='ocrx_word' id='word_1_258' title='bbox 318 3620 409 3682; x_wconf 88' lang='lat' dir='ltr'><strong>hensa</strong></span> <span class='ocrx_word' id='word_1_259' title='bbox 432 3628 492 3692; x_wconf 90' lang='lat' dir='ltr'><strong>est,</strong></span> <span class='ocrx_word' id='word_1_260' title='bbox 514 3637 589 3699; x_wconf 89' lang='lat' dir='ltr'><strong>quae</strong></span> <span class='ocrx_word' id='word_1_261' title='bbox 611 3616 782 3679; x_wconf 80' lang='lat' dir='ltr'><strong>abscondita</strong></span> <span class='ocrx_word' id='word_1_262' title='bbox 803 3625 860 3678; x_wconf 90' lang='lat' dir='ltr'><strong>est.</strong></span> <span class='ocrx_word' id='word_1_263' title='bbox 905 3617 955 3679; x_wconf 87' lang='lat' dir='ltr'><strong>Sic</strong></span> <span class='ocrx_word' id='word_1_264' title='bbox 976 3626 1006 3679; x_wconf 92' lang='lat' dir='ltr'><strong>et</strong></span> <span class='ocrx_word' id='word_1_265' title='bbox 1025 3618 1169 3691; x_wconf 89' lang='lat' dir='ltr'><strong>loannes,</strong></span> <span class='ocrx_word' id='word_1_266' title='bbox 1198 3618 1237 3680; x_wconf 83' lang='lat' dir='ltr'><strong>Et</strong></span> <span class='ocrx_word' id='word_1_267' title='bbox 1258 3620 1407 3696; x_wconf 85' lang='lat' dir='ltr'><strong>nondum,</strong></span> <span class='ocrx_word' id='word_1_268' title='bbox 1429 3622 1479 3693; x_wconf 85' lang='lat' dir='ltr'><strong>sit,</strong></span> 
     </span>
     <span class='ocr_line' id='line_1_31' title="bbox 318 3718 1478 3801; baseline 0 -17"><span class='ocrx_word' id='word_1_269' title='bbox 318 3720 562 3784; x_wconf 84' lang='lat' dir='ltr'><strong>¹⁰manilestatum</strong></span> <span class='ocrx_word' id='word_1_270' title='bbox 584 3728 630 3780; x_wconf 94' lang='lat' dir='ltr'><strong>est</strong></span> <span class='ocrx_word' id='word_1_271' title='bbox 651 3718 720 3798; x_wconf 89' lang='lat' dir='ltr'><strong>quid</strong></span> <span class='ocrx_word' id='word_1_272' title='bbox 742 3718 833 3787; x_wconf 82' lang='lat' dir='ltr'><strong>loturi</strong></span> <span class='ocrx_word' id='word_1_273' title='bbox 856 3718 875 3750; x_wconf 88' lang='lat'><strong>¹¹</strong></span> <span class='ocrx_word' id='word_1_274' title='bbox 884 3718 987 3780; x_wconf 89' lang='lat' dir='ltr'><strong>simus.</strong></span> <span class='ocrx_word' id='word_1_275' title='bbox 1038 3718 1154 3781; x_wconf 88' lang='lat' dir='ltr'><strong>Scimus</strong></span> <span class='ocrx_word' id='word_1_276' title='bbox 1183 3721 1267 3801; x_wconf 88' lang='lat' dir='ltr'><strong>quia,</strong></span> <span class='ocrx_word' id='word_1_277' title='bbox 1300 3720 1326 3783; x_wconf 90' lang='lat' dir='ltr'><strong>si</strong></span> <span class='ocrx_word' id='word_1_278' title='bbox 1355 3721 1478 3784; x_wconf 73' lang='lat' dir='ltr'><strong>¹*meoi-</strong></span> 
     </span>
     <span class='ocr_line' id='line_1_32' title="bbox 318 3805 1480 3903; baseline 0.002 -19"><span class='ocrx_word' id='word_1_279' title='bbox 318 3820 482 3893; x_wconf 83' lang='lat' dir='ltr'><strong>lestaverit,</strong></span> <span class='ocrx_word' id='word_1_280' title='bbox 511 3820 623 3880; x_wconf 88' lang='lat' dir='ltr'><strong>similes</strong></span> <span class='ocrx_word' id='word_1_281' title='bbox 648 3819 738 3881; x_wconf 77' lang='lat' dir='ltr'><strong>¹’eius</strong></span> <span class='ocrx_word' id='word_1_282' title='bbox 760 3820 883 3882; x_wconf 92' lang='lat' dir='ltr'><strong>erimus.</strong></span> <span class='ocrx_word' id='word_1_283' title='bbox 927 3820 1022 3883; x_wconf 83' lang='lat' dir='ltr'><strong>&#39;lento</strong></span> <span class='ocrx_word' id='word_1_284' title='bbox 1044 3820 1127 3883; x_wconf 89' lang='lat' dir='ltr'><strong>ahest</strong></span> <span class='ocrx_word' id='word_1_285' title='bbox 1148 3829 1181 3882; x_wconf 91' lang='lat' dir='ltr'><strong>ut</strong></span> <span class='ocrx_word' id='word_1_286' title='bbox 1202 3805 1297 3884; x_wconf 84' lang='lat' dir='ltr'><strong>simus</strong></span> <span class='ocrx_word' id='word_1_287' title='bbox 1320 3823 1378 3885; x_wconf 87' lang='lat' dir='ltr'><strong>iam</strong></span> <span class='ocrx_word' id='word_1_288' title='bbox 1399 3824 1480 3903; x_wconf 86' lang='lat' dir='ltr'><strong>quod</strong></span> 
     </span>
    </p>
   </div>
   <div class='ocr_carea' id='block_1_6' title="bbox 318 3919 1519 4005">
    <p class='ocr_par' dir='ltr' id='par_1_16' title="bbox 318 3919 1519 4005">
     <span class='ocr_line' id='line_1_33' title="bbox 318 3919 1519 4005; baseline 0 -21"><span class='ocrx_word' id='word_1_289' title='bbox 318 3921 483 3994; x_wconf 90' lang='lat' dir='ltr'><strong>nescimus,</strong></span> <span class='ocrx_word' id='word_1_290' title='bbox 506 3921 605 4000; x_wconf 87' lang='lat' dir='ltr'><strong>utique</strong></span> <span class='ocrx_word' id='word_1_291' title='bbox 627 3919 744 3996; x_wconf 87' lang='lat' dir='ltr'><strong>scituri,</strong></span> <span class='ocrx_word' id='word_1_292' title='bbox 777 3922 803 3983; x_wconf 92' lang='lat' dir='ltr'><strong>si</strong></span> <span class='ocrx_word' id='word_1_293' title='bbox 825 3922 883 3982; x_wconf 89' lang='lat' dir='ltr'><strong>iem</strong></span> <span class='ocrx_word' id='word_1_294' title='bbox 905 3940 1052 3985; x_wconf 91' lang='lat' dir='ltr'><strong>essemus.</strong></span> <span class='ocrx_word' id='word_1_295' title='bbox 1095 3923 1175 3983; x_wconf 75' lang='lat' dir='ltr'><strong>Adeo</strong></span> <span class='ocrx_word' id='word_1_296' title='bbox 1197 3923 1404 4005; x_wconf 80' lang='lat' dir='ltr'><strong>contemplatio</strong></span> <span class='ocrx_word' id='word_1_297' title='bbox 1429 3932 1481 3985; x_wconf 90' lang='lat' dir='ltr'><strong>est</strong></span> <span class='ocrx_word' id='word_1_298' title='bbox 1511 3969 1519 3977; x_wconf 87' lang='lat'><strong>.</strong></span> 
     </span>
    </p>
   </div>
   <div class='ocr_carea' id='block_1_7' title="bbox 318 4072 1519 4750">
    <p class='ocr_par' dir='ltr' id='par_1_17' title="bbox 319 4072 1519 4276">
     <span class='ocr_line' id='line_1_34' title="bbox 319 4072 1519 4141; baseline -0.001 -16"><span class='ocrx_word' id='word_1_299' title='bbox 319 4073 360 4126; x_wconf 86' lang='grc'><strong>29.</strong></span> <span class='ocrx_word' id='word_1_300' title='bbox 378 4075 495 4124; x_wconf 82' lang='lat' dir='ltr'><strong>clamante</strong></span> <span class='ocrx_word' id='word_1_301' title='bbox 513 4073 564 4123; x_wconf 79' lang='lat' dir='ltr'><strong>oet.</strong></span> <span class='ocrx_word' id='word_1_302' title='bbox 607 4072 648 4123; x_wconf 86' lang='grc'><strong>30.</strong></span> <span class='ocrx_word' id='word_1_303' title='bbox 667 4075 770 4139; x_wconf 77' lang='lat' dir='ltr'><strong>apostoli</strong></span> <span class='ocrx_word' id='word_1_304' title='bbox 781 4075 921 4125; x_wconf 83' lang='lat' dir='ltr'><strong>videruntB.</strong></span> <span class='ocrx_word' id='word_1_305' title='bbox 956 4076 1063 4126; x_wconf 85' lang='lat' dir='ltr'><strong>siderant</strong></span> <span class='ocrx_word' id='word_1_306' title='bbox 1079 4077 1184 4141; x_wconf 89' lang='lat' dir='ltr'><strong>spostoli</strong></span> <span class='ocrx_word' id='word_1_307' title='bbox 1200 4078 1226 4127; x_wconf 81' lang='lat' dir='ltr'><strong>l.</strong></span> <span class='ocrx_word' id='word_1_308' title='bbox 1269 4078 1476 4129; x_wconf 56' lang='grc' dir='ltr'><strong>3113611οά.</strong></span> <span class='ocrx_word' id='word_1_309' title='bbox 1495 4111 1519 4124; x_wconf 82' lang='grc'>-</span> 
     </span>
     <span class='ocr_line' id='line_1_35' title="bbox 320 4139 1514 4207; baseline 0.002 -15"><span class='ocrx_word' id='word_1_310' title='bbox 320 4145 362 4193; x_wconf 81' lang='lat' dir='ltr'><strong>Est</strong></span> <span class='ocrx_word' id='word_1_311' title='bbox 376 4143 468 4207; x_wconf 76' lang='lat' dir='ltr'><strong>reliqui.</strong></span> <span class='ocrx_word' id='word_1_312' title='bbox 525 4139 566 4191; x_wconf 88' lang='grc'><strong>32.</strong></span> <span class='ocrx_word' id='word_1_313' title='bbox 592 4143 875 4195; x_wconf 68' lang='grc' dir='ltr'><strong>τοιαποιοτίι,11101ε11’</strong></span> <span class='ocrx_word' id='word_1_314' title='bbox 891 4150 937 4194; x_wconf 85' lang='lat' dir='ltr'><strong>tres</strong></span> <span class='ocrx_word' id='word_1_315' title='bbox 959 4145 1067 4195; x_wconf 73' lang='lat' dir='ltr'><strong>leticum.</strong></span> <span class='ocrx_word' id='word_1_316' title='bbox 1112 4146 1241 4196; x_wconf 85' lang='lat' dir='ltr'><strong>resurrexit</strong></span> <span class='ocrx_word' id='word_1_317' title='bbox 1259 4147 1281 4198; x_wconf 82' lang='grc'><strong>1.</strong></span> <span class='ocrx_word' id='word_1_318' title='bbox 1342 4144 1382 4196; x_wconf 75' lang='grc'><strong>33,</strong></span> <span class='ocrx_word' id='word_1_319' title='bbox 1398 4145 1435 4195; x_wconf 88' lang='lat' dir='ltr'><strong>sel</strong></span> <span class='ocrx_word' id='word_1_320' title='bbox 1451 4148 1514 4195; x_wconf 82' lang='lat' dir='ltr'><strong>t-</strong></span> 
     </span>
     <span class='ocr_line' id='line_1_36' title="bbox 319 4209 865 4276; baseline -0.004 -14"><span class='ocrx_word' id='word_1_321' title='bbox 319 4210 359 4262; x_wconf 80' lang='lat'><strong>34.</strong></span> <span class='ocrx_word' id='word_1_322' title='bbox 378 4210 514 4260; x_wconf 82' lang='lat' dir='ltr'><strong>hulceribus</strong></span> <span class='ocrx_word' id='word_1_323' title='bbox 534 4209 600 4261; x_wconf 77' lang='lat' dir='ltr'><strong>Colo.</strong></span> <span class='ocrx_word' id='word_1_324' title='bbox 635 4210 756 4260; x_wconf 84' lang='lat' dir='ltr'><strong>ulceribus</strong></span> <span class='ocrx_word' id='word_1_325' title='bbox 772 4212 865 4276; x_wconf 87' lang='lat' dir='ltr'><strong>reliqui.</strong></span> 
     </span>
    </p>

    <p class='ocr_par' dir='ltr' id='par_1_18' title="bbox 318 4277 1519 4750">
     <span class='ocr_line' id='line_1_37' title="bbox 386 4277 1519 4347; baseline 0.002 -18"><span class='ocrx_word' id='word_1_326' title='bbox 386 4279 443 4342; x_wconf 79' lang='lat' dir='ltr'><strong>Cap.</strong></span> <span class='ocrx_word' id='word_1_327' title='bbox 462 4277 541 4327; x_wconf 82' lang='lat' dir='ltr'><strong>xlttl.</strong></span> <span class='ocrx_word' id='word_1_328' title='bbox 585 4279 606 4327; x_wconf 92' lang='grc'><strong>1.</strong></span> <span class='ocrx_word' id='word_1_329' title='bbox 624 4279 751 4328; x_wconf 80' lang='lat' dir='ltr'><strong>suscitaret</strong></span> <span class='ocrx_word' id='word_1_330' title='bbox 767 4279 792 4328; x_wconf 84' lang='grc'><strong>,1.</strong></span> <span class='ocrx_word' id='word_1_331' title='bbox 836 4279 957 4328; x_wconf 83' lang='lat' dir='ltr'><strong>suscitarit</strong></span> <span class='ocrx_word' id='word_1_332' title='bbox 972 4279 1066 4342; x_wconf 84' lang='lat' dir='ltr'><strong>„olii“,</strong></span> <span class='ocrx_word' id='word_1_333' title='bbox 1091 4283 1167 4332; x_wconf 82' lang='lat' dir='ltr'><strong>neseio</strong></span> <span class='ocrx_word' id='word_1_334' title='bbox 1185 4283 1233 4344; x_wconf 87' lang='lat' dir='ltr'><strong>qui,</strong></span> <span class='ocrx_word' id='word_1_335' title='bbox 1253 4283 1316 4347; x_wconf 78' lang='lat' dir='ltr'><strong>opud</strong></span> <span class='ocrx_word' id='word_1_336' title='bbox 1332 4283 1371 4333; x_wconf 77' lang='lat' dir='ltr'><strong>rr.</strong></span> <span class='ocrx_word' id='word_1_337' title='bbox 1381 4283 1468 4332; x_wconf 76' lang='lat' dir='ltr'><strong>lusisse</strong></span> <span class='ocrx_word' id='word_1_338' title='bbox 1482 4310 1519 4321; x_wconf 91' lang='lat'>-</span> 
     </span>
     <span class='ocr_line' id='line_1_38' title="bbox 319 4345 1519 4412; baseline 0.003 -15"><span class='ocrx_word' id='word_1_339' title='bbox 319 4346 343 4397; x_wconf 93' lang='grc'><strong>2.</strong></span> <span class='ocrx_word' id='word_1_340' title='bbox 362 4347 385 4397; x_wconf 89' lang='lat' dir='ltr'><strong>iu</strong></span> <span class='ocrx_word' id='word_1_341' title='bbox 403 4347 530 4398; x_wconf 71' lang='lat' dir='ltr'><strong>onullli&#39;o.</strong></span> <span class='ocrx_word' id='word_1_342' title='bbox 547 4353 593 4396; x_wconf 86' lang='lat' dir='ltr'><strong>tres</strong></span> <span class='ocrx_word' id='word_1_343' title='bbox 605 4347 713 4397; x_wconf 83' lang='lat' dir='ltr'><strong>Vsticsoi.</strong></span> <span class='ocrx_word' id='word_1_344' title='bbox 753 4345 777 4395; x_wconf 85' lang='lat'><strong>³.</strong></span> <span class='ocrx_word' id='word_1_345' title='bbox 796 4347 921 4410; x_wconf 90' lang='lat' dir='ltr'><strong>prseputio</strong></span> <span class='ocrx_word' id='word_1_346' title='bbox 939 4350 961 4397; x_wconf 82' lang='lat' dir='ltr'><strong>l.</strong></span> <span class='ocrx_word' id='word_1_347' title='bbox 1013 4348 1037 4397; x_wconf 82' lang='lat' dir='ltr'><strong>l.</strong></span> <span class='ocrx_word' id='word_1_348' title='bbox 1056 4350 1123 4412; x_wconf 89' lang='lat' dir='ltr'><strong>qussi</strong></span> <span class='ocrx_word' id='word_1_349' title='bbox 1142 4350 1237 4411; x_wconf 86' lang='lat' dir='ltr'><strong>quidem</strong></span> <span class='ocrx_word' id='word_1_350' title='bbox 1256 4351 1294 4401; x_wconf 79' lang='lat' dir='ltr'><strong>lo.</strong></span> <span class='ocrx_word' id='word_1_351' title='bbox 1312 4347 1519 4402; x_wconf 68' lang='lat' dir='ltr'><strong>tresVsts&#39;sss‘i</strong></span> 
     </span>
     <span class='ocr_line' id='line_1_39' title="bbox 320 4414 1519 4482; baseline 0.001 -19"><span class='ocrx_word' id='word_1_352' title='bbox 320 4415 414 4481; x_wconf 73' lang='lat' dir='ltr'><strong>qoielam</strong></span> <span class='ocrx_word' id='word_1_353' title='bbox 432 4415 499 4479; x_wconf 86' lang='lat' dir='ltr'><strong>qussi</strong></span> <span class='ocrx_word' id='word_1_354' title='bbox 518 4416 610 4478; x_wconf 82' lang='lat' dir='ltr'><strong>reliqui.</strong></span> <span class='ocrx_word' id='word_1_355' title='bbox 668 4414 691 4464; x_wconf 83' lang='lat'><strong>5.</strong></span> <span class='ocrx_word' id='word_1_356' title='bbox 710 4415 895 4464; x_wconf 82' lang='lat' dir='ltr'><strong>resuscitatores</strong></span> <span class='ocrx_word' id='word_1_357' title='bbox 910 4415 953 4465; x_wconf 78' lang='lat' dir='ltr'><strong>AB.</strong></span> <span class='ocrx_word' id='word_1_358' title='bbox 1012 4415 1035 4465; x_wconf 86' lang='grc'><strong>6.</strong></span> <span class='ocrx_word' id='word_1_359' title='bbox 1053 4417 1204 4466; x_wconf 86' lang='lat' dir='ltr'><strong>resurrexisti</strong></span> <span class='ocrx_word' id='word_1_360' title='bbox 1222 4418 1247 4467; x_wconf 77' lang='lat' dir='ltr'><strong>rl.</strong></span> <span class='ocrx_word' id='word_1_361' title='bbox 1305 4418 1329 4467; x_wconf 81' lang='grc'><strong>1.</strong></span> <span class='ocrx_word' id='word_1_362' title='bbox 1348 4430 1519 4482; x_wconf 65' lang='lat' dir='ltr'><strong>possumus</strong></span> 
     </span>
     <span class='ocr_line' id='line_1_40' title="bbox 319 4481 1519 4549; baseline 0.003 -16"><span class='ocrx_word' id='word_1_363' title='bbox 319 4484 396 4533; x_wconf 81' lang='lat' dir='ltr'><strong>stllruc</strong></span> <span class='ocrx_word' id='word_1_364' title='bbox 412 4484 437 4533; x_wconf 81' lang='lat' dir='ltr'><strong>l.</strong></span> <span class='ocrx_word' id='word_1_365' title='bbox 489 4482 512 4532; x_wconf 81' lang='lat'><strong>8.</strong></span> <span class='ocrx_word' id='word_1_366' title='bbox 531 4484 597 4531; x_wconf 81' lang='lat' dir='ltr'><strong>rolris</strong></span> <span class='ocrx_word' id='word_1_367' title='bbox 614 4481 667 4531; x_wconf 79' lang='lat' dir='ltr'><strong>teo.</strong></span> <span class='ocrx_word' id='word_1_368' title='bbox 689 4483 847 4533; x_wconf 81' lang='lat' dir='ltr'><strong>Voticosorum</strong></span> <span class='ocrx_word' id='word_1_369' title='bbox 864 4483 917 4532; x_wconf 80' lang='lat' dir='ltr'><strong>cluo.</strong></span> <span class='ocrx_word' id='word_1_370' title='bbox 953 4485 1022 4532; x_wconf 87' lang='lat' dir='ltr'><strong>uobis</strong></span> <span class='ocrx_word' id='word_1_371' title='bbox 1039 4486 1130 4549; x_wconf 86' lang='lat' dir='ltr'><strong>reliqui.</strong></span> <span class='ocrx_word' id='word_1_372' title='bbox 1175 4484 1198 4534; x_wconf 81' lang='lat'><strong>9.</strong></span> <span class='ocrx_word' id='word_1_373' title='bbox 1217 4493 1241 4534; x_wconf 94' lang='lat' dir='ltr'><strong>et</strong></span> <span class='ocrx_word' id='word_1_374' title='bbox 1257 4486 1312 4536; x_wconf 76' lang='lat' dir='ltr'><strong>leo.</strong></span> <span class='ocrx_word' id='word_1_375' title='bbox 1331 4488 1376 4537; x_wconf 76' lang='lat' dir='ltr'><strong>duo</strong></span> <span class='ocrx_word' id='word_1_376' title='bbox 1391 4487 1519 4537; x_wconf 75' lang='lat' dir='ltr'><strong>luia--</strong></span> 
     </span>
     <span class='ocr_line' id='line_1_41' title="bbox 318 4548 1519 4615; baseline 0 -14"><span class='ocrx_word' id='word_1_377' title='bbox 318 4568 406 4612; x_wconf 84' lang='lat' dir='ltr'><strong>uorum,</strong></span> <span class='ocrx_word' id='word_1_378' title='bbox 426 4558 446 4601; x_wconf 89' lang='lat' dir='ltr'><strong>et</strong></span> <span class='ocrx_word' id='word_1_379' title='bbox 464 4553 514 4601; x_wconf 77' lang='lat' dir='ltr'><strong>cod.</strong></span> <span class='ocrx_word' id='word_1_380' title='bbox 532 4550 702 4600; x_wconf 71' lang='lat' dir='ltr'><strong>loclessentis.</strong></span> <span class='ocrx_word' id='word_1_381' title='bbox 756 4549 794 4599; x_wconf 87' lang='grc'><strong>10.</strong></span> <span class='ocrx_word' id='word_1_382' title='bbox 815 4552 989 4601; x_wconf 86' lang='lat' dir='ltr'><strong>mouilestatum</strong></span> <span class='ocrx_word' id='word_1_383' title='bbox 1010 4552 1128 4615; x_wconf 62' lang='lat' dir='ltr'><strong>Crocum</strong></span> <span class='ocrx_word' id='word_1_384' title='bbox 1164 4553 1316 4603; x_wconf 80' lang='lat' dir='ltr'><strong>meoiiestum</strong></span> <span class='ocrx_word' id='word_1_385' title='bbox 1335 4554 1396 4605; x_wconf 79' lang='lat' dir='ltr'><strong>stc.</strong></span> <span class='ocrx_word' id='word_1_386' title='bbox 1436 4548 1519 4601; x_wconf 65' lang='lat'><strong>15.</strong></span> 
     </span>
     <span class='ocr_line' id='line_1_42' title="bbox 319 4616 1512 4673; baseline -0.003 -3"><span class='ocrx_word' id='word_1_387' title='bbox 319 4634 402 4670; x_wconf 91' lang='lat' dir='ltr'><strong>sumus</strong></span> <span class='ocrx_word' id='word_1_388' title='bbox 419 4619 494 4670; x_wconf 66' lang='grc'><strong>1301.</strong></span> <span class='ocrx_word' id='word_1_389' title='bbox 548 4616 586 4667; x_wconf 86' lang='grc'><strong>12.</strong></span> <span class='ocrx_word' id='word_1_390' title='bbox 606 4618 769 4667; x_wconf 76' lang='lat' dir='ltr'><strong>manifestatus</strong></span> <span class='ocrx_word' id='word_1_391' title='bbox 787 4618 859 4667; x_wconf 88' lang='lat' dir='ltr'><strong>ioerit</strong></span> <span class='ocrx_word' id='word_1_392' title='bbox 874 4621 925 4670; x_wconf 62' lang='lat' dir='ltr'><strong>eos</strong></span> <span class='ocrx_word' id='word_1_393' title='bbox 943 4621 976 4671; x_wconf 89' lang='lat' dir='ltr'><strong>lo.</strong></span> <span class='ocrx_word' id='word_1_394' title='bbox 988 4620 1114 4670; x_wconf 79' lang='lat' dir='ltr'><strong>Clementis.</strong></span> <span class='ocrx_word' id='word_1_395' title='bbox 1160 4620 1198 4670; x_wconf 87' lang='grc'><strong>13.</strong></span> <span class='ocrx_word' id='word_1_396' title='bbox 1217 4624 1268 4670; x_wconf 86' lang='lat' dir='ltr'><strong>eius</strong></span> <span class='ocrx_word' id='word_1_397' title='bbox 1286 4622 1358 4673; x_wconf 78' lang='lat' dir='ltr'><strong>stes.</strong></span> <span class='ocrx_word' id='word_1_398' title='bbox 1376 4629 1422 4671; x_wconf 87' lang='lat' dir='ltr'><strong>tres</strong></span> <span class='ocrx_word' id='word_1_399' title='bbox 1433 4620 1512 4667; x_wconf 72' lang='lat' dir='ltr'><strong>l&#39;ae·</strong></span> 
     </span>
     <span class='ocr_line' id='line_1_43' title="bbox 319 4686 860 4750; baseline -0.009 -11"><span class='ocrx_word' id='word_1_400' title='bbox 319 4690 397 4749; x_wconf 81' lang='lat' dir='ltr'><strong>ticoni,</strong></span> <span class='ocrx_word' id='word_1_401' title='bbox 417 4696 438 4736; x_wconf 87' lang='lat' dir='ltr'><strong>et</strong></span> <span class='ocrx_word' id='word_1_402' title='bbox 456 4687 506 4736; x_wconf 82' lang='lat' dir='ltr'><strong>eorl.</strong></span> <span class='ocrx_word' id='word_1_403' title='bbox 524 4686 556 4735; x_wconf 84' lang='lat' dir='ltr'><strong>lo.</strong></span> <span class='ocrx_word' id='word_1_404' title='bbox 567 4686 693 4736; x_wconf 85' lang='lat' dir='ltr'><strong>Clementis.</strong></span> <span class='ocrx_word' id='word_1_405' title='bbox 728 4686 749 4736; x_wconf 89' lang='lat' dir='ltr'><strong>ei</strong></span> <span class='ocrx_word' id='word_1_406' title='bbox 766 4687 860 4750; x_wconf 86' lang='lat' dir='ltr'><strong>reliqui.</strong></span> 
     </span>
    </p>
   </div>
   <div class='ocr_carea' id='block_1_8' title="bbox 320 4781 1489 4922">
    <p class='ocr_par' dir='ltr' id='par_1_19' title="bbox 320 4781 1489 4922">
     <span class='ocr_line' id='line_1_44' title="bbox 354 4781 1489 4858; baseline -0.001 -19"><span class='ocrx_word' id='word_1_407' title='bbox 354 4805 374 4839; x_wconf 88' lang='lat' dir='ltr'><strong>c.</strong></span> <span class='ocrx_word' id='word_1_408' title='bbox 401 4787 549 4838; x_wconf 84' lang='lat' dir='ltr'><strong>Christianos</strong></span> <span class='ocrx_word' id='word_1_409' title='bbox 572 4786 601 4836; x_wconf 83' lang='lat' dir='ltr'><strong>sd</strong></span> <span class='ocrx_word' id='word_1_410' title='bbox 620 4781 727 4852; x_wconf 89' lang='lat' dir='ltr'><strong>leonem]</strong></span> <span class='ocrx_word' id='word_1_411' title='bbox 754 4788 790 4838; x_wconf 81' lang='lat' dir='ltr'><strong>cl.</strong></span> <span class='ocrx_word' id='word_1_412' title='bbox 808 4787 907 4853; x_wconf 73' lang='lat' dir='ltr'><strong>lpoloq.</strong></span> <span class='ocrx_word' id='word_1_413' title='bbox 926 4789 1028 4854; x_wconf 82' lang='lat' dir='ltr'><strong>esplll.</strong></span> <span class='ocrx_word' id='word_1_414' title='bbox 1064 4791 1098 4840; x_wconf 89' lang='lat' dir='ltr'><strong>lle</strong></span> <span class='ocrx_word' id='word_1_415' title='bbox 1116 4791 1223 4857; x_wconf 88' lang='lat' dir='ltr'><strong>Spectsc.</strong></span> <span class='ocrx_word' id='word_1_416' title='bbox 1243 4790 1345 4858; x_wconf 66' lang='lat' dir='ltr'><strong>capii.</strong></span> <span class='ocrx_word' id='word_1_417' title='bbox 1379 4786 1489 4841; x_wconf 76' lang='lat' dir='ltr'><strong>lieE&#39;x·</strong></span> 
     </span>
     <span class='ocr_line' id='line_1_45' title="bbox 320 4853 603 4922; baseline -0.007 -15"><span class='ocrx_word' id='word_1_418' title='bbox 320 4857 381 4908; x_wconf 85' lang='lat' dir='ltr'><strong>hort.</strong></span> <span class='ocrx_word' id='word_1_419' title='bbox 400 4856 482 4907; x_wconf 84' lang='lat' dir='ltr'><strong>Cestii.</strong></span> <span class='ocrx_word' id='word_1_420' title='bbox 500 4870 553 4922; x_wconf 85' lang='lat' dir='ltr'><strong>esp.</strong></span> <span class='ocrx_word' id='word_1_421' title='bbox 565 4853 603 4906; x_wconf 91' lang='grc'><strong>12.</strong></span> 
     </span>
    </p>
   </div>
   <div class='ocr_carea' id='block_1_9' title="bbox 0 0 1634 5775">
    <p class='ocr_par' dir='ltr' id='par_1_20' title="bbox 0 0 1634 5775">
     <span class='ocr_line' id='line_1_46' title="bbox 0 0 1634 5775; baseline 0 0"><span class='ocrx_word' id='word_1_422' title='bbox 0 0 1634 5775; x_wconf 95' lang='lat' dir='ltr'><strong> </strong></span> 
     </span>
    </p>
   </div>
  </div>
 </body>
</html>
