3242 5775
704 649 743 694 Μ
763 648 883 694 ΔΝΜ(
1090 699 1096 706 .
1311 637 1375 704 627

197 800 265 861 eius
288 797 539 860 resurrectionem
560 805 747 860 mortuorum
769 797 825 861 tibi
846 799 981 862 allirmut.
1017 797 1128 862 ”llaec
1147 800 1206 864 erit
1224 801 1324 864 somni
1345 809 1376 866 et
1476 775 1479 780 Ι

197 899 276 962 ratio
308 898 452 961 naturalis
480 906 510 960 et
531 905 634 960 natura
662 899 826 961 rationalis.
880 899 976 962 Etiam
1004 917 1060 980 per
1084 900 1243 981 imaginem
1268 902 1377 966 mortis
1427 943 1432 952 -
1501 875 1508 886 .

197 1000 287 1061 iidem
310 998 454 1075 initiaris,
477 1011 562 1079 spem
584 999 753 1074 mediteris,
775 999 868 1062 discis
890 999 968 1062 mori
990 1000 1158 1077 struere,
1183 1000 1276 1065 discis
1297 1001 1375 1084 rigi-

197 1101 275 1176 lare,
299 1101 369 1163 dum
392 1097 516 1163 dormis.

286 1202 440 1264 'Ceterum
462 1201 500 1262 de
515 1200 715 1275 Hermotimo,
739 1201 853 1276 anima,
876 1208 910 1262 ut
930 1201 1040 1277 aione,
1062 1202 1093 1265 in
1116 1221 1224 1266 somno
1246 1203 1376 1279 meabat,
1393 1223 1528 1284 captur.

197 1304 283 1384 quasi
305 1321 361 1382 per
383 1302 569 1364 occasionem
596 1301 743 1364 'vacaturi
769 1301 917 1365 'hominis
944 1303 1150 1382 proficiscente
1178 1304 1216 1367 de
1237 1311 1374 1385 corpcr'e.

197 1405 280 1468 Uxor
301 1404 361 1466 hoc
380 1403 521 1483 prodidit.
564 1402 678 1464 Inimici
701 1402 896 1466 dormientem
918 1404 995 1466 nacti
1016 1422 1073 1484 pro
1095 1404 1235 1468 defuncto
1256 1423 1374 1469 ereme-

198 1514 316 1567 rerunt
350 1504 498 1584 Regressa
520 1505 616 1566 anima
640 1503 769 1576 tardius,
793 1504 899 1580 credo,
920 1503 1113 1568 homicidium
1136 1505 1194 1569 sibi
1209 1506 1375 1587 imputavit.

198 1607 287 1669 Cives
310 1605 505 1667 ‘Clazomenii
528 1604 760 1666 ⁵Hermotimum
788 1605 900 1685 templo
929 1605 1133 1668 consolentur.
1182 1607 1288 1670 hlulier
1313 1625 1376 1672 non

197 1707 260 1769 adit
276 1706 315 1768 ob
330 1715 432 1768 notem
447 1706 562 1768 uxoris.
593 1706 745 1779 Quorsum
760 1704 865 1768 istud?
895 1705 951 1768 ‘Ut
964 1725 1013 1780 ue,
1036 1706 1104 1787 quia
1121 1706 1205 1770 lacile
1227 1716 1273 1772 est
1286 1707 1375 1790 vulgo
1479 1727 1482 1732 ·

198 1807 369 1870 existimare
392 1808 596 1869 secessionem
619 1807 734 1869 animae
756 1825 825 1869 esse
845 1807 1018 1882 'somnum,
1039 1809 1098 1870 hoc
1111 1827 1231 1888 queque
1244 1808 1375 1872 limmo-

198 1910 262 1972 timi
285 1915 460 1988 argumento
482 1906 640 1970 credulitas
663 1908 855 1970 subornetur.
905 1908 1007 1972 Genus
1035 1910 1132 1972 luerat
1152 1909 1297 1989 gravioria
1317 1909 1375 1972 ali·

198 2019 312 2090 quanto
335 2008 470 2088 soporis,
493 2017 527 2070 ut
548 2008 585 2069 de
607 2008 754 2070 incubone
776 2010 978 2089 praesumptio
1001 2018 1064 2085 est,
1093 2010 1155 2072 'rel
1176 2011 1214 2074 de
1235 2029 1270 2074 ea
1291 2010 1375 2074 rele-

199 2111 313 2172 tudinis
335 2109 401 2172 labe
422 2128 509 2189 quam
533 2110 666 2171 Soranus
689 2110 814 2189 opponit
835 2110 993 2173 excludens
1015 2110 1224 2188 incubonem't
1239 2119 1298 2175 unt
1316 2111 1375 2176 lale

199 2212 272 2291 quid
288 2211 350 2272 vitii
366 2211 445 2290 quod
468 2211 556 2272 etiam
571 2209 802 2289 ⁹Epimeniden·
824 2210 854 2272 in
870 2211 997 2273 tabulam
1011 2211 1144 2292 impegit,
1165 2211 1377 2293 quinquaginta

198 2321 296 2393 peene
318 2330 414 2373 annos
430 2310 675 2373 somniculosum.
706 2312 764 2373 Sed
780 2320 811 2373 et
824 2310 973 2374 Neronem
988 2312 1180 2386 Suetonium,
1203 2321 1234 2376 et
1248 2312 1375 2374 ¹⁰'l'hra-

199 2414 372 2494 symedem·
393 2412 607 2492 Theopompus
628 2421 738 2491 negant
759 2431 898 2493 umquam
920 2413 1107 2487 somniasse,
1129 2412 1186 2475 nisi
1208 2413 1257 2476 rix
1275 2413 1375 2488 Nero-

199 2533 271 2576 nem
294 2514 326 2574 in
345 2513 450 2574 ultimo
474 2514 552 2575 exitu
574 2520 646 2591 post
666 2529 790 2591 perores
812 2531 896 2576 euos.
941 2513 1034 2588 uuit,
1063 2514 1090 2575 si
1120 2522 1152 2575 et
1170 2513 1376 2578 Hermotimus
1479 2518 1482 2522 ’

198 2617 240 2678 ita
268 2616 339 2687 luit,
372 2622 406 2676 ut
433 2612 525 2675 cuum
553 2607 696 2676 ¹¹animae
728 2613 801 2675 nihil
834 2613 986 2694 operantis
1020 2613 1052 2675 in
1078 2616 1193 2677 somnis
1219 2614 1377 2678 divortium

202 2713 427 2778 ¹'credereturl
464 2714 569 2775 Omnia
591 2715 686 2793 magis
709 2716 859 2776 coniectes
881 2727 968 2794 quam
984 2714 1071 2776 istam
1092 2715 1242 2777 licentiam
1262 2714 1378 2778 animae

200 2818 269 2880 siue
298 2827 394 2878 morte
423 2816 577 2894 fugitivae,
612 2815 780 2895 etquidem
804 2833 840 2877 ex
867 2816 962 2876 lerina
985 2813 1191 2877 ¹'continuam
1236 2814 1271 2876 Si
1297 2815 1378 2878 enim

200 2919 260 2982 tale
282 2918 354 2997 quid
375 2917 468 2980 semel
489 2916 625 2978 accidere
647 2916 777 2990 dicatur,
805 2925 839 2979 ut
860 2916 1022 2995 deliquium
1044 2916 1118 2979 selis
1139 2915 1315 2991 amineae,
1336 2915 1378 2979 itt

200 3030 232 3082 et
260 3019 392 3093 animae,
427 3036 499 3078 sanc
526 3017 750 3096 ¹‘persuaderer
779 3017 918 3079 divinitus
946 3019 1071 3092 lactum3
1103 3034 1269 3096 congruere
1297 3017 1376 3078 enim

199 3121 354 3183 hominem
376 3138 430 3181 seu
452 3117 568 3179 moneri
591 3136 645 3179 seu
664 3119 771 3180 terreri
788 3119 831 3179 ua
845 3118 913 3192 dec,
935 3118 1016 3180 velut
1036 3119 1150 3197 fulgure
1171 3118 1286 3197 rapido,
1307 3136 1377 3180 mo·
1448 3116 1454 3127 '

202 3232 378 3285 mentaneae
399 3219 506 3281 mortis
528 3219 605 3280 ictu:
641 3218 667 3280 si
695 3238 757 3280 non
786 3218 880 3297 magis
902 3218 933 3279 in
954 3217 1091 3296 proximo
1120 3226 1201 3279 esset
1227 3217 1379 3279 somnium

200 3324 285 3385 credi
307 3323 386 3403 quod
409 3320 538 3400 vigilanti
560 3319 661 3399 petius
684 3318 818 3379 accidere
839 3319 961 3380 deberet
983 3317 1036 3379 ¹⁸si
1058 3335 1119 3379 uon
1141 3317 1290 3379 somnium
1312 3335 1379 3378 me-

202 3426 249 3505 gis
272 3423 354 3485 credi
378 3419 557 3503 oporteret‘.

201 3573 242 3626 ³²
262 3577 428 3707 Actttlfiltli.
475 3642 498 3690 1.
516 3641 555 3689 ne
575 3638 762 3689 aeneorum.
790 3637 916 3687 caeterum
935 3637 977 3688 ie.
1024 3635 1063 3685 us
1087 3632 1256 3684 neruorum
1279 3632 1381 3683 autri.

206 3713 334 3774 Caeterum
355 3710 378 3761 C.
431 3709 455 3758 2.
475 3709 578 3758 recaturi
596 3709 655 3758 Aac.
691 3706 797 3767 vegetari
818 3705 856 3755 Cn.
909 3703 932 3754 3.
952 3703 1056 3753 huminis
1074 3705 1096 3753 d.
1138 3701 1305 3752 nominisdd.
1341 3701 1380 3751 lu-

207 3781 278 3829 minis
299 3779 337 3829 Cn.
390 3777 414 3827 4.
435 3777 572 3826 Clazomeni
591 3777 616 3824 Α.
669 3773 691 3823 5.
711 3773 885 3822 llermctimum
904 3772 1014 3835 limpGob.
1050 3770 1207 3834 Hermippum
1225 3768 1268 3820 tu.
1312 3767 1382 3819 bnt

205 3861 236 3897 ue
254 3847 310 3911 quie
330 3846 402 3895 iecile
420 3845 445 3893 li.
482 3859 512 3893 ne
531 3844 585 3907 qnia
604 3842 674 3891 lecile
694 3845 733 3891 tt.
769 3840 867 3903 utqui·
887 3854 934 3888 non
954 3840 1134 3903 ieeilereliqui.
1186 3837 1210 3886 i.
1228 3850 1340 3887 somnum
1358 3853 1381 3886 e.

206 3915 326 3964 somniem
346 3915 439 3977 reliqui.
481 3911 504 3960 8.
524 3911 559 3959 vel
578 3910 609 3959 de
628 3924 654 3958 ee
674 3908 815 3958 valetudinis
834 3907 888 3956 labe
906 3907 963 3957 cca.
998 3907 1034 3957 rel
1053 3904 1246 3957 valetudiniadl.
1280 3903 1383 3969 Upi·

207 3983 318 4031 menidee
338 3984 363 4030 t.
399 3979 565 4043 Epimenidem
584 3978 676 4040 reliqui.
732 3975 771 4024 10.
788 3974 958 4024 Thesimedcm
976 3974 1002 4023 ll.
1044 3971 1225 4024 'l'hrrismedem
1243 3973 1268 4021 t.
1303 3971 1382 4022 Thra·

206 4051 323 4098 simedem
342 4049 436 4111 reliqui.
500 4046 651 4095 thurinae
677 4041 736 4092 nihil
762 4043 885 4105 operantis
910 4043 933 4091 in
955 4042 1048 4090 somnis
1071 4041 1297 4091 divertiumora.d.
1343 4038 1383 4089 12.

206 4118 324 4175 erederet,
345 4123 370 4164 nt
389 4116 502 4164 Latinior.
545 4112 583 4162 13.
602 4111 730 4160 continuae
748 4111 861 4160 betisias.
903 4108 942 4158 14.
962 4108 1151 4172 persuaderet.
1194 4106 1233 4156 tt.
1250 4107 1316 4157 adeo
1333 4107 1387 4165 vult,

207 4192 233 4234 ut
249 4185 346 4245 fulgure
365 4184 391 4232 Α.
446 4181 484 4230 16.
504 4182 524 4230 si
544 4196 590 4229 non
610 4180 730 4228 somnium
750 4178 826 4240 magis
845 4177 910 4227 credi
929 4183 1053 4241 oporteret
1070 4190 1114 4226 aar.
1129 4177 1152 4224 b.

240 4318 300 4381 Cap.
320 4316 394 4365 llLlll.
435 4331 456 4363 u.
477 4323 502 4363 ut
521 4310 597 4379 aiunt]
623 4314 683 4362 rttn.
702 4313 730 4362 11.
745 4313 772 4362 Ν.
824 4311 883 4361 bier.
902 4312 956 4374 Tyr.
975 4307 1104 4360 bisexti.
1130 4306 1384 4369 biogtmrtmt.

205 4385 254 4444 tlt,
270 4384 311 4433 52.
339 4384 426 4432 Simile
445 4385 502 4445 quid
516 4390 615 4431 narrent
628 4382 657 4430 de
667 4382 773 4430 Aristeae
823 4379 839 4429 2
857 4388 880 4428 et
898 4379 921 4428 i.

208 4453 365 4502 Proconnesii
396 4452 484 4499 anima.
532 4449 773 4510 ll.lle1im.'lyriur
857 4471 881 4521 d·
900 4464 1042 4531 samaim]
1060 4466 1234 4518 Summa
1252 4465 1357 4531 cmg·

206 4520 269 4570 ⁰¹³⁸·
290 4519 408 4569 xxm·
859 4578 879 4612 e.
908 4555 1108 4626 Thrasymedem]
1140 4560 1303 4610 lleraeeneem
1328 4557 1386 4608 dicit

239 4622 263 4670 b·
284 4634 355 4683 qnam
384 4619 492 4668 S⁰l³¹¹¹¹⁸
516 4618 617 4695 ⁰l³l³⁰¹¹ll
643 4615 771 4666 0¹⁰¹¹¹d⁰¹¹³
825 4630 891 4680 hunc
907 4628 1095 4692 Thrasymedem
1113 4626 1176 4678 l’lut.
1203 4628 1228 4678 in
1251 4624 1335 4677 libelle
1354 4625 1384 4674 de

205 4682 365 4750 incubonem]
402 4686 427 4734 V.
447 4686 512 4736 Cael.
536 4686 657 4734 Aurelian.
682 4685 772 4734 Chron.
825 4697 926 4748 nepem
945 4696 1114 4747 oraculorum,

204 4757 230 4819 ¹’
252 4756 277 4805 3'
858 4782 876 4830 t.
893 4781 914 4830 ei
932 4795 981 4830 non
1000 4780 1121 4830 somnium
1139 4777 1217 4841 megia
1230 4774 1296 4827 credi
1309 4786 1388 4836 epor-

239 4871 262 4906 e.
287 4850 458 4921 Epimeniden]
485 4854 547 4903 Plin.
571 4855 600 4905 11.
617 4851 646 4903 lt.
664 4851 713 4912 Vll,
729 4848 771 4899 52.
823 4844 906 4915 teret]
931 4848 992 4899 liele
1009 4849 1070 4898 haec
1086 4847 1157 4898 rerba
1176 4843 1287 4908 expunxit
1302 4839 1388 4903 higel-

1174 4922 1234 4979 to*
