3242 5775
487 699 498 730 a
557 652 596 694 ua
617 652 717 696 anm.
756 643 761 656 '
1159 642 1224 706 575

214 800 273 862 iam
301 818 406 873 causa,
438 808 469 861 et
497 808 549 861 ant
576 799 691 863 animus
719 800 862 863 ¹'vacaliit
883 812 934 865 ant
954 802 1062 865 anima.
1107 803 1223 877 Quodsi

197 900 331 963 ominbus
352 902 425 962 haec
446 900 546 961 omnia
567 903 714 981 reputari,
736 921 809 981 ergo
832 921 924 964 unum
946 912 1034 965 erunt
1052 911 1222 985 utrumque,

197 999 303 1062 oritus‘
324 1000 470 1063 obtinebit
491 1001 686 1064 differentiam
702 1003 827 1077 tollens,
850 1012 881 1065 et
895 1013 1055 1084 quaeretur
1069 1006 1222 1084 quamdo

196 1122 336 1183 rumque,
359 1122 393 1164 ex
417 1103 539 1165 duarum
563 1103 796 1165 substantiarum
817 1104 1007 1178 confusione,
1030 1124 1067 1166 an
1081 1125 1118 1168 ex
1132 1106 1221 1170 unias

197 1222 255 1264 ine.
310 1204 373 1265 Nos
402 1211 499 1265 autem
522 1204 652 1266 animum
675 1204 715 1266 ita
742 1204 867 1267 dicimus
895 1205 1011 1268 animae
1039 1217 1222 1282 cunmetum,

197 1304 352 1366 iubstantia
374 1304 480 1375 alium,
503 1304 557 1366 sad
580 1313 613 1367 ut
635 1305 820 1367 subsuntiae
842 1306 983 1369 ultimum.

199 1407 257 1468 huo
279 1405 442 1486 'dispicere
463 1415 602 1486 superest
629 1405 829 1487 principalitas
857 1407 908 1469 ubi
930 1407 984 1481 sit,
1013 1409 1043 1471 id
1065 1417 1113 1470 est
1132 1409 1221 1488 ’quid
1238 1428 1292 1486 cap.
1300 1429 1356 1474 1111.

197 1516 250 1578 est,
279 1516 312 1568 ut
334 1507 417 1569 cuiue
439 1506 640 1586 principalitas
663 1507 847 1586 apparuerit,
878 1508 926 1569 illa
954 1508 994 1570 ait
1020 1509 1222 1573 'substantiae

201 1608 231 1669 id
253 1616 367 1681 auum,
390 1608 437 1669 cui
454 1625 553 1668 massa
568 1606 751 1669 substantiae
765 1608 909 1687 praeerit,
932 1609 963 1669 in
984 1610 1113 1672 officinm
1135 1619 1223 1674 natu-

197 1708 316 1770 ttantiae
337 1708 505 1787 deputetur.
542 1708 701 1772 Enimvero
724 1710 791 1789 quis
814 1727 876 1770 nun
898 1710 1014 1772 animae
1036 1710 1117 1778 dabit
1138 1730 1222 1773 sum-

197 1829 279 1872 inem
310 1809 393 1871 cuius
426 1810 548 1871 numine
579 1810 671 1872 tutius
703 1810 833 1872 hominis
866 1811 978 1872 mentio
1012 1810 1125 1873 titulata
1153 1809 1224 1874 eati

204 1911 319 1972 animas
341 1928 449 1989 pasco,
479 1911 520 1973 ait
542 1911 642 1981 dives,
671 1912 750 1972 ‘non
773 1911 905 1984 animus,
939 1921 970 1972 et
991 1911 1104 1974 animae
1128 1911 1225 1974 salvas

197 2013 350 2086 cernatur,
374 2029 435 2072 nun
457 2013 590 2085 animus,
614 2019 644 2073 et
664 2012 794 2073 rusticus
818 2013 848 2073 in
871 2030 980 2092 opere,
1003 2020 1034 2073 et
1055 2011 1085 2073 in
1106 2013 1223 2093 proelio

197 2114 282 2174 imam
305 2132 356 2185 se,
380 2130 440 2173 non
455 2113 602 2185 animum,
625 2131 739 2192 ponere
753 2114 889 2175 affirmat
919 2112 1009 2175 Cuius
1024 2113 1224 2176 nominatiora

198 2224 249 2275 ant
270 2222 337 2274 vota
361 2225 445 2287 sunt,
468 2214 558 2276 animi
579 2234 617 2276 an
632 2212 772 2276 animae?
804 2214 881 2287 Quid
897 2223 996 2276 autem
1013 2230 1101 2293 agere
1115 2214 1222 2276 dicun-

197 2315 323 2387 ibnndi,
358 2314 486 2376 anianum
515 2333 552 2376 an
582 2313 734 2377 animam?
777 2315 838 2394 lpsi
868 2323 1022 2394 postremo
1050 2313 1223 2394 philosophi

197 2416 311 2489 nedici,
334 2417 468 2495 quamvis
491 2416 527 2478 de
550 2416 648 2477 animo
670 2435 790 2495 quoque
811 2415 1025 2494 ⁷disputaturi,
1048 2415 1152 2477 facicm
1175 2424 1222 2477 ta·

198 2514 240 2574 ris
263 2516 452 2596 frontemque
475 2517 614 2578 materiae
636 2518 673 2579 de
695 2517 790 2579 anima
813 2517 1019 2596 unnsquisque
1033 2515 1222 2595 proscripsit

197 2634 205 2674 ι
228 2622 259 2674 et
281 2632 297 2673 a
320 2617 377 2674 deo
399 2618 514 2681 discas,
546 2618 674 2676 animam
701 2616 837 2693 'semper
858 2618 931 2679 deus
953 2616 1128 2692 alloquitur,
1156 2616 1221 2677 oni-

197 2714 324 2793 ·mpellat
344 2722 432 2793 atque
454 2714 586 2786 advocat,
609 2722 642 2775 ut
663 2714 793 2775 animum
818 2714 874 2775 sibi
890 2713 1033 2775 advertat.
1061 2714 1143 2775 lllam
1160 2715 1221 2776 sal-

197 2817 214 2876 it
235 2817 332 2876 iacere
351 2815 503 2888 Christus,
526 2815 603 2875 illam
627 2815 752 2895 perdere
775 2816 805 2876 in
828 2815 991 2895 gehennam
1015 2815 1221 2890 comminatur,

198 2918 243 2979 ris
267 2918 330 2977 lieri
352 2926 443 2988 vetat,
474 2916 552 2977 illam
581 2925 610 2977 et
638 2918 703 2997 ipse
731 2916 828 2978 bonus
856 2927 959 2997 pastor
979 2935 1034 2996 pru
1057 2917 1221 2996 pecudibus

197 3019 231 3079 it.
274 3017 372 3079 llabes
402 3018 516 3078 animae
544 3018 805 3097 principalitatem,
838 3019 931 3080 habea
959 3019 988 3079 in
1017 3018 1065 3079 illa
1095 3027 1124 3080 et
1146 3018 1220 3081 sub-

200 3119 357 3191 unionem,
390 3118 474 3179 cuius
503 3118 683 3196 ¹⁰inreltegas
718 3120 950 3180 instrumentum
984 3137 1051 3180 esse
1079 3121 1220 3193 animum,

197 3239 336 3280 ocimum.

197 3322 296 3399 palaris
320 3320 448 3399 alioquin
472 3330 502 3380 et
523 3320 647 3398 simplex
676 3330 706 3380 et
733 3321 770 3381 de
798 3339 854 3381 suo
882 3329 944 3381 tota
973 3328 1100 3380 estnon
1125 3320 1218 3398 magis
1236 3340 1354 3396 capara.

198 3423 223 3482 is
247 3422 364 3483 aliunde
387 3440 474 3500 quarn
497 3420 653 3480 divisibilis
676 3440 710 3480 ex
735 3439 785 3492 se,
808 3421 876 3500 quia
893 3440 948 3480 nec
962 3419 1155 3480 dissolubilis.
1189 3420 1221 3480 Si

197 3523 299 3585 nctilis
328 3533 356 3583 et
384 3521 584 3592 dissolubilis,
619 3521 675 3580 iam
706 3539 766 3582 non
793 3521 980 3582 immortalis.
1024 3519 1126 3598 ltaque
1153 3520 1220 3598 quia

197 3624 378 3695 imortalis‚
413 3642 509 3702 neque
538 3621 722 3683 dissolubilis
752 3640 849 3700 neque
871 3620 1037 3681 divisibilis.
1088 3621 1162 3682 Nam
1192 3628 1222 3682 ei

197 3725 282 3786 esulvi
306 3733 366 3796 est,
391 3732 420 3783 et
442 3723 564 3783 dissolvi
586 3723 663 3783 muri
687 3732 742 3784 est.
774 3723 938 3785 ²Dividitur
952 3731 1050 3783 autem
1065 3721 1094 3781 in
1110 3728 1220 3801 partes,

200 3827 273 3887 duas
296 3846 312 3886 a
336 3825 483 3900 l'latone”,
507 3825 636 3885 nuncin
661 3832 723 3885 tres
746 3844 762 3885 a
784 3824 935 3898 Zenonel‘,
965 3841 1043 3884 nuno
1063 3822 1110 3884 ³in
1133 3821 1221 3902 quiu-

197 3947 210 3988 r
234 3946 285 3989 sex
308 3947 323 3988 a
347 3926 512 3997 Panaetiu‘,
543 3925 592 3986 ⁴in
622 3935 736 4005 septem
766 3944 781 3987 a
805 3925 938 3998 Sorano,
971 3924 1076 3984 ³etiam
1100 3923 1131 3983 in
1154 3930 1222 3985 octo

197 4094 259 4197 llllw.
300 4147 321 4195 l.
341 4147 466 4210 despicere
483 4149 507 4196 l.
567 4143 726 4209 Mollitia.
788 4142 813 4195 3.
831 4145 964 4194 substantia
982 4145 1031 4208 Ap:
1092 4142 1117 4191 4.
1142 4157 1220 4192 massa

197 4217 254 4264 ecrit
273 4217 295 4263 in
314 4231 358 4263 om.
372 4217 396 4264 Α.
455 4214 478 4262 5.
503 4228 550 4262 non
570 4214 601 4260 ait
620 4213 713 4261 animos
731 4213 756 4262 A.
818 4210 842 4262 6.
868 4211 1036 4260 moribundum
1061 4212 1166 4259 animum
1191 4225 1220 4260 an

211 4283 446 4346 alimentariae.
483 4282 633 4343 disputarent
650 4283 743 4345 reliqui.
785 4279 810 4329 8.
828 4293 926 4341 semper
943 4279 1003 4327 deus
1017 4283 1042 4328 l.
1077 4279 1221 4327 deessem-

197 4389 201 4398 .
261 4350 284 4399 9.
304 4350 473 4412 conpellatque
492 4350 631 4397 advocati.
687 4346 931 4409 1⁰.intetlegaslu.
974 4346 1104 4407 intelligam
1128 4347 1221 4410 reliqui.

197 4418 249 4467 liv.
293 4419 315 4466 l.
335 4419 381 4465 iarn
401 4419 486 4466 omi.
546 4417 568 4464 2.
590 4416 768 4465 Diridetnrll.
821 4413 845 4463 3.
864 4415 988 4477 innuitque
1006 4415 1055 4478 lrp.
1113 4412 1220 4462 letio

203 4487 274 4535 etiarn
294 4485 351 4534 l'lll.
371 4499 445 4547 penes
463 4487 489 4534 Α.

197 4582 289 4650 teritus]
325 4586 349 4633 l'.
374 4587 471 4635 Aristot.
495 4585 528 4635 lle
553 4587 609 4634 Ani·
695 4585 717 4633 b.
737 4585 760 4632 in
780 4591 829 4632 tres
848 4597 860 4630 a
880 4578 989 4646 Zenone]
1007 4581 1081 4631 Aliter
1094 4581 1221 4631 Nemeeius

661 4666 713 4713 cap.
724 4651 757 4709 5.,
776 4651 817 4713 qni
827 4650 947 4699 Zenonem
961 4658 1102 4699 octonarum
1117 4649 1220 4711 partium

197 4723 217 4771 l.
253 4737 274 4769 a.
293 4723 316 4769 in
335 4722 394 4769 dnae
413 4736 425 4767 a
442 4715 553 4783 l‘latone]
573 4719 608 4768 Cl.
661 4720 764 4766 animam
784 4719 909 4766 censuisse
927 4727 1017 4767 narrat.

197 4791 224 4837 le
243 4789 323 4837 Placit.
343 4789 432 4836 l‘tiilos.
452 4786 518 4845 titt.
545 4788 608 4834 Adde
694 4803 714 4833 c.
733 4787 757 4833 in
776 4786 882 4848 quinque
900 4793 924 4834 et
941 4801 981 4835 aex
1001 4801 1013 4832 a
1032 4775 1157 4844 Panaetio]
1184 4777 1220 4827 Cl.

208 4848 307 4913 Ἑλλην.
324 4855 425 4920 Παθημ
447 4856 471 4913 l',
484 4854 609 4917 pilisq.
660 4853 721 4902 Plut.
740 4852 773 4901 lle
792 4854 856 4903 Plau.
877 4853 965 4903 Philus.
985 4851 1056 4911 ΝΑ.
