3242 5775
318 635 381 698 620
576 644 677 696 oumrt
700 643 832 687 serrrrm
846 641 1019 694 ,rtonanrrs
1044 639 1243 683 ranruttrsur

315 816 385 862 nem
408 796 444 857 de
467 795 605 875 paradiso
629 792 804 873 integritatis
829 791 942 864 educit,
965 790 1069 851 exinde
1093 787 1211 850 scabida
1227 788 1319 850 etiam
1335 787 1366 849 iu
1380 795 1473 849 cetera

316 899 435 977 culpas,
457 897 506 957 ⁷et
527 894 732 975 ⁸delinquendi
753 912 815 955 non
838 890 1019 963 naturales¹¹‚
1043 908 1109 951 cum
1131 890 1190 951 iam
1212 907 1275 950 non
1298 908 1333 951 ex
1356 889 1474 950 instituto

316 1008 455 1074 naturae,
490 998 543 1059 sed
572 1016 607 1058 ex
636 996 718 1057 vitio.
768 995 905 1055 Ceterum
932 991 1053 1071 proprie
1082 990 1224 1052 naturalis
1252 989 1475 1070 coucupiscentia

316 1099 401 1161 unica
424 1107 471 1160 est
492 1098 699 1159 alimentorum
722 1095 929 1167 solummodo,
953 1098 1040 1172 quani
1056 1091 1129 1154 dous
1146 1101 1176 1152 et
1189 1091 1220 1151 iu
1235 1091 1402 1170 primordio
1416 1107 1473 1151 coo·

175 1215 303 1267 canuno.
316 1199 398 1262 tulit:
427 1199 469 1259 Ex
499 1199 580 1259 omui
602 1198 699 1275 ligno,
730 1195 842 1273 inquit,
871 1194 982 1266 edetis,
1018 1201 1048 1254 et
1077 1192 1225 1253 secundae
1253 1200 1325 1270 post
1352 1190 1474 1252 dilucium

212 1299 305 1404 ,¹034
319 1299 471 1381 geniturae
493 1315 708 1376 supermensus
731 1306 792 1357 est:
827 1296 902 1356 Ecce
930 1294 997 1356 dedi
1019 1292 1103 1354 vobis
1126 1292 1225 1353 omnia
1248 1293 1279 1354 in
1303 1310 1401 1354 escam
1423 1301 1473 1351 un·

241 1379 248 1402 ’
318 1419 407 1480 quam
433 1398 532 1459 lolera
562 1397 685 1469 ¹⁰loeni,
721 1397 943 1474 ¹¹prospectans
972 1412 1031 1455 nou
1064 1403 1123 1455 tam
1150 1393 1266 1455 animae
1288 1412 1377 1471 quam
1399 1390 1474 1460 carrd,

318 1500 375 1563 atsi
397 1498 680 1579 propteranimam.
722 1496 888 1557 Auferenda
918 1504 965 1555 est
987 1495 1066 1555 enim
1089 1495 1340 1571 argumentatoris
1362 1492 1473 1562 occasio,

318 1600 369 1679 qui
390 1600 469 1679 quod
491 1599 587 1659 anima
609 1597 780 1659 desiderare
802 1597 935 1656 rideatur
956 1595 1108 1667 alimenta,
1139 1594 1207 1655 bino
1235 1613 1356 1674 quoque
1378 1601 1474 1655 morta·

318 1699 377 1761 lem
401 1718 464 1760 eam
488 1697 617 1777 intellegi
640 1699 734 1777 cupit,
767 1717 842 1776 quae
865 1696 939 1758 cibis
963 1696 1157 1767 sustineatur,
1192 1696 1322 1774 denique
1343 1692 1474 1773 derogatis

319 1799 363 1861 eis
392 1799 555 1877 evigescat,
591 1807 745 1877 postremo
774 1798 933 1859 subtractis
966 1796 1130 1858 intercidat.
1179 1797 1275 1857 Porro
1305 1815 1366 1857 uon
1394 1796 1475 1856 solum

317 1899 546 1981 proponendum
569 1908 617 1960 est
638 1899 774 1977 quisnam
797 1917 832 1960 ea
854 1899 1018 1970 desideret,
1047 1898 1100 1958 sed
1123 1906 1152 1958 et
1174 1897 1238 1968 cui3
1268 1896 1347 1958 etsi
1370 1905 1476 1976 proptu

319 2019 370 2073 se,
404 2001 456 2062 sed
485 2010 516 2063 et
543 2018 611 2072 our,
644 2010 673 2062 et
703 2000 837 2079 quando,
872 2007 901 2059 et
928 2016 1056 2077 quonam
1080 2016 1189 2075 usque3
1221 2006 1283 2058 tum
1312 1997 1392 2076 quod
1413 1994 1476 2058 aliud

320 2099 451 2162 ¹¹natura
482 2101 648 2174 desideret,
685 2100 763 2161 aliud
791 2100 984 2170 necessitate,
1022 2098 1100 2159 aliud
1129 2098 1292 2159 secundum
1323 2098 1475 2177 proprieta-

320 2207 396 2274 tem,
434 2202 512 2263 aliud
547 2202 576 2264 iu
610 2220 737 2263 causam.
792 2199 978 2261 Desiderabit
1008 2199 1096 2276 igitur
1132 2198 1215 2259 cibos
1249 2199 1364 2272 anima,
1407 2194 1477 2257 ”sibi

319 2302 437 2382 quidem
469 2321 503 2364 ex
540 2322 630 2364 causa
667 2302 869 2373 necessitatis,
912 2300 993 2362 carui
1032 2318 1103 2360 vero
1142 2317 1176 2360 er
1213 2307 1320 2360 natura
1353 2298 1475 2378 proprie-

319 2402 398 2464 tatis.
453 2404 539 2465 Certe
573 2403 651 2464 enim
685 2404 792 2464 domus
828 2402 943 2462 animae
972 2420 1039 2462 caro
1070 2410 1134 2474 est,
1169 2410 1197 2461 et
1229 2399 1392 2479 inquilinus
1422 2415 1475 2460 car·

319 2503 367 2564 uis
389 2502 497 2564 anima.
554 2502 767 2565 ”Desiderabit
787 2502 886 2581 itaque
908 2502 1070 2580 inquilinus
1094 2520 1127 2561 er
1151 2520 1238 2562 causa
1262 2511 1292 2562 et
1315 2501 1478 2563 necessitato

318 2602 408 2664 buius
431 2604 560 2665 nominis
583 2605 736 2682 profutura
756 2603 860 2663 domui
875 2610 938 2664 toto
956 2602 1174 2680 “inquilinatus
1192 2601 1238 2662 sui
1256 2610 1408 2681 tempore,
1429 2614 1479 2662 uot

318 2710 352 2764 ut
373 2701 439 2780 ipse
462 2702 697 2776 substruendus,
719 2723 774 2764 nec
796 2713 828 2764 ut
849 2703 913 2781 ipsc
935 2703 1144 2772 ¹⁶lorieandus,
1173 2720 1229 2788 nec
1251 2713 1285 2763 ut
1306 2703 1374 2781 ipsc
1395 2700 1478 2763 tibici-

319 2800 461 2874 nandus¹,
495 2802 548 2864 sed
577 2804 781 2864 tantummodo
809 2801 1021 2874 continendus,
1054 2803 1122 2881 quia
1151 2821 1212 2863 nou
1239 2802 1326 2864 aliter
1347 2797 1479 2864 contineri

319 2901 418 2982 possit
440 2922 525 2981 quam
548 2905 638 2966 domo
661 2905 742 2965 tulta.
792 2903 929 2982 Alioquin
951 2903 1052 2966 licebit
1072 2905 1186 2965 animae
1208 2903 1321 2984 dilapsa
1345 2904 1431 2965 domo
1452 2916 1479 2960 er

318 3002 511 3065 destitutione
539 3005 753 3084 ¹⁷propriorum
776 3003 981 3065 subsidiorum
1002 3004 1142 3066 incolumi
1165 3005 1262 3077 abire,
1291 3004 1410 3067 babenti
1436 3017 1480 3064 soa

318 3102 501 3165 firmamenta
524 3114 554 3165 et
576 3104 714 3184 propriae
737 3104 921 3166 condicionis
943 3104 1091 3178 alimenta,
1113 3104 1375 3178 immortalitatem,
1397 3104 1479 3165 ratio·

318 3202 483 3278 ualitatem,
506 3206 744 3278 sensualitatem,
767 3205 1064 3278 intellectualitatem,
1088 3205 1200 3266 arbitrii
1222 3205 1398 3267 libertatem.

165 3318 316 3376 cipum.
403 3305 485 3378 Quae
509 3306 607 3367 omnia
629 3306 767 3367 nativitus
791 3305 905 3367 animae
934 3305 1037 3366 collata
1058 3305 1154 3378 idem,
1187 3307 1238 3384 qui
1265 3307 1297 3366 iu
1322 3304 1483 3384 primordio

245 3422 252 3439 ·
315 3405 436 3479 inridit,
459 3426 537 3468 nuuc
559 3426 676 3486 quoquc
700 3406 857 3467 obumbrat
878 3415 965 3483 atque
980 3406 1135 3484 depravat,
1159 3407 1315 3485 quominus
1337 3412 1387 3465 aut
1408 3403 1484 3464 ultro

314 3506 535 3585 prospiciantur
556 3516 607 3568 aut
627 3525 683 3585 qua
707 3515 826 3586 oportet
847 3507 1099 3567 administrentur.
1144 3507 1211 3568 'Cui
1235 3508 1313 3567 enim
1334 3505 1494 3566 bominum

315 3621 375 3667 uon
397 3607 569 3668 adhaerebit
591 3608 713 3686 spiritus
736 3626 879 3686 nequam,
903 3607 939 3667 ab
962 3606 1026 3685 ipsa
1043 3607 1130 3667 etiam
1146 3606 1233 3667 ianua
1248 3606 1408 3668 nativitatis
1424 3605 1494 3668 atti‘

316 3723 340 3772 ’1.
358 3731 382 3773 et
400 3724 555 3789 delinquendi
574 3740 622 3774 non
642 3726 764 3774 naturales
782 3729 863 3775 11111.
906 3723 929 3774 8.
949 3725 1095 3789 delinquenti
1112 3726 1248 3775 fulcoius.
1291 3724 1316 3775 9.
1336 3725 1419 3776 butera
1433 3726 1510 3775 bsa-

318 3788 357 3838 lb.
375 3792 424 3839 leui
442 3796 467 3840 l.
524 3793 561 3839 ll.
581 3801 740 3854 prospectans
764 3796 795 3853 d.,
816 3809 866 3842 cum
884 3794 964 3842 Fuluio
985 3794 1074 3842 Ursino.
1125 3802 1276 3856 prospectam
1300 3793 1344 3843 ts.
1387 3805 1508 3857 prospr‘

317 3864 380 3905 ctum
401 3858 439 3905 Co.
495 3857 533 3905 tt.
558 3866 595 3905 eat
619 3867 701 3906 natura
727 3860 865 3908 desiderare
884 3860 960 3922 Bmpo.
1022 3859 1060 3908 13.
1083 3861 1104 3909 si
1122 3861 1173 3919 (red
1192 3860 1238 3908 sibi
1256 3862 1280 3907 irr
1299 3876 1373 3923 uterq.
1392 3865 1421 3910 11
1440 3860 1519 3909 ccd‘

315 3922 394 3981 mortu)
413 3922 509 3984 quidem
534 3925 583 3986 Αφ.
624 3927 719 3987 quidem
744 3929 786 3986 tp.
850 3927 888 3976 ld.
915 3927 1078 3990 llerabitltp.
1142 3928 1180 3977 15.
1205 3926 1404 3990 inquilinatuil.
1452 3926 1519 3976 tt'ra

317 3986 455 4036 loricandus
474 3992 505 4047 l.,
525 3991 553 4038 rlc
572 3993 683 4040 emendet.
702 3993 794 4041 latinii.
831 3993 970 4054 gloriandus
988 3994 1064 4043 Astu.
1120 3994 1158 4042 tt.
1179 3995 1286 4056 priorum
1305 3995 1406 4059 lssllmg.

317 4120 360 4169 cni
384 4055 442 4169 1111ῐέ
460 4057 557 4172 {ggii
596 4058 617 4106 l.
636 4059 751 4107 uvttttt
770 4060 846 4109 tutta
865 4061 951 4121 trust*
964 4062 997 4120 d.)
1015 4061 1129 4110 tutudit
1147 4061 1216 4111 stttt
1235 4059 1393 4113 batuottto
1409 4060 1480 4110 ESSE

379 4137 416 4169 em
511 4153 520 4173 ·.

317 4221 380 4268 mine
394 4222 552 4272 ficulneorum
568 4217 773 4288 περιζωμάτων.
801 4228 875 4284 Quasi
927 4229 1075 4291 pruriginem
1095 4226 1227 4276 ractuecst‘
1247 4227 1354 4288 (Rigalt.)

315 4288 386 4350 primi
404 4299 525 4350 parentes,
543 4293 646 4341 ddatnus
665 4301 687 4341 ct
706 4295 761 4352 Era,
783 4309 875 4355 ungues
960 4296 982 4343 lt.
1002 4296 1157 4359 delinquendi
1169 4310 1216 4343 nou
1232 4292 1370 4360 naturales]
1390 4295 1519 4344 scabida

315 4357 437 4416 usquead
457 4366 575 4408 extremus
595 4361 873 4422 perpruriscerentcum
927 4362 952 4410 llt
979 4364 1063 4411 exinde
1087 4363 1281 4425 eoncupiscentia
1314 4373 1338 4411 et
1367 4379 1443 4427 prone
1466 4363 1519 4411 ia>¹

314 4434 341 4470 aa
360 4424 405 4470 llcu
425 4424 481 4471 lolio
500 4441 622 4487 carpsere,
640 4436 711 4489 atque
730 4428 785 4476 inde
800 4436 873 4477 totam
927 4438 1019 4477 ceteros
1038 4431 1129 4492 colpos,
1149 4439 1172 4478 et
1190 4430 1212 4479 in
1233 4430 1269 4476 bis
1288 4431 1312 4478 iu
1333 4433 1428 4494 culpam
1447 4430 1519 4478 def

313 4488 424 4563 arborem
444 4491 507 4538 tirus
535 4493 652 4549 iniecerit,
676 4497 742 4543 socci
766 4494 876 4545 videlicet
927 4496 1050 4558 linquendi
1069 4512 1164 4560 quoque
1184 4497 1267 4559 culpas
1291 4513 1339 4546 non
1360 4497 1478 4558 naturales

313 4569 362 4603 aree
387 4556 495 4605 humoris
522 4557 587 4607 illius
612 4561 721 4620 exalbiili,
748 4576 819 4625 quern
844 4564 873 4612 de
926 4578 978 4611 com
999 4565 1045 4612 iam
1065 4580 1112 4612 non
1131 4579 1159 4612 ex
1177 4564 1284 4613 instituto
1313 4572 1519 4615 1111111111κ

315 4623 388 4671 lracta
416 4624 461 4671 llcu
485 4624 577 4673 stillare
603 4629 730 4676 cernimus.
773 4630 812 4677 Sic
832 4629 873 4678 lib.
926 4632 1035 4692 cupiscit,
1053 4631 1096 4681 sed
1116 4646 1143 4679 er
1162 4632 1215 4680 sitio
1235 4640 1344 4680 naturae.

314 4689 347 4765 lle
366 4690 448 4765 Pridie,
465 4686 583 4755 [cop.ti]:
614 4695 711 4751 „Facile
735 4697 791 4758 quid
816 4713 873 4759 spc-
959 4697 974 4744 l.
1000 4699 1139 4747 loricandus
1159 4725 1190 4733 -
1210 4695 1385 4763 tibicinandus]
1412 4695 1519 4749 Carnfl

314 4771 405 4832 ciosum
431 4759 520 4806 rideret
546 4761 718 4823 concupiscens
746 4765 815 4812 etad
836 4766 872 4813 in·
924 4766 1068 4825 vestiendus,
1088 4765 1301 4829 tauquamlorioe,
1320 4764 1519 4816 ossibussubf

313 4823 401 4873 lertora
426 4825 558 4890 respiciens
586 4835 609 4876 et
632 4829 661 4878 de
679 4829 788 4880 liculueis
806 4831 872 4882 loliis
923 4834 1062 4891 struentes,
1082 4842 1195 4898 tauquam
1214 4832 1362 4883 tibiciuibus.
