<?xml version="1.0" encoding="UTF-8"?>
<!DOCTYPE html PUBLIC "-//W3C//DTD XHTML 1.0 Transitional//EN"
    "http://www.w3.org/TR/xhtml1/DTD/xhtml1-transitional.dtd">
<html xmlns="http://www.w3.org/1999/xhtml" xml:lang="en" lang="en">
 <head>
  <title>
</title>
<meta http-equiv="Content-Type" content="text/html;charset=utf-8" />
  <meta name='ocr-system' content='tesseract 3.04.00' />
  <meta name='ocr-capabilities' content='ocr_page ocr_carea ocr_par ocr_line ocrx_word'/>
</head>
<body>
  <div class='ocr_page' id='page_1' title='image "./quaesupersuntom00oehlgoog_0848.png"; bbox 0 0 3242 5775; ppageno 0'>
   <div class='ocr_carea' id='block_1_1' title="bbox 248 661 1036 749">
    <p class='ocr_par' dir='ltr' id='par_1_1' title="bbox 248 661 1036 749">
     <span class='ocr_line' id='line_1_1' title="bbox 248 661 1036 749; baseline 0.005 -33"><span class='ocrx_word' id='word_1_1' title='bbox 248 661 311 727; x_wconf 78' lang='lat'><strong>788</strong></span> <span class='ocrx_word' id='word_1_2' title='bbox 727 676 847 749; x_wconf 63' lang='lat' dir='ltr'><strong>tamari</strong></span> <span class='ocrx_word' id='word_1_3' title='bbox 868 676 1036 723; x_wconf 72' lang='lat' dir='ltr'><strong>snoroars¹</strong></span> 
     </span>
    </p>
   </div>
   <div class='ocr_carea' id='block_1_2' title="bbox 181 825 1529 3950">
    <p class='ocr_par' dir='ltr' id='par_1_2' title="bbox 181 825 1529 3950">
     <span class='ocr_line' id='line_1_2' title="bbox 249 825 1503 896; baseline -0.002 -15"><span class='ocrx_word' id='word_1_4' title='bbox 249 830 294 882; x_wconf 87' lang='lat' dir='ltr'><strong>llic</strong></span> <span class='ocrx_word' id='word_1_5' title='bbox 311 829 400 895; x_wconf 82' lang='lat' dir='ltr'><strong>patitur</strong></span> <span class='ocrx_word' id='word_1_6' title='bbox 417 830 535 895; x_wconf 80' lang='lat' dir='ltr'><strong>Christus,</strong></span> <span class='ocrx_word' id='word_1_7' title='bbox 552 829 720 896; x_wconf 84' lang='lat' dir='ltr'><strong>piosangulne</strong></span> <span class='ocrx_word' id='word_1_8' title='bbox 733 836 796 881; x_wconf 90' lang='lat' dir='ltr'><strong>terra</strong></span> <span class='ocrx_word' id='word_1_9' title='bbox 807 843 858 881; x_wconf 90' lang='lat' dir='ltr'><strong>ma·</strong></span> <span class='ocrx_word' id='word_1_10' title='bbox 885 829 984 894; x_wconf 75' lang='lat' dir='ltr'><strong>Propter</strong></span> <span class='ocrx_word' id='word_1_11' title='bbox 1001 841 1074 892; x_wconf 91' lang='lat' dir='ltr'><strong>qnem</strong></span> <span class='ocrx_word' id='word_1_12' title='bbox 1091 825 1199 891; x_wconf 83' lang='lat' dir='ltr'><strong>locuples</strong></span> <span class='ocrx_word' id='word_1_13' title='bbox 1218 826 1318 891; x_wconf 87' lang='lat' dir='ltr'><strong>primus</strong></span> <span class='ocrx_word' id='word_1_14' title='bbox 1345 825 1416 891; x_wconf 79' lang='lat' dir='ltr'><strong>large</strong></span> <span class='ocrx_word' id='word_1_15' title='bbox 1433 827 1503 879; x_wconf 84' lang='lat' dir='ltr'><strong>omniu</strong></span> 
     </span>
     <span class='ocr_line' id='line_1_3' title="bbox 556 909 1258 979; baseline -0.003 -14"><span class='ocrx_word' id='word_1_16' title='bbox 556 915 642 979; x_wconf 83' lang='lat' dir='ltr'><strong>deecit,</strong></span> <span class='ocrx_word' id='word_1_17' title='bbox 1189 909 1258 963; x_wconf 84' lang='lat' dir='ltr'><strong>iecit.</strong></span> 
     </span>
     <span class='ocr_line' id='line_1_4' title="bbox 250 976 1504 1065; baseline -0.002 -17"><span class='ocrx_word' id='word_1_18' title='bbox 250 997 328 1049; x_wconf 81' lang='lat' dir='ltr'><strong>Paleis</strong></span> <span class='ocrx_word' id='word_1_19' title='bbox 344 999 410 1049; x_wconf 81' lang='lat' dir='ltr'><strong>ldae</strong></span> <span class='ocrx_word' id='word_1_20' title='bbox 426 1005 453 1050; x_wconf 92' lang='lat' dir='ltr'><strong>nt</strong></span> <span class='ocrx_word' id='word_1_21' title='bbox 469 1000 548 1065; x_wconf 86' lang='lat' dir='ltr'><strong>possit</strong></span> <span class='ocrx_word' id='word_1_22' title='bbox 562 1001 649 1050; x_wconf 81' lang='lat' dir='ltr'><strong>icteris</strong></span> <span class='ocrx_word' id='word_1_23' title='bbox 673 1014 727 1050; x_wconf 89' lang='lat' dir='ltr'><strong>curn</strong></span> <span class='ocrx_word' id='word_1_24' title='bbox 744 976 859 1061; x_wconf 74' lang='lat' dir='ltr'><strong>sanguine</strong></span> <span class='ocrx_word' id='word_1_25' title='bbox 886 996 1316 1060; x_wconf 66' lang='lat' dir='ltr'><strong>Omnianudacadunqsnocorpore</strong></span> <span class='ocrx_word' id='word_1_26' title='bbox 1327 996 1504 1060; x_wconf 82' lang='lat' dir='ltr'><strong>singularestiu</strong></span> 
     </span>
     <span class='ocr_line' id='line_1_5' title="bbox 556 1080 1505 1144; baseline -0.004 -9"><span class='ocrx_word' id='word_1_27' title='bbox 556 1084 644 1135; x_wconf 80' lang='lat' dir='ltr'><strong>Christi</strong></span> <span class='ocrx_word' id='word_1_28' title='bbox 887 1082 935 1133; x_wconf 84' lang='lat' dir='ltr'><strong>Gur</strong></span> <span class='ocrx_word' id='word_1_29' title='bbox 940 1081 1061 1133; x_wconf 88' lang='lat' dir='ltr'><strong>bominem</strong></span> <span class='ocrx_word' id='word_1_30' title='bbox 1074 1081 1160 1144; x_wconf 88' lang='lat' dir='ltr'><strong>solum,</strong></span> <span class='ocrx_word' id='word_1_31' title='bbox 1167 1080 1208 1131; x_wconf 88' lang='lat' dir='ltr'><strong>cni</strong></span> <span class='ocrx_word' id='word_1_32' title='bbox 1219 1087 1306 1132; x_wconf 84' lang='lat' dir='ltr'><strong>tantos</strong></span> <span class='ocrx_word' id='word_1_33' title='bbox 1319 1080 1390 1133; x_wconf 85' lang='lat' dir='ltr'><strong>indit</strong></span> <span class='ocrx_word' id='word_1_34' title='bbox 1401 1082 1505 1144; x_wconf 82' lang='lat' dir='ltr'><strong>bonores,</strong></span> 
     </span>
     <span class='ocr_line' id='line_1_6' title="bbox 251 1159 1506 1234; baseline -0.002 -16"><span class='ocrx_word' id='word_1_35' title='bbox 251 1159 398 1219; x_wconf 75' lang='lat' dir='ltr'><strong>commistus</strong></span> <span class='ocrx_word' id='word_1_36' title='bbox 414 1168 525 1220; x_wconf 78' lang='lat' dir='ltr'><strong>stillamis</strong></span> <span class='ocrx_word' id='word_1_37' title='bbox 542 1183 620 1234; x_wconf 87' lang='lat' dir='ltr'><strong>aquae</strong></span> <span class='ocrx_word' id='word_1_38' title='bbox 635 1169 721 1219; x_wconf 82' lang='lat' dir='ltr'><strong>virtute</strong></span> <span class='ocrx_word' id='word_1_39' title='bbox 738 1167 817 1218; x_wconf 77' lang='lat' dir='ltr'><strong>letari.</strong></span> <span class='ocrx_word' id='word_1_40' title='bbox 886 1167 938 1217; x_wconf 84' lang='lat' dir='ltr'><strong>Non</strong></span> <span class='ocrx_word' id='word_1_41' title='bbox 958 1173 1049 1216; x_wconf 88' lang='lat' dir='ltr'><strong>tanturn</strong></span> <span class='ocrx_word' id='word_1_42' title='bbox 1066 1171 1161 1216; x_wconf 83' lang='lat' dir='ltr'><strong>revocet</strong></span> <span class='ocrx_word' id='word_1_43' title='bbox 1177 1165 1232 1231; x_wconf 88' lang='lat' dir='ltr'><strong>sibi,</strong></span> <span class='ocrx_word' id='word_1_44' title='bbox 1252 1181 1332 1231; x_wconf 88' lang='lat' dir='ltr'><strong>quem</strong></span> <span class='ocrx_word' id='word_1_45' title='bbox 1347 1169 1506 1232; x_wconf 79' lang='lat' dir='ltr'><strong>superomnia</strong></span> 
     </span>
     <span class='ocr_line' id='line_1_7' title="bbox 251 1250 1271 1319; baseline -0.002 -16"><span class='ocrx_word' id='word_1_46' title='bbox 251 1253 316 1304; x_wconf 86' lang='lat' dir='ltr'><strong>llaec</strong></span> <span class='ocrx_word' id='word_1_47' title='bbox 328 1252 377 1303; x_wconf 78' lang='lat' dir='ltr'><strong>oris</strong></span> <span class='ocrx_word' id='word_1_48' title='bbox 391 1261 427 1304; x_wconf 85' lang='lat' dir='ltr'><strong>est</strong></span> <span class='ocrx_word' id='word_1_49' title='bbox 438 1269 494 1318; x_wconf 85' lang='lat' dir='ltr'><strong>una,</strong></span> <span class='ocrx_word' id='word_1_50' title='bbox 500 1269 572 1319; x_wconf 87' lang='lat' dir='ltr'><strong>quarn</strong></span> <span class='ocrx_word' id='word_1_51' title='bbox 583 1268 610 1304; x_wconf 83' lang='lat' dir='ltr'><strong>se</strong></span> <span class='ocrx_word' id='word_1_52' title='bbox 620 1268 664 1317; x_wconf 87' lang='lat' dir='ltr'><strong>per</strong></span> <span class='ocrx_word' id='word_1_53' title='bbox 677 1253 775 1303; x_wconf 88' lang='lat' dir='ltr'><strong>sabbata</strong></span> <span class='ocrx_word' id='word_1_54' title='bbox 787 1253 860 1302; x_wconf 82' lang='lat' dir='ltr'><strong>risam</strong></span> <span class='ocrx_word' id='word_1_55' title='bbox 1190 1250 1271 1302; x_wconf 74' lang='lat' dir='ltr'><strong>lecit?</strong></span> 
     </span>
     <span class='ocr_line' id='line_1_8' title="bbox 190 1333 1529 1403; baseline 0.002 -19"><span class='ocrx_word' id='word_1_56' title='bbox 190 1333 338 1389; x_wconf 66' lang='lat' dir='ltr'><strong>ltlblniernl</strong></span> <span class='ocrx_word' id='word_1_57' title='bbox 357 1351 371 1388; x_wconf 91' lang='lat' dir='ltr'><strong>e</strong></span> <span class='ocrx_word' id='word_1_58' title='bbox 387 1345 460 1402; x_wconf 88' lang='lat' dir='ltr'><strong>puteo</strong></span> <span class='ocrx_word' id='word_1_59' title='bbox 478 1339 561 1389; x_wconf 84' lang='lat' dir='ltr'><strong>statuit</strong></span> <span class='ocrx_word' id='word_1_60' title='bbox 578 1337 713 1389; x_wconf 87' lang='lat' dir='ltr'><strong>subducere</strong></span> <span class='ocrx_word' id='word_1_61' title='bbox 730 1344 821 1401; x_wconf 82' lang='lat' dir='ltr'><strong>pastor.</strong></span> <span class='ocrx_word' id='word_1_62' title='bbox 886 1334 1011 1398; x_wconf 82' lang='lat' dir='ltr'><strong>lirgoearo</strong></span> <span class='ocrx_word' id='word_1_63' title='bbox 1026 1342 1049 1385; x_wconf 88' lang='lat' dir='ltr'><strong>et</strong></span> <span class='ocrx_word' id='word_1_64' title='bbox 1060 1336 1159 1398; x_wconf 88' lang='lat' dir='ltr'><strong>sanguis</strong></span> <span class='ocrx_word' id='word_1_65' title='bbox 1170 1335 1208 1386; x_wconf 90' lang='lat' dir='ltr'><strong>dei</strong></span> <span class='ocrx_word' id='word_1_66' title='bbox 1223 1350 1301 1399; x_wconf 87' lang='lat' dir='ltr'><strong>regno</strong></span> <span class='ocrx_word' id='word_1_67' title='bbox 1317 1336 1397 1403; x_wconf 77' lang='lat' dir='ltr'><strong>digna</strong></span> <span class='ocrx_word' id='word_1_68' title='bbox 1409 1340 1529 1400; x_wconf 81' lang='lat' dir='ltr'><strong>negatur,tt</strong></span> 
     </span>
     <span class='ocr_line' id='line_1_9' title="bbox 251 1420 1507 1488; baseline -0.003 -14"><span class='ocrx_word' id='word_1_69' title='bbox 251 1423 379 1488; x_wconf 72' lang='lat' dir='ltr'>Propterea</span> <span class='ocrx_word' id='word_1_70' title='bbox 390 1429 490 1473; x_wconf 62' lang='lat' dir='ltr'><strong>cuncta</strong></span> <span class='ocrx_word' id='word_1_71' title='bbox 498 1425 577 1473; x_wconf 90' lang='lat' dir='ltr'><strong>carnis</strong></span> <span class='ocrx_word' id='word_1_72' title='bbox 589 1430 741 1487; x_wconf 85' lang='lat' dir='ltr'><strong>praemortua</strong></span> <span class='ocrx_word' id='word_1_73' title='bbox 753 1421 861 1472; x_wconf 90' lang='lat' dir='ltr'><strong>membra</strong></span> <span class='ocrx_word' id='word_1_74' title='bbox 885 1420 1016 1484; x_wconf 77' lang='lat' dir='ltr'><strong>Tamquam</strong></span> <span class='ocrx_word' id='word_1_75' title='bbox 1028 1421 1060 1470; x_wconf 84' lang='lat' dir='ltr'><strong>sit</strong></span> <span class='ocrx_word' id='word_1_76' title='bbox 1069 1420 1155 1471; x_wconf 79' lang='lat' dir='ltr'><strong>Paulum</strong></span> <span class='ocrx_word' id='word_1_77' title='bbox 1163 1421 1302 1485; x_wconf 89' lang='lat' dir='ltr'><strong>propriede</strong></span> <span class='ocrx_word' id='word_1_78' title='bbox 1316 1436 1399 1471; x_wconf 88' lang='lat' dir='ltr'><strong>carne</strong></span> <span class='ocrx_word' id='word_1_79' title='bbox 1411 1420 1507 1472; x_wconf 70' lang='lat' dir='ltr'><strong>locutae</strong></span> 
     </span>
     <span class='ocr_line' id='line_1_10' title="bbox 181 1496 1507 1570; baseline -0.002 -12"><span class='ocrx_word' id='word_1_80' title='bbox 181 1496 185 1503; x_wconf 48' lang='lat'><em>⁴</em></span> <span class='ocrx_word' id='word_1_81' title='bbox 252 1507 355 1558; x_wconf 84' lang='lat' dir='ltr'><strong>Curabat</strong></span> <span class='ocrx_word' id='word_1_82' title='bbox 371 1506 485 1570; x_wconf 73' lang='lat' dir='ltr'><strong>sabbatis,</strong></span> <span class='ocrx_word' id='word_1_83' title='bbox 504 1516 546 1557; x_wconf 87' lang='lat' dir='ltr'><strong>aut</strong></span> <span class='ocrx_word' id='word_1_84' title='bbox 562 1507 628 1558; x_wconf 85' lang='lat' dir='ltr'><strong>caeci</strong></span> <span class='ocrx_word' id='word_1_85' title='bbox 646 1521 660 1557; x_wconf 90' lang='lat' dir='ltr'><strong>a</strong></span> <span class='ocrx_word' id='word_1_86' title='bbox 677 1508 782 1570; x_wconf 87' lang='lat' dir='ltr'><strong>germine</strong></span> <span class='ocrx_word' id='word_1_87' title='bbox 800 1506 850 1557; x_wconf 95' lang='lat' dir='ltr'><strong>nati</strong></span> <span class='ocrx_word' id='word_1_88' title='bbox 887 1504 929 1555; x_wconf 92' lang='lat' dir='ltr'><strong>llle</strong></span> <span class='ocrx_word' id='word_1_89' title='bbox 946 1504 1044 1569; x_wconf 87' lang='lat' dir='ltr'><strong>quidem</strong></span> <span class='ocrx_word' id='word_1_90' title='bbox 1061 1519 1145 1567; x_wconf 85' lang='lat' dir='ltr'><strong>magna</strong></span> <span class='ocrx_word' id='word_1_91' title='bbox 1162 1504 1254 1568; x_wconf 92' lang='lat' dir='ltr'><strong>docuit,</strong></span> <span class='ocrx_word' id='word_1_92' title='bbox 1273 1506 1323 1555; x_wconf 86' lang='lat' dir='ltr'><strong>sed</strong></span> <span class='ocrx_word' id='word_1_93' title='bbox 1342 1507 1430 1557; x_wconf 79' lang='lat' dir='ltr'><strong>inania</strong></span> <span class='ocrx_word' id='word_1_94' title='bbox 1444 1508 1507 1556; x_wconf 86' lang='lat' dir='ltr'><strong>cordr</strong></span> 
     </span>
     <span class='ocr_line' id='line_1_11' title="bbox 251 1588 1508 1656; baseline 0 -14"><span class='ocrx_word' id='word_1_95' title='bbox 251 1592 428 1656; x_wconf 56' lang='lat' dir='ltr'><strong>Luminaquae</strong></span> <span class='ocrx_word' id='word_1_96' title='bbox 441 1591 546 1642; x_wconf 88' lang='lat' dir='ltr'><strong>nondum</strong></span> <span class='ocrx_word' id='word_1_97' title='bbox 559 1590 793 1655; x_wconf 65' lang='lat' dir='ltr'><strong>dederaurernendo</strong></span> <span class='ocrx_word' id='word_1_98' title='bbox 806 1605 861 1656; x_wconf 90' lang='lat' dir='ltr'><strong>per·</strong></span> <span class='ocrx_word' id='word_1_99' title='bbox 887 1588 982 1639; x_wconf 81' lang='lat' dir='ltr'><strong>Caruali</strong></span> <span class='ocrx_word' id='word_1_100' title='bbox 999 1604 1111 1639; x_wconf 78' lang='lat' dir='ltr'>sermone</span> <span class='ocrx_word' id='word_1_101' title='bbox 1127 1597 1227 1654; x_wconf 85' lang='lat' dir='ltr'><strong>putant;</strong></span> <span class='ocrx_word' id='word_1_102' title='bbox 1247 1603 1307 1641; x_wconf 89' lang='lat' dir='ltr'><strong>narn</strong></span> <span class='ocrx_word' id='word_1_103' title='bbox 1329 1592 1441 1655; x_wconf 89' lang='lat' dir='ltr'><strong>pristina</strong></span> <span class='ocrx_word' id='word_1_104' title='bbox 1456 1591 1508 1642; x_wconf 79' lang='lat' dir='ltr'><strong>iaetu</strong></span> 
     </span>
     <span class='ocr_line' id='line_1_12' title="bbox 239 1666 1507 1739; baseline 0.005 -19"><span class='ocrx_word' id='word_1_105' title='bbox 239 1666 242 1670; x_wconf 78' lang='grc'><strong>’</strong></span> <span class='ocrx_word' id='word_1_106' title='bbox 264 1725 268 1734; x_wconf 44' lang='grc'><strong>,</strong></span> <span class='ocrx_word' id='word_1_107' title='bbox 555 1676 609 1739; x_wconf 83' lang='lat' dir='ltr'><strong>egit,</strong></span> <span class='ocrx_word' id='word_1_108' title='bbox 888 1673 1016 1737; x_wconf 87' lang='lat' dir='ltr'><strong>Sanguinis</strong></span> <span class='ocrx_word' id='word_1_109' title='bbox 1034 1682 1058 1724; x_wconf 88' lang='lat' dir='ltr'><strong>at</strong></span> <span class='ocrx_word' id='word_1_110' title='bbox 1075 1676 1153 1725; x_wconf 86' lang='lat' dir='ltr'><strong>carnis</strong></span> <span class='ocrx_word' id='word_1_111' title='bbox 1170 1673 1245 1725; x_wconf 83' lang='lat' dir='ltr'><strong>voluit</strong></span> <span class='ocrx_word' id='word_1_112' title='bbox 1263 1676 1313 1727; x_wconf 91' lang='lat' dir='ltr'><strong>sub</strong></span> <span class='ocrx_word' id='word_1_113' title='bbox 1330 1677 1436 1727; x_wconf 88' lang='lat' dir='ltr'><strong>nomine</strong></span> <span class='ocrx_word' id='word_1_114' title='bbox 1454 1678 1507 1727; x_wconf 81' lang='lat' dir='ltr'><strong>dicu</strong></span> 
     </span>
     <span class='ocr_line' id='line_1_13' title="bbox 252 1758 1529 1826; baseline 0.001 -14"><span class='ocrx_word' id='word_1_115' title='bbox 252 1763 299 1812; x_wconf 80' lang='lat' dir='ltr'><strong>but</strong></span> <span class='ocrx_word' id='word_1_116' title='bbox 314 1761 436 1812; x_wconf 83' lang='lat' dir='ltr'><strong>bominem</strong></span> <span class='ocrx_word' id='word_1_117' title='bbox 453 1767 530 1810; x_wconf 88' lang='lat' dir='ltr'><strong>tutum</strong></span> <span class='ocrx_word' id='word_1_118' title='bbox 547 1760 680 1810; x_wconf 85' lang='lat' dir='ltr'><strong>exanimem</strong></span> <span class='ocrx_word' id='word_1_119' title='bbox 697 1774 741 1825; x_wconf 89' lang='lat' dir='ltr'><strong>per</strong></span> <span class='ocrx_word' id='word_1_120' title='bbox 762 1760 861 1811; x_wconf 88' lang='lat' dir='ltr'><strong>sabbata</strong></span> <span class='ocrx_word' id='word_1_121' title='bbox 888 1758 1004 1808; x_wconf 86' lang='lat' dir='ltr'><strong>Caelestis</strong></span> <span class='ocrx_word' id='word_1_122' title='bbox 1021 1759 1099 1821; x_wconf 92' lang='lat' dir='ltr'><strong>magni</strong></span> <span class='ocrx_word' id='word_1_123' title='bbox 1116 1767 1264 1810; x_wconf 88' lang='lat' dir='ltr'><strong>memoratus</strong></span> <span class='ocrx_word' id='word_1_124' title='bbox 1280 1775 1364 1813; x_wconf 83' lang='lat' dir='ltr'><strong>sarna</strong></span> <span class='ocrx_word' id='word_1_125' title='bbox 1383 1765 1496 1826; x_wconf 80' lang='lat' dir='ltr'><strong>magistri,</strong></span> <span class='ocrx_word' id='word_1_126' title='bbox 1513 1765 1529 1816; x_wconf 87' lang='lat' dir='ltr'><strong>tt</strong></span> 
     </span>
     <span class='ocr_line' id='line_1_14' title="bbox 555 1842 1509 1908; baseline 0.003 -13"><span class='ocrx_word' id='word_1_127' title='bbox 555 1846 630 1895; x_wconf 82' lang='lat' dir='ltr'><strong>ritum</strong></span> <span class='ocrx_word' id='word_1_128' title='bbox 889 1842 986 1907; x_wconf 80' lang='lat' dir='ltr'><strong>Quiper</strong></span> <span class='ocrx_word' id='word_1_129' title='bbox 992 1858 1079 1908; x_wconf 86' lang='lat' dir='ltr'><strong>nquam</strong></span> <span class='ocrx_word' id='word_1_130' title='bbox 1089 1843 1119 1894; x_wconf 92' lang='lat' dir='ltr'><strong>de</strong></span> <span class='ocrx_word' id='word_1_131' title='bbox 1126 1858 1152 1894; x_wconf 88' lang='lat' dir='ltr'><strong>sc</strong></span> <span class='ocrx_word' id='word_1_132' title='bbox 1159 1844 1246 1907; x_wconf 86' lang='lat' dir='ltr'><strong>genitis</strong></span> <span class='ocrx_word' id='word_1_133' title='bbox 1253 1844 1294 1895; x_wconf 89' lang='lat' dir='ltr'><strong>sui</strong></span> <span class='ocrx_word' id='word_1_134' title='bbox 1306 1860 1406 1897; x_wconf 89' lang='lat' dir='ltr'><strong>nomen</strong></span> <span class='ocrx_word' id='word_1_135' title='bbox 1419 1850 1509 1898; x_wconf 77' lang='lat' dir='ltr'><strong>bonore</strong></span> 
     </span>
     <span class='ocr_line' id='line_1_15' title="bbox 192 1926 1465 1996; baseline 0.005 -19"><span class='ocrx_word' id='word_1_136' title='bbox 192 1926 243 1978; x_wconf 81' lang='lat'><strong>210</strong></span> <span class='ocrx_word' id='word_1_137' title='bbox 251 1931 336 1996; x_wconf 85' lang='lat' dir='ltr'><strong>lleqne</strong></span> <span class='ocrx_word' id='word_1_138' title='bbox 352 1930 474 1996; x_wconf 83' lang='lat' dir='ltr'><strong>sepultura</strong></span> <span class='ocrx_word' id='word_1_139' title='bbox 492 1930 613 1994; x_wconf 75' lang='lat' dir='ltr'><strong>praesenti</strong></span> <span class='ocrx_word' id='word_1_140' title='bbox 630 1929 700 1994; x_wconf 90' lang='lat' dir='ltr'><strong>plebe</strong></span> <span class='ocrx_word' id='word_1_141' title='bbox 717 1929 813 1992; x_wconf 79' lang='lat' dir='ltr'><strong>vorarit,</strong></span> <span class='ocrx_word' id='word_1_142' title='bbox 888 1928 994 1991; x_wconf 81' lang='lat' dir='ltr'><strong>Donavit,</strong></span> <span class='ocrx_word' id='word_1_143' title='bbox 1011 1929 1146 1993; x_wconf 88' lang='lat' dir='ltr'><strong>pignusque</strong></span> <span class='ocrx_word' id='word_1_144' title='bbox 1163 1943 1207 1978; x_wconf 86' lang='lat' dir='ltr'><strong>auo</strong></span> <span class='ocrx_word' id='word_1_145' title='bbox 1225 1928 1257 1979; x_wconf 90' lang='lat' dir='ltr'><strong>de</strong></span> <span class='ocrx_word' id='word_1_146' title='bbox 1276 1931 1376 1994; x_wconf 87' lang='lat' dir='ltr'><strong>spiritu</strong></span> <span class='ocrx_word' id='word_1_147' title='bbox 1394 1932 1465 1996; x_wconf 83' lang='lat' dir='ltr'><strong>indit,</strong></span> 
     </span>
     <span class='ocr_line' id='line_1_16' title="bbox 250 2013 1495 2084; baseline 0.003 -19"><span class='ocrx_word' id='word_1_148' title='bbox 250 2016 306 2084; x_wconf 87' lang='lat' dir='ltr'><strong>lpse</strong></span> <span class='ocrx_word' id='word_1_149' title='bbox 323 2016 376 2066; x_wconf 76' lang='lat' dir='ltr'><strong>nori</strong></span> <span class='ocrx_word' id='word_1_150' title='bbox 393 2015 476 2078; x_wconf 86' lang='lat' dir='ltr'><strong>iactor,</strong></span> <span class='ocrx_word' id='word_1_151' title='bbox 492 2015 579 2066; x_wconf 82' lang='lat' dir='ltr'><strong>ueteris</strong></span> <span class='ocrx_word' id='word_1_152' title='bbox 596 2014 674 2064; x_wconf 83' lang='lat' dir='ltr'><strong>bonus</strong></span> <span class='ocrx_word' id='word_1_153' title='bbox 689 2013 861 2079; x_wconf 87' lang='lat' dir='ltr'><strong>ipserelcctor,</strong></span> <span class='ocrx_word' id='word_1_154' title='bbox 888 2013 918 2063; x_wconf 89' lang='lat' dir='ltr'><strong>llt</strong></span> <span class='ocrx_word' id='word_1_155' title='bbox 936 2014 1005 2062; x_wconf 86' lang='lat' dir='ltr'><strong>cuius</strong></span> <span class='ocrx_word' id='word_1_156' title='bbox 1017 2013 1112 2063; x_wconf 88' lang='lat' dir='ltr'><strong>inerant</strong></span> <span class='ocrx_word' id='word_1_157' title='bbox 1128 2014 1238 2063; x_wconf 85' lang='lat' dir='ltr'><strong>bominec</strong></span> <span class='ocrx_word' id='word_1_158' title='bbox 1256 2014 1355 2067; x_wconf 81' lang='lat' dir='ltr'><strong>virtute</strong></span> <span class='ocrx_word' id='word_1_159' title='bbox 1373 2018 1495 2082; x_wconf 73' lang='lat' dir='ltr'>redempti.</span> 
     </span>
     <span class='ocr_line' id='line_1_17' title="bbox 250 2089 1506 2166; baseline 0.001 -14"><span class='ocrx_word' id='word_1_160' title='bbox 250 2089 298 2152; x_wconf 66' lang='lat' dir='ltr'><strong>dut</strong></span> <span class='ocrx_word' id='word_1_161' title='bbox 320 2114 393 2166; x_wconf 83' lang='lat' dir='ltr'><strong>qnae¹</strong></span> <span class='ocrx_word' id='word_1_162' title='bbox 406 2098 533 2156; x_wconf 87' lang='lat' dir='ltr'><strong>deluerunt</strong></span> <span class='ocrx_word' id='word_1_163' title='bbox 556 2099 670 2164; x_wconf 89' lang='lat' dir='ltr'><strong>supplens</strong></span> <span class='ocrx_word' id='word_1_164' title='bbox 705 2106 747 2149; x_wconf 88' lang='lat' dir='ltr'><strong>aut</strong></span> <span class='ocrx_word' id='word_1_165' title='bbox 769 2098 862 2164; x_wconf 91' lang='lat' dir='ltr'><strong>perdita</strong></span> <span class='ocrx_word' id='word_1_166' title='bbox 888 2096 965 2147; x_wconf 90' lang='lat' dir='ltr'><strong>liuius</strong></span> <span class='ocrx_word' id='word_1_167' title='bbox 983 2105 1008 2147; x_wconf 89' lang='lat' dir='ltr'><strong>et</strong></span> <span class='ocrx_word' id='word_1_168' title='bbox 1024 2098 1161 2162; x_wconf 87' lang='lat' dir='ltr'><strong>acciperent</strong></span> <span class='ocrx_word' id='word_1_169' title='bbox 1172 2100 1279 2150; x_wconf 76' lang='lat' dir='ltr'><strong>renovati</strong></span> <span class='ocrx_word' id='word_1_170' title='bbox 1295 2115 1396 2152; x_wconf 86' lang='lat' dir='ltr'><strong>nomen</strong></span> <span class='ocrx_word' id='word_1_171' title='bbox 1411 2103 1506 2162; x_wconf 73' lang='lat' dir='ltr'><strong>bottonis¹</strong></span> 
     </span>
     <span class='ocr_line' id='line_1_18' title="bbox 555 2180 1529 2246; baseline 0.007 -12"><span class='ocrx_word' id='word_1_172' title='bbox 555 2182 668 2234; x_wconf 88' lang='lat' dir='ltr'><strong>reddens.</strong></span> <span class='ocrx_word' id='word_1_173' title='bbox 888 2180 957 2245; x_wconf 79' lang='lat' dir='ltr'><strong>Ergo,</strong></span> <span class='ocrx_word' id='word_1_174' title='bbox 966 2183 1022 2245; x_wconf 89' lang='lat' dir='ltr'><strong>quia</strong></span> <span class='ocrx_word' id='word_1_175' title='bbox 1036 2182 1130 2246; x_wconf 89' lang='lat' dir='ltr'><strong>populis</strong></span> <span class='ocrx_word' id='word_1_176' title='bbox 1145 2182 1253 2233; x_wconf 89' lang='lat' dir='ltr'><strong>nondum</strong></span> <span class='ocrx_word' id='word_1_177' title='bbox 1267 2198 1320 2235; x_wconf 90' lang='lat' dir='ltr'><strong>suo</strong></span> <span class='ocrx_word' id='word_1_178' title='bbox 1335 2186 1408 2238; x_wconf 89' lang='lat' dir='ltr'><strong>lonte</strong></span> <span class='ocrx_word' id='word_1_179' title='bbox 1420 2187 1529 2246; x_wconf 70' lang='lat' dir='ltr'><strong>nutat!</strong></span> 
     </span>
     <span class='ocr_line' id='line_1_19' title="bbox 251 2266 1501 2333; baseline 0.002 -12"><span class='ocrx_word' id='word_1_180' title='bbox 251 2271 317 2321; x_wconf 87' lang='lat' dir='ltr'><strong>llaec</strong></span> <span class='ocrx_word' id='word_1_181' title='bbox 334 2271 432 2321; x_wconf 82' lang='lat' dir='ltr'><strong>inerme</strong></span> <span class='ocrx_word' id='word_1_182' title='bbox 451 2269 489 2320; x_wconf 89' lang='lat' dir='ltr'><strong>die</strong></span> <span class='ocrx_word' id='word_1_183' title='bbox 507 2277 591 2320; x_wconf 89' lang='lat' dir='ltr'><strong>sancto</strong></span> <span class='ocrx_word' id='word_1_184' title='bbox 609 2267 761 2333; x_wconf 78' lang='lat' dir='ltr'><strong>sperantibus</strong></span> <span class='ocrx_word' id='word_1_185' title='bbox 779 2268 803 2318; x_wconf 89' lang='lat' dir='ltr'><strong>in</strong></span> <span class='ocrx_word' id='word_1_186' title='bbox 821 2282 849 2317; x_wconf 85' lang='lat' dir='ltr'><strong>se</strong></span> <span class='ocrx_word' id='word_1_187' title='bbox 889 2266 1006 2316; x_wconf 86' lang='lat' dir='ltr'><strong>Sordibus</strong></span> <span class='ocrx_word' id='word_1_188' title='bbox 1023 2268 1129 2332; x_wconf 82' lang='lat' dir='ltr'><strong>antiquis</strong></span> <span class='ocrx_word' id='word_1_189' title='bbox 1146 2267 1224 2331; x_wconf 81' lang='lat' dir='ltr'><strong>tretia,</strong></span> <span class='ocrx_word' id='word_1_190' title='bbox 1243 2271 1285 2328; x_wconf 82' lang='lat' dir='ltr'><strong>(ea</strong></span> <span class='ocrx_word' id='word_1_191' title='bbox 1308 2271 1399 2323; x_wconf 88' lang='lat' dir='ltr'><strong>debita</strong></span> <span class='ocrx_word' id='word_1_192' title='bbox 1416 2273 1501 2324; x_wconf 79' lang='lat' dir='ltr'><strong>mettid</strong></span> 
     </span>
     <span class='ocr_line' id='line_1_20' title="bbox 251 2350 1474 2421; baseline 0.002 -15"><span class='ocrx_word' id='word_1_193' title='bbox 251 2356 368 2406; x_wconf 80' lang='lat' dir='ltr'><strong>Facturus</strong></span> <span class='ocrx_word' id='word_1_194' title='bbox 385 2355 455 2420; x_wconf 85' lang='lat' dir='ltr'><strong>plene</strong></span> <span class='ocrx_word' id='word_1_195' title='bbox 472 2369 517 2420; x_wconf 89' lang='lat' dir='ltr'><strong>pro</strong></span> <span class='ocrx_word' id='word_1_196' title='bbox 534 2361 605 2420; x_wconf 86' lang='lat' dir='ltr'><strong>pacto</strong></span> <span class='ocrx_word' id='word_1_197' title='bbox 622 2368 696 2417; x_wconf 90' lang='lat' dir='ltr'><strong>posse</strong></span> <span class='ocrx_word' id='word_1_198' title='bbox 713 2352 822 2404; x_wconf 89' lang='lat' dir='ltr'><strong>docebat.</strong></span> <span class='ocrx_word' id='word_1_199' title='bbox 889 2350 923 2401; x_wconf 84' lang='lat' dir='ltr'><strong>lis</strong></span> <span class='ocrx_word' id='word_1_200' title='bbox 940 2351 1012 2402; x_wconf 84' lang='lat' dir='ltr'><strong>ueteri</strong></span> <span class='ocrx_word' id='word_1_201' title='bbox 1030 2366 1103 2403; x_wconf 88' lang='lat' dir='ltr'><strong>causa</strong></span> <span class='ocrx_word' id='word_1_202' title='bbox 1120 2367 1218 2416; x_wconf 86' lang='lat' dir='ltr'><strong>regnum</strong></span> <span class='ocrx_word' id='word_1_203' title='bbox 1237 2354 1357 2407; x_wconf 87' lang='lat' dir='ltr'><strong>caeleste</strong></span> <span class='ocrx_word' id='word_1_204' title='bbox 1375 2358 1474 2421; x_wconf 81' lang='lat' dir='ltr'><strong>negarit,</strong></span> 
     </span>
     <span class='ocr_line' id='line_1_21' title="bbox 190 2434 1471 2505; baseline 0.005 -20"><span class='ocrx_word' id='word_1_205' title='bbox 190 2434 242 2486; x_wconf 77' lang='grc'><strong>215</strong></span> <span class='ocrx_word' id='word_1_206' title='bbox 286 2438 369 2499; x_wconf 74' lang='lat' dir='ltr'><strong>outae</strong></span> <span class='ocrx_word' id='word_1_207' title='bbox 385 2454 441 2490; x_wconf 87' lang='lat' dir='ltr'><strong>caro</strong></span> <span class='ocrx_word' id='word_1_208' title='bbox 451 2440 470 2489; x_wconf 90' lang='lat' dir='ltr'><strong>si</strong></span> <span class='ocrx_word' id='word_1_209' title='bbox 482 2440 590 2502; x_wconf 89' lang='lat' dir='ltr'><strong>moritur,</strong></span> <span class='ocrx_word' id='word_1_210' title='bbox 609 2453 654 2489; x_wconf 91' lang='lat' dir='ltr'><strong>nec</strong></span> <span class='ocrx_word' id='word_1_211' title='bbox 666 2452 723 2503; x_wconf 90' lang='lat' dir='ltr'><strong>spes</strong></span> <span class='ocrx_word' id='word_1_212' title='bbox 736 2438 806 2488; x_wconf 89' lang='lat' dir='ltr'><strong>datnr</strong></span> <span class='ocrx_word' id='word_1_213' title='bbox 815 2436 863 2487; x_wconf 85' lang='lat' dir='ltr'><strong>ulla</strong></span> <span class='ocrx_word' id='word_1_214' title='bbox 889 2436 978 2487; x_wconf 87' lang='lat' dir='ltr'><strong>Dicens</strong></span> <span class='ocrx_word' id='word_1_215' title='bbox 995 2436 1125 2487; x_wconf 82' lang='lat' dir='ltr'><strong>humanum</strong></span> <span class='ocrx_word' id='word_1_216' title='bbox 1142 2452 1227 2488; x_wconf 84' lang='lat' dir='ltr'><strong>rursus</strong></span> <span class='ocrx_word' id='word_1_217' title='bbox 1247 2438 1348 2491; x_wconf 88' lang='lat' dir='ltr'><strong>debere</strong></span> <span class='ocrx_word' id='word_1_218' title='bbox 1367 2442 1471 2505; x_wconf 80' lang='lat' dir='ltr'><strong>renasci,</strong></span> 
     </span>
     <span class='ocr_line' id='line_1_22' title="bbox 554 2520 1504 2590; baseline 0.004 -16"><span class='ocrx_word' id='word_1_219' title='bbox 554 2524 647 2588; x_wconf 89' lang='lat' dir='ltr'><strong>salutis,</strong></span> <span class='ocrx_word' id='word_1_220' title='bbox 890 2520 961 2581; x_wconf 83' lang='lat' dir='ltr'><strong>Quod</strong></span> <span class='ocrx_word' id='word_1_221' title='bbox 978 2528 1061 2573; x_wconf 89' lang='lat' dir='ltr'><strong>natum</strong></span> <span class='ocrx_word' id='word_1_222' title='bbox 1078 2530 1115 2573; x_wconf 88' lang='lat' dir='ltr'><strong>est</strong></span> <span class='ocrx_word' id='word_1_223' title='bbox 1127 2522 1247 2587; x_wconf 79' lang='lat' dir='ltr'><strong>decarne,</strong></span> <span class='ocrx_word' id='word_1_224' title='bbox 1265 2539 1333 2575; x_wconf 89' lang='lat' dir='ltr'><strong>caro</strong></span> <span class='ocrx_word' id='word_1_225' title='bbox 1354 2534 1403 2590; x_wconf 86' lang='lat' dir='ltr'><strong>eet,</strong></span> <span class='ocrx_word' id='word_1_226' title='bbox 1421 2526 1451 2577; x_wconf 89' lang='lat' dir='ltr'><strong>de</strong></span> <span class='ocrx_word' id='word_1_227' title='bbox 1465 2525 1504 2590; x_wconf 80' lang='lat' dir='ltr'><strong>spi·</strong></span> 
     </span>
     <span class='ocr_line' id='line_1_23' title="bbox 253 2606 1332 2674; baseline 0 -15"><span class='ocrx_word' id='word_1_228' title='bbox 253 2610 319 2669; x_wconf 80' lang='lat' dir='ltr'><strong>Quas</strong></span> <span class='ocrx_word' id='word_1_229' title='bbox 332 2609 415 2659; x_wconf 88' lang='lat' dir='ltr'><strong>babuit</strong></span> <span class='ocrx_word' id='word_1_230' title='bbox 429 2622 514 2659; x_wconf 79' lang='lat' dir='ltr'><strong>canam</strong></span> <span class='ocrx_word' id='word_1_231' title='bbox 527 2609 648 2659; x_wconf 86' lang='lat' dir='ltr'><strong>bominem</strong></span> <span class='ocrx_word' id='word_1_232' title='bbox 660 2607 785 2671; x_wconf 75' lang='lat' dir='ltr'><strong>reingere</strong></span> <span class='ocrx_word' id='word_1_233' title='bbox 795 2606 863 2657; x_wconf 83' lang='lat' dir='ltr'><strong>Gbri-</strong></span> <span class='ocrx_word' id='word_1_234' title='bbox 913 2642 915 2650; x_wconf 49' lang='lat'>1</span> <span class='ocrx_word' id='word_1_235' title='bbox 1192 2608 1250 2671; x_wconf 90' lang='lat' dir='ltr'><strong>ritu,</strong></span> <span class='ocrx_word' id='word_1_236' title='bbox 1267 2610 1332 2674; x_wconf 84' lang='lat' dir='ltr'><strong>vita,</strong></span> 
     </span>
     <span class='ocr_line' id='line_1_24' title="bbox 558 2690 1528 2759; baseline 0.008 -17"><span class='ocrx_word' id='word_1_237' title='bbox 558 2700 618 2755; x_wconf 89' lang='lat' dir='ltr'><strong>stus,</strong></span> <span class='ocrx_word' id='word_1_238' title='bbox 889 2690 985 2741; x_wconf 82' lang='lat' dir='ltr'><strong>lladicis</strong></span> <span class='ocrx_word' id='word_1_239' title='bbox 1002 2691 1088 2742; x_wconf 78' lang='lat' dir='ltr'><strong>veteris</strong></span> <span class='ocrx_word' id='word_1_240' title='bbox 1105 2706 1164 2742; x_wconf 83' lang='lat' dir='ltr'><strong>nova</strong></span> <span class='ocrx_word' id='word_1_241' title='bbox 1181 2694 1292 2755; x_wconf 87' lang='lat' dir='ltr'><strong>germina</strong></span> <span class='ocrx_word' id='word_1_242' title='bbox 1312 2696 1396 2759; x_wconf 86' lang='lat' dir='ltr'><strong>gloria</strong></span> <span class='ocrx_word' id='word_1_243' title='bbox 1412 2695 1528 2757; x_wconf 65' lang='lat' dir='ltr'><strong>meumst</strong></span> 
     </span>
     <span class='ocr_line' id='line_1_25' title="bbox 251 2775 1487 2840; baseline 0.002 -13"><span class='ocrx_word' id='word_1_244' title='bbox 251 2776 864 2840; x_wconf 71' lang='lat' dir='ltr'><strong>Etmedicarehomincqautcurumeamlababerei</strong></span> <span class='ocrx_word' id='word_1_245' title='bbox 888 2775 1000 2825; x_wconf 78' lang='lat' dir='ltr'><strong>asturum</strong></span> <span class='ocrx_word' id='word_1_246' title='bbox 1018 2791 1106 2840; x_wconf 87' lang='lat' dir='ltr'><strong>corpus</strong></span> <span class='ocrx_word' id='word_1_247' title='bbox 1123 2779 1169 2827; x_wconf 90' lang='lat' dir='ltr'><strong>inm</strong></span> <span class='ocrx_word' id='word_1_248' title='bbox 1188 2777 1285 2829; x_wconf 87' lang='lat' dir='ltr'><strong>nonde</strong></span> <span class='ocrx_word' id='word_1_249' title='bbox 1306 2795 1387 2833; x_wconf 86' lang='lat' dir='ltr'><strong>carne</strong></span> <span class='ocrx_word' id='word_1_250' title='bbox 1403 2781 1487 2832; x_wconf 81' lang='lat' dir='ltr'><strong>meari:</strong></span> 
     </span>
     <span class='ocr_line' id='line_1_26' title="bbox 185 2861 1497 2928; baseline 0.005 -19"><span class='ocrx_word' id='word_1_251' title='bbox 185 2902 188 2909; x_wconf 95' lang='grc'><em>,</em></span> <span class='ocrx_word' id='word_1_252' title='bbox 252 2862 279 2914; x_wconf 93' lang='lat' dir='ltr'><strong>Si</strong></span> <span class='ocrx_word' id='word_1_253' title='bbox 288 2863 540 2928; x_wconf 80' lang='lat' dir='ltr'><strong>revocatpaucos‚eur</strong></span> <span class='ocrx_word' id='word_1_254' title='bbox 549 2862 863 2912; x_wconf 80' lang='lat' dir='ltr'><strong>nunrarooabitetomnesl</strong></span> <span class='ocrx_word' id='word_1_255' title='bbox 889 2861 940 2911; x_wconf 88' lang='lat' dir='ltr'><strong>lloc</strong></span> <span class='ocrx_word' id='word_1_256' title='bbox 950 2861 1158 2926; x_wconf 82' lang='lat' dir='ltr'><strong>sequiturl’aulus‚</strong></span> <span class='ocrx_word' id='word_1_257' title='bbox 1169 2862 1204 2913; x_wconf 88' lang='lat' dir='ltr'><strong>sic</strong></span> <span class='ocrx_word' id='word_1_258' title='bbox 1219 2870 1258 2913; x_wconf 89' lang='lat' dir='ltr'><strong>est</strong></span> <span class='ocrx_word' id='word_1_259' title='bbox 1270 2864 1306 2916; x_wconf 88' lang='lat' dir='ltr'><strong>de</strong></span> <span class='ocrx_word' id='word_1_260' title='bbox 1321 2881 1399 2918; x_wconf 87' lang='lat' dir='ltr'><strong>carne</strong></span> <span class='ocrx_word' id='word_1_261' title='bbox 1412 2868 1497 2918; x_wconf 82' lang='lat' dir='ltr'><strong>locutas</strong></span> 
     </span>
     <span class='ocr_line' id='line_1_27' title="bbox 252 2944 1478 3013; baseline 0.005 -15"><span class='ocrx_word' id='word_1_262' title='bbox 252 2946 487 3012; x_wconf 83' lang='lat' dir='ltr'><strong>Corruptelapotens</strong></span> <span class='ocrx_word' id='word_1_263' title='bbox 498 2947 652 3012; x_wconf 78' lang='lat' dir='ltr'><strong>liquefactum</strong></span> <span class='ocrx_word' id='word_1_264' title='bbox 665 2947 755 2996; x_wconf 81' lang='lat' dir='ltr'><strong>soluere</strong></span> <span class='ocrx_word' id='word_1_265' title='bbox 765 2962 862 3011; x_wconf 87' lang='lat' dir='ltr'><strong>corpus,</strong></span> <span class='ocrx_word' id='word_1_266' title='bbox 888 2945 998 3009; x_wconf 77' lang='lat' dir='ltr'><strong>benique</strong></span> <span class='ocrx_word' id='word_1_267' title='bbox 1014 2944 1072 2996; x_wconf 85' lang='lat' dir='ltr'><strong>dixit</strong></span> <span class='ocrx_word' id='word_1_268' title='bbox 1088 2955 1199 3012; x_wconf 85' lang='lat' dir='ltr'><strong>oportere</strong></span> <span class='ocrx_word' id='word_1_269' title='bbox 1217 2951 1373 3013; x_wconf 86' lang='lat' dir='ltr'><strong>superindui</strong></span> <span class='ocrx_word' id='word_1_270' title='bbox 1390 2960 1478 3011; x_wconf 60' lang='lat' dir='ltr'><strong>restem</strong></span> 
     </span>
     <span class='ocr_line' id='line_1_28' title="bbox 191 3030 1494 3097; baseline 0.002 -14"><span class='ocrx_word' id='word_1_271' title='bbox 191 3032 303 3083; x_wconf 73' lang='lat' dir='ltr'><strong>liuban</strong></span> <span class='ocrx_word' id='word_1_272' title='bbox 321 3034 409 3095; x_wconf 87' lang='lat' dir='ltr'><strong>poterit</strong></span> <span class='ocrx_word' id='word_1_273' title='bbox 425 3033 497 3083; x_wconf 86' lang='lat' dir='ltr'><strong>rirtua</strong></span> <span class='ocrx_word' id='word_1_274' title='bbox 515 3032 863 3083; x_wconf 84' lang='lat' dir='ltr'><strong>dominirerocarcaolutumt</strong></span> <span class='ocrx_word' id='word_1_275' title='bbox 889 3030 957 3080; x_wconf 88' lang='lat' dir='ltr'><strong>llunc</strong></span> <span class='ocrx_word' id='word_1_276' title='bbox 982 3030 1088 3081; x_wconf 88' lang='lat' dir='ltr'><strong>habitum</strong></span> <span class='ocrx_word' id='word_1_277' title='bbox 1111 3032 1225 3096; x_wconf 87' lang='lat' dir='ltr'><strong>lragilem,</strong></span> <span class='ocrx_word' id='word_1_278' title='bbox 1256 3038 1396 3088; x_wconf 84' lang='lat' dir='ltr'><strong>mortalem</strong></span> <span class='ocrx_word' id='word_1_279' title='bbox 1418 3036 1494 3097; x_wconf 82' lang='lat' dir='ltr'><strong>ooatsp&#39;</strong></span> 
     </span>
     <span class='ocr_line' id='line_1_29' title="bbox 251 3114 1308 3183; baseline 0.001 -16"><span class='ocrx_word' id='word_1_280' title='bbox 251 3115 357 3167; x_wconf 84' lang='lat' dir='ltr'><strong>Credunt</strong></span> <span class='ocrx_word' id='word_1_281' title='bbox 373 3114 471 3166; x_wconf 87' lang='lat' dir='ltr'><strong>interitu</strong></span> <span class='ocrx_word' id='word_1_282' title='bbox 489 3117 531 3182; x_wconf 91' lang='lat' dir='ltr'><strong>qui</strong></span> <span class='ocrx_word' id='word_1_283' title='bbox 549 3131 597 3167; x_wconf 91' lang='lat' dir='ltr'><strong>non</strong></span> <span class='ocrx_word' id='word_1_284' title='bbox 615 3131 659 3166; x_wconf 90' lang='lat' dir='ltr'><strong>sun</strong></span> <span class='ocrx_word' id='word_1_285' title='bbox 676 3131 778 3180; x_wconf 89' lang='lat' dir='ltr'><strong>corpora</strong></span> <span class='ocrx_word' id='word_1_286' title='bbox 795 3117 861 3182; x_wconf 82' lang='lat' dir='ltr'><strong>solui,</strong></span> <span class='ocrx_word' id='word_1_287' title='bbox 1191 3116 1308 3183; x_wconf 87' lang='lat' dir='ltr'><strong>iormam,</strong></span> 
     </span>
     <span class='ocr_line' id='line_1_30' title="bbox 248 3198 1521 3268; baseline 0.004 -17"><span class='ocrx_word' id='word_1_288' title='bbox 248 3199 622 3267; x_wconf 83' lang='lat' dir='ltr'><strong>lloncrednntdomino,suaqui</strong></span> <span class='ocrx_word' id='word_1_289' title='bbox 632 3200 861 3264; x_wconf 71' lang='lat' dir='ltr'><strong>mummolenum,</strong></span> <span class='ocrx_word' id='word_1_290' title='bbox 888 3199 939 3248; x_wconf 86' lang='lat' dir='ltr'><strong>lloo</strong></span> <span class='ocrx_word' id='word_1_291' title='bbox 947 3198 1105 3265; x_wconf 84' lang='lat' dir='ltr'><strong>aliudcorpua</strong></span> <span class='ocrx_word' id='word_1_292' title='bbox 1113 3202 1223 3265; x_wconf 86' lang='lat' dir='ltr'><strong>duri,sed</strong></span> <span class='ocrx_word' id='word_1_293' title='bbox 1235 3204 1308 3268; x_wconf 91' lang='lat' dir='ltr'><strong>prius</strong></span> <span class='ocrx_word' id='word_1_294' title='bbox 1322 3206 1385 3258; x_wconf 92' lang='lat' dir='ltr'><strong>illnd</strong></span> <span class='ocrx_word' id='word_1_295' title='bbox 1395 3202 1521 3258; x_wconf 56' lang='lat' dir='ltr'><strong>inmo!</strong></span> 
     </span>
     <span class='ocr_line' id='line_1_31' title="bbox 249 3284 1475 3352; baseline 0.007 -17"><span class='ocrx_word' id='word_1_296' title='bbox 249 3286 296 3335; x_wconf 76' lang='lat' dir='ltr'><strong>but</strong></span> <span class='ocrx_word' id='word_1_297' title='bbox 313 3284 377 3336; x_wconf 91' lang='lat' dir='ltr'><strong>nolle</strong></span> <span class='ocrx_word' id='word_1_298' title='bbox 394 3294 516 3350; x_wconf 84' lang='lat' dir='ltr'><strong>praestare</strong></span> <span class='ocrx_word' id='word_1_299' title='bbox 530 3286 628 3349; x_wconf 86' lang='lat' dir='ltr'><strong>bonum,</strong></span> <span class='ocrx_word' id='word_1_300' title='bbox 647 3301 725 3350; x_wconf 88' lang='lat' dir='ltr'><strong>neque</strong></span> <span class='ocrx_word' id='word_1_301' title='bbox 735 3301 807 3351; x_wconf 83' lang='lat' dir='ltr'><strong>posse</strong></span> <span class='ocrx_word' id='word_1_302' title='bbox 818 3302 860 3352; x_wconf 86' lang='lat' dir='ltr'><strong>pc-</strong></span> <span class='ocrx_word' id='word_1_303' title='bbox 888 3284 998 3349; x_wconf 86' lang='lat' dir='ltr'><strong>Undique</strong></span> <span class='ocrx_word' id='word_1_304' title='bbox 1015 3300 1088 3348; x_wconf 86' lang='lat' dir='ltr'><strong>reguo</strong></span> <span class='ocrx_word' id='word_1_305' title='bbox 1107 3287 1145 3336; x_wconf 88' lang='lat' dir='ltr'><strong>dei</strong></span> <span class='ocrx_word' id='word_1_306' title='bbox 1163 3287 1211 3337; x_wconf 87' lang='lat' dir='ltr'><strong>lntn</strong></span> <span class='ocrx_word' id='word_1_307' title='bbox 1229 3289 1384 3344; x_wconf 79' lang='lat' dir='ltr'><strong>circumdari</strong></span> <span class='ocrx_word' id='word_1_308' title='bbox 1402 3300 1475 3349; x_wconf 74' lang='lat' dir='ltr'><strong>totum</strong></span> 
     </span>
     <span class='ocr_line' id='line_1_32' title="bbox 554 3370 1479 3442; baseline 0.008 -21"><span class='ocrx_word' id='word_1_309' title='bbox 554 3378 643 3421; x_wconf 90' lang='lat' dir='ltr'><strong>tentem</strong></span> <span class='ocrx_word' id='word_1_310' title='bbox 887 3370 1007 3431; x_wconf 80' lang='lat' dir='ltr'><strong>Memento</strong></span> <span class='ocrx_word' id='word_1_311' title='bbox 1024 3380 1135 3434; x_wconf 86' lang='lat' dir='ltr'><strong>aspectus</strong></span> <span class='ocrx_word' id='word_1_312' title='bbox 1153 3373 1221 3439; x_wconf 54' lang='lat' dir='ltr'><strong>ocuti,</strong></span> <span class='ocrx_word' id='word_1_313' title='bbox 1235 3378 1385 3440; x_wconf 82' lang='lat' dir='ltr'><strong>mutabitur,</strong></span> <span class='ocrx_word' id='word_1_314' title='bbox 1408 3378 1479 3442; x_wconf 80' lang='lat' dir='ltr'><strong>inquit</strong></span> 
     </span>
     <span class='ocr_line' id='line_1_33' title="bbox 251 3454 1529 3526; baseline 0.008 -23"><span class='ocrx_word' id='word_1_315' title='bbox 251 3454 345 3517; x_wconf 89' lang='lat' dir='ltr'><strong>llicunt,</strong></span> <span class='ocrx_word' id='word_1_316' title='bbox 363 3455 438 3517; x_wconf 88' lang='lat' dir='ltr'><strong>ignari</strong></span> <span class='ocrx_word' id='word_1_317' title='bbox 456 3460 546 3519; x_wconf 86' lang='lat' dir='ltr'><strong>quanto</strong></span> <span class='ocrx_word' id='word_1_318' title='bbox 564 3455 594 3506; x_wconf 90' lang='lat' dir='ltr'><strong>de</strong></span> <span class='ocrx_word' id='word_1_319' title='bbox 611 3456 712 3507; x_wconf 88' lang='lat' dir='ltr'><strong>erimine</strong></span> <span class='ocrx_word' id='word_1_320' title='bbox 729 3457 826 3522; x_wconf 84' lang='lat' dir='ltr'><strong>lactent,</strong></span> <span class='ocrx_word' id='word_1_321' title='bbox 887 3455 918 3505; x_wconf 90' lang='lat' dir='ltr'><strong>Ul</strong></span> <span class='ocrx_word' id='word_1_322' title='bbox 934 3455 1002 3505; x_wconf 90' lang='lat' dir='ltr'><strong>rulac</strong></span> <span class='ocrx_word' id='word_1_323' title='bbox 1019 3471 1088 3506; x_wconf 89' lang='lat' dir='ltr'><strong>cerae</strong></span> <span class='ocrx_word' id='word_1_324' title='bbox 1106 3455 1180 3506; x_wconf 84' lang='lat' dir='ltr'><strong>iacies</strong></span> <span class='ocrx_word' id='word_1_325' title='bbox 1198 3457 1359 3522; x_wconf 78' lang='lat' dir='ltr'><strong>dispenditur</strong></span> <span class='ocrx_word' id='word_1_326' title='bbox 1379 3464 1457 3526; x_wconf 57' lang='lat' dir='ltr'><strong>berbg</strong></span> <span class='ocrx_word' id='word_1_327' title='bbox 1528 3510 1529 3525; x_wconf 67' lang='lat'><strong>,</strong></span> 
     </span>
     <span class='ocr_line' id='line_1_34' title="bbox 191 3539 1476 3607; baseline 0.005 -16"><span class='ocrx_word' id='word_1_328' title='bbox 191 3539 359 3591; x_wconf 65' lang='lat' dir='ltr'><strong>teutrannus</strong></span> <span class='ocrx_word' id='word_1_329' title='bbox 376 3539 430 3588; x_wconf 88' lang='lat' dir='ltr'><strong>ausi</strong></span> <span class='ocrx_word' id='word_1_330' title='bbox 447 3555 532 3591; x_wconf 84' lang='lat' dir='ltr'><strong>causas</strong></span> <span class='ocrx_word' id='word_1_331' title='bbox 549 3556 698 3607; x_wconf 87' lang='lat' dir='ltr'><strong>praeponere</strong></span> <span class='ocrx_word' id='word_1_332' title='bbox 715 3543 795 3593; x_wconf 89' lang='lat' dir='ltr'><strong>morti.</strong></span> <span class='ocrx_word' id='word_1_333' title='bbox 886 3539 916 3590; x_wconf 88' lang='lat' dir='ltr'><strong>Et</strong></span> <span class='ocrx_word' id='word_1_334' title='bbox 932 3546 1007 3589; x_wconf 83' lang='lat' dir='ltr'><strong>mutat</strong></span> <span class='ocrx_word' id='word_1_335' title='bbox 1025 3542 1147 3605; x_wconf 90' lang='lat' dir='ltr'><strong>proprium</strong></span> <span class='ocrx_word' id='word_1_336' title='bbox 1166 3542 1280 3594; x_wconf 84' lang='lat' dir='ltr'><strong>candenti</strong></span> <span class='ocrx_word' id='word_1_337' title='bbox 1299 3547 1356 3597; x_wconf 82' lang='lat' dir='ltr'><strong>sole</strong></span> <span class='ocrx_word' id='word_1_338' title='bbox 1375 3549 1476 3603; x_wconf 76' lang='lat' dir='ltr'><strong>colorem</strong></span> 
     </span>
     <span class='ocr_line' id='line_1_35' title="bbox 249 3624 1518 3694; baseline 0.005 -20"><span class='ocrx_word' id='word_1_339' title='bbox 249 3624 274 3674; x_wconf 95' lang='lat' dir='ltr'><strong>ln</strong></span> <span class='ocrx_word' id='word_1_340' title='bbox 285 3638 357 3686; x_wconf 86' lang='lat' dir='ltr'><strong>grano</strong></span> <span class='ocrx_word' id='word_1_341' title='bbox 368 3624 426 3674; x_wconf 88' lang='lat' dir='ltr'><strong>latet</strong></span> <span class='ocrx_word' id='word_1_342' title='bbox 435 3625 513 3688; x_wconf 90' lang='lat' dir='ltr'><strong>arbor,</strong></span> <span class='ocrx_word' id='word_1_343' title='bbox 521 3633 546 3676; x_wconf 91' lang='lat' dir='ltr'><strong>et</strong></span> <span class='ocrx_word' id='word_1_344' title='bbox 557 3626 603 3675; x_wconf 88' lang='lat' dir='ltr'><strong>hoc</strong></span> <span class='ocrx_word' id='word_1_345' title='bbox 614 3627 660 3676; x_wconf 88' lang='lat' dir='ltr'><strong>niai</strong></span> <span class='ocrx_word' id='word_1_346' title='bbox 670 3633 732 3677; x_wconf 86' lang='lat' dir='ltr'><strong>terra</strong></span> <span class='ocrx_word' id='word_1_347' title='bbox 739 3627 859 3692; x_wconf 87' lang='lat' dir='ltr'><strong>sepultum</strong></span> <span class='ocrx_word' id='word_1_348' title='bbox 886 3625 927 3675; x_wconf 87' lang='lat' dir='ltr'><strong>Sic</strong></span> <span class='ocrx_word' id='word_1_349' title='bbox 944 3625 1028 3675; x_wconf 87' lang='lat' dir='ltr'><strong>eadem</strong></span> <span class='ocrx_word' id='word_1_350' title='bbox 1046 3641 1102 3675; x_wconf 88' lang='lat' dir='ltr'><strong>earo</strong></span> <span class='ocrx_word' id='word_1_351' title='bbox 1119 3626 1218 3689; x_wconf 77' lang='lat' dir='ltr'><strong>fulgenti</strong></span> <span class='ocrx_word' id='word_1_352' title='bbox 1236 3628 1267 3678; x_wconf 89' lang='lat' dir='ltr'><strong>de</strong></span> <span class='ocrx_word' id='word_1_353' title='bbox 1287 3632 1369 3694; x_wconf 88' lang='lat' dir='ltr'><strong>gloria</strong></span> <span class='ocrx_word' id='word_1_354' title='bbox 1387 3645 1473 3684; x_wconf 70' lang='lat' dir='ltr'><strong>summ</strong></span> <span class='ocrx_word' id='word_1_355' title='bbox 1491 3624 1518 3680; x_wconf 64' lang='lat' dir='ltr'><strong>bl</strong></span> 
     </span>
     <span class='ocr_line' id='line_1_36' title="bbox 248 3708 1487 3775; baseline 0.012 -18"><span class='ocrx_word' id='word_1_356' title='bbox 248 3709 379 3773; x_wconf 82' lang='lat' dir='ltr'><strong>Putrescat,</strong></span> <span class='ocrx_word' id='word_1_357' title='bbox 397 3723 446 3757; x_wconf 92' lang='grc' dir='ltr'><strong>ηοη</strong></span> <span class='ocrx_word' id='word_1_358' title='bbox 465 3708 505 3757; x_wconf 92' lang='lat' dir='ltr'><strong>dat</strong></span> <span class='ocrx_word' id='word_1_359' title='bbox 521 3709 647 3760; x_wconf 90' lang='lat' dir='ltr'><strong>decoratos</strong></span> <span class='ocrx_word' id='word_1_360' title='bbox 662 3712 859 3763; x_wconf 88' lang='lat' dir='ltr'><strong>arborelructus.</strong></span> <span class='ocrx_word' id='word_1_361' title='bbox 887 3709 1004 3759; x_wconf 86' lang='lat' dir='ltr'><strong>Gaudebit</strong></span> <span class='ocrx_word' id='word_1_362' title='bbox 1021 3724 1117 3775; x_wconf 82' lang='lat' dir='ltr'><strong>semper</strong></span> <span class='ocrx_word' id='word_1_363' title='bbox 1133 3711 1239 3774; x_wconf 86' lang='lat' dir='ltr'><strong>gaudena</strong></span> <span class='ocrx_word' id='word_1_364' title='bbox 1264 3721 1290 3764; x_wconf 88' lang='lat' dir='ltr'><strong>et</strong></span> <span class='ocrx_word' id='word_1_365' title='bbox 1308 3725 1393 3769; x_wconf 89' lang='lat' dir='ltr'><strong>morte</strong></span> <span class='ocrx_word' id='word_1_366' title='bbox 1410 3716 1487 3769; x_wconf 75' lang='lat' dir='ltr'><strong>well·</strong></span> 
     </span>
     <span class='ocr_line' id='line_1_37' title="bbox 247 3791 1488 3865; baseline 0.011 -24"><span class='ocrx_word' id='word_1_367' title='bbox 247 3792 296 3842; x_wconf 86' lang='lat' dir='ltr'><strong>lam</strong></span> <span class='ocrx_word' id='word_1_368' title='bbox 321 3791 427 3856; x_wconf 81' lang='lat' dir='ltr'><strong>liquidae</strong></span> <span class='ocrx_word' id='word_1_369' title='bbox 450 3794 596 3855; x_wconf 71' lang='lat' dir='ltr'><strong>stringentur</strong></span> <span class='ocrx_word' id='word_1_370' title='bbox 622 3810 715 3860; x_wconf 79' lang='lat' dir='ltr'><strong>aquac3</strong></span> <span class='ocrx_word' id='word_1_371' title='bbox 742 3799 859 3849; x_wconf 84' lang='lat' dir='ltr'><strong>stridente</strong></span> <span class='ocrx_word' id='word_1_372' title='bbox 886 3795 1007 3845; x_wconf 84' lang='lat' dir='ltr'><strong>lleriotnm</strong></span> <span class='ocrx_word' id='word_1_373' title='bbox 1020 3796 1125 3850; x_wconf 81' lang='lat' dir='ltr'><strong>clamans</strong></span> <span class='ocrx_word' id='word_1_374' title='bbox 1137 3797 1259 3846; x_wconf 82' lang='lat' dir='ltr'><strong>crudelem</strong></span> <span class='ocrx_word' id='word_1_375' title='bbox 1272 3804 1390 3865; x_wconf 86' lang='lat' dir='ltr'><strong>corporis</strong></span> <span class='ocrx_word' id='word_1_376' title='bbox 1405 3804 1488 3858; x_wconf 68' lang='lat' dir='ltr'><strong>uam</strong></span> 
     </span>
     <span class='ocr_line' id='line_1_38' title="bbox 552 3879 1442 3950; baseline 0.015 -23"><span class='ocrx_word' id='word_1_377' title='bbox 552 3879 629 3939; x_wconf 87' lang='lat' dir='ltr'><strong>rigore</strong></span> <span class='ocrx_word' id='word_1_378' title='bbox 886 3879 999 3930; x_wconf 88' lang='lat' dir='ltr'><strong>Glutitam</strong></span> <span class='ocrx_word' id='word_1_379' title='bbox 1016 3888 1117 3931; x_wconf 89' lang='lat' dir='ltr'><strong>mortem</strong></span> <span class='ocrx_word' id='word_1_380' title='bbox 1135 3881 1204 3931; x_wconf 85' lang='lat' dir='ltr'><strong>tortis</strong></span> <span class='ocrx_word' id='word_1_381' title='bbox 1220 3883 1323 3935; x_wconf 81' lang='lat' dir='ltr'><strong>victoria</strong></span> <span class='ocrx_word' id='word_1_382' title='bbox 1343 3888 1442 3950; x_wconf 83' lang='lat' dir='ltr'><strong>Christi,</strong></span> 
     </span>
    </p>
   </div>
   <div class='ocr_carea' id='block_1_3' title="bbox 249 3961 1490 4096">
    <p class='ocr_par' dir='ltr' id='par_1_3' title="bbox 249 3961 1490 4096">
     <span class='ocr_line' id='line_1_39' title="bbox 249 3961 1490 4032; baseline 0.008 -21"><span class='ocrx_word' id='word_1_383' title='bbox 249 3962 309 4011; x_wconf 84' lang='lat' dir='ltr'><strong>Sura</strong></span> <span class='ocrx_word' id='word_1_384' title='bbox 327 3961 393 4024; x_wconf 89' lang='lat' dir='ltr'><strong>ilent,</strong></span> <span class='ocrx_word' id='word_1_385' title='bbox 412 3966 436 4009; x_wconf 92' lang='lat' dir='ltr'><strong>et</strong></span> <span class='ocrx_word' id='word_1_386' title='bbox 453 3974 550 4023; x_wconf 85' lang='lat' dir='ltr'><strong>semper</strong></span> <span class='ocrx_word' id='word_1_387' title='bbox 565 3970 645 4026; x_wconf 90' lang='lat' dir='ltr'><strong>erunt,</strong></span> <span class='ocrx_word' id='word_1_388' title='bbox 661 3964 708 4015; x_wconf 90' lang='lat' dir='ltr'><strong>nisi</strong></span> <span class='ocrx_word' id='word_1_389' title='bbox 720 3980 805 4030; x_wconf 86' lang='lat' dir='ltr'><strong>magna</strong></span> <span class='ocrx_word' id='word_1_390' title='bbox 816 3982 858 4032; x_wconf 89' lang='lat' dir='ltr'><strong>po·</strong></span> <span class='ocrx_word' id='word_1_391' title='bbox 886 3965 996 4027; x_wconf 85' lang='lat' dir='ltr'><strong>lugentes</strong></span> <span class='ocrx_word' id='word_1_392' title='bbox 1014 3966 1060 4015; x_wconf 90' lang='lat' dir='ltr'><strong>deo</strong></span> <span class='ocrx_word' id='word_1_393' title='bbox 1079 3982 1170 4016; x_wconf 86' lang='lat' dir='ltr'><strong>summa</strong></span> <span class='ocrx_word' id='word_1_394' title='bbox 1181 3966 1263 4017; x_wconf 86' lang='lat' dir='ltr'><strong>lerens</strong></span> <span class='ocrx_word' id='word_1_395' title='bbox 1276 3971 1309 4021; x_wconf 88' lang='lat' dir='ltr'><strong>ad</strong></span> <span class='ocrx_word' id='word_1_396' title='bbox 1317 3973 1405 4024; x_wconf 85' lang='lat' dir='ltr'><strong>sidera</strong></span> <span class='ocrx_word' id='word_1_397' title='bbox 1415 3971 1490 4025; x_wconf 77' lang='lat' dir='ltr'><strong>landet</strong></span> 
     </span>
     <span class='ocr_line' id='line_1_40' title="bbox 556 4051 631 4096; baseline 0.04 -3"><span class='ocrx_word' id='word_1_398' title='bbox 556 4051 631 4096; x_wconf 77' lang='lat' dir='ltr'><strong>letias</strong></span> 
     </span>
    </p>
   </div>
   <div class='ocr_carea' id='block_1_4' title="bbox 189 4129 857 4368">
    <p class='ocr_par' dir='ltr' id='par_1_4' title="bbox 189 4129 857 4368">
     <span class='ocr_line' id='line_1_41' title="bbox 189 4129 776 4198; baseline 0.007 -17"><span class='ocrx_word' id='word_1_399' title='bbox 189 4129 348 4181; x_wconf 68' lang='lat' dir='ltr'><strong>iddsolrerit</strong></span> <span class='ocrx_word' id='word_1_400' title='bbox 365 4129 463 4181; x_wconf 87' lang='lat' dir='ltr'><strong>inducto</strong></span> <span class='ocrx_word' id='word_1_401' title='bbox 480 4129 545 4179; x_wconf 89' lang='lat' dir='ltr'><strong>molli</strong></span> <span class='ocrx_word' id='word_1_402' title='bbox 563 4131 668 4193; x_wconf 81' lang='lat' dir='ltr'><strong>spirante</strong></span> <span class='ocrx_word' id='word_1_403' title='bbox 686 4138 776 4198; x_wconf 89' lang='lat' dir='ltr'><strong>tepore.</strong></span> 
     </span>
     <span class='ocr_line' id='line_1_42' title="bbox 249 4213 855 4291; baseline 0.013 -28"><span class='ocrx_word' id='word_1_404' title='bbox 249 4213 362 4263; x_wconf 80' lang='lat' dir='ltr'><strong>viticulae</strong></span> <span class='ocrx_word' id='word_1_405' title='bbox 369 4214 392 4262; x_wconf 91' lang='lat' dir='ltr'><strong>in</strong></span> <span class='ocrx_word' id='word_1_406' title='bbox 402 4213 483 4274; x_wconf 88' lang='lat' dir='ltr'><strong>gracili</strong></span> <span class='ocrx_word' id='word_1_407' title='bbox 495 4213 553 4291; x_wconf 63' lang='lat' dir='ltr'><strong>latgt</strong></span> <span class='ocrx_word' id='word_1_408' title='bbox 562 4216 644 4278; x_wconf 90' lang='lat' dir='ltr'><strong>ingens</strong></span> <span class='ocrx_word' id='word_1_409' title='bbox 652 4232 753 4281; x_wconf 84' lang='lat' dir='ltr'><strong>corpore</strong></span> <span class='ocrx_word' id='word_1_410' title='bbox 762 4220 855 4285; x_wconf 82' lang='lat' dir='ltr'><strong>botrus;</strong></span> 
     </span>
     <span class='ocr_line' id='line_1_43' title="bbox 248 4299 857 4368; baseline 0.011 -20"><span class='ocrx_word' id='word_1_411' title='bbox 248 4299 274 4348; x_wconf 87' lang='lat' dir='ltr'><strong>Si</strong></span> <span class='ocrx_word' id='word_1_412' title='bbox 293 4312 403 4362; x_wconf 85' lang='lat' dir='ltr'><strong>quaeras,</strong></span> <span class='ocrx_word' id='word_1_413' title='bbox 427 4311 474 4346; x_wconf 92' lang='lat' dir='ltr'><strong>non</strong></span> <span class='ocrx_word' id='word_1_414' title='bbox 494 4307 543 4349; x_wconf 83' lang='lat' dir='ltr'><strong>est:</strong></span> <span class='ocrx_word' id='word_1_415' title='bbox 573 4316 627 4350; x_wconf 85' lang='lat' dir='ltr'><strong>rum</strong></span> <span class='ocrx_word' id='word_1_416' title='bbox 644 4302 694 4352; x_wconf 87' lang='lat' dir='ltr'><strong>ruit</strong></span> <span class='ocrx_word' id='word_1_417' title='bbox 711 4303 778 4368; x_wconf 88' lang='lat' dir='ltr'><strong>dens,</strong></span> <span class='ocrx_word' id='word_1_418' title='bbox 803 4320 857 4355; x_wconf 83' lang='lat' dir='ltr'><strong>esse</strong></span> 
     </span>
    </p>
   </div>
   <div class='ocr_carea' id='block_1_5' title="bbox 248 4385 1490 4541">
    <p class='ocr_par' dir='ltr' id='par_1_5' title="bbox 248 4385 1490 4541">
     <span class='ocr_line' id='line_1_44' title="bbox 552 4385 1490 4462; baseline 0.016 -28"><span class='ocrx_word' id='word_1_419' title='bbox 552 4385 650 4436; x_wconf 83' lang='lat' dir='ltr'><strong>ridetur.</strong></span> <span class='ocrx_word' id='word_1_420' title='bbox 916 4389 966 4438; x_wconf 86' lang='lat' dir='ltr'><strong>lam</strong></span> <span class='ocrx_word' id='word_1_421' title='bbox 984 4391 1072 4453; x_wconf 85' lang='lat' dir='ltr'><strong>genuit,</strong></span> <span class='ocrx_word' id='word_1_422' title='bbox 1099 4390 1218 4453; x_wconf 86' lang='lat' dir='ltr'><strong>quondam</strong></span> <span class='ocrx_word' id='word_1_423' title='bbox 1238 4395 1332 4445; x_wconf 81' lang='lat' dir='ltr'><strong>sterilis</strong></span> <span class='ocrx_word' id='word_1_424' title='bbox 1353 4398 1490 4462; x_wconf 56' lang='lat' dir='ltr'><strong>cognomine</strong></span> 
     </span>
     <span class='ocr_line' id='line_1_45' title="bbox 248 4467 1273 4541; baseline 0.008 -23"><span class='ocrx_word' id='word_1_425' title='bbox 248 4468 378 4518; x_wconf 74' lang='lat' dir='ltr'><strong>Arboribus</strong></span> <span class='ocrx_word' id='word_1_426' title='bbox 390 4467 454 4528; x_wconf 86' lang='lat' dir='ltr'><strong>lolia,</strong></span> <span class='ocrx_word' id='word_1_427' title='bbox 472 4468 547 4530; x_wconf 85' lang='lat' dir='ltr'><strong>spinis</strong></span> <span class='ocrx_word' id='word_1_428' title='bbox 562 4484 625 4529; x_wconf 83' lang='lat' dir='ltr'><strong>rosa,</strong></span> <span class='ocrx_word' id='word_1_429' title='bbox 643 4473 749 4533; x_wconf 85' lang='lat' dir='ltr'><strong>genuina</strong></span> <span class='ocrx_word' id='word_1_430' title='bbox 767 4475 857 4538; x_wconf 80' lang='lat' dir='ltr'><strong>eampis</strong></span> <span class='ocrx_word' id='word_1_431' title='bbox 1188 4485 1273 4541; x_wconf 83' lang='lat' dir='ltr'><strong>mater,</strong></span> 
     </span>
    </p>
   </div>
   <div class='ocr_carea' id='block_1_6' title="bbox 185 4552 1491 4719">
    <p class='ocr_par' dir='ltr' id='par_1_6' title="bbox 185 4552 1491 4719">
     <span class='ocr_line' id='line_1_46' title="bbox 248 4552 1489 4625; baseline 0.012 -23"><span class='ocrx_word' id='word_1_432' title='bbox 248 4555 339 4602; x_wconf 84' lang='lat' dir='ltr'><strong>llortua</strong></span> <span class='ocrx_word' id='word_1_433' title='bbox 356 4552 478 4612; x_wconf 84' lang='lat' dir='ltr'><strong>deliciunt,</strong></span> <span class='ocrx_word' id='word_1_434' title='bbox 500 4560 523 4601; x_wconf 86' lang='lat' dir='ltr'><strong>et</strong></span> <span class='ocrx_word' id='word_1_435' title='bbox 540 4568 624 4604; x_wconf 84' lang='lat' dir='ltr'><strong>rursus</strong></span> <span class='ocrx_word' id='word_1_436' title='bbox 641 4557 689 4605; x_wconf 81' lang='lat' dir='ltr'><strong>rita</strong></span> <span class='ocrx_word' id='word_1_437' title='bbox 705 4568 839 4620; x_wconf 92' lang='lat' dir='ltr'><strong>resurgunt.</strong></span> <span class='ocrx_word' id='word_1_438' title='bbox 884 4557 981 4622; x_wconf 82' lang='lat' dir='ltr'><strong>lamque</strong></span> <span class='ocrx_word' id='word_1_439' title='bbox 995 4574 1068 4609; x_wconf 80' lang='lat' dir='ltr'><strong>nautis</strong></span> <span class='ocrx_word' id='word_1_440' title='bbox 1082 4561 1168 4623; x_wconf 87' lang='lat' dir='ltr'><strong>gaudet</strong></span> <span class='ocrx_word' id='word_1_441' title='bbox 1179 4563 1286 4625; x_wconf 82' lang='lat' dir='ltr'><strong>populus</strong></span> <span class='ocrx_word' id='word_1_442' title='bbox 1298 4565 1489 4619; x_wconf 74' lang='lat' dir='ltr'><strong>deliberamus</strong></span> 
     </span>
     <span class='ocr_line' id='line_1_47' title="bbox 185 4636 1491 4719; baseline 0.011 -32"><span class='ocrx_word' id='word_1_443' title='bbox 185 4638 312 4688; x_wconf 74' lang='lat' dir='ltr'><strong>235llaec</strong></span> <span class='ocrx_word' id='word_1_444' title='bbox 331 4637 421 4686; x_wconf 89' lang='lat' dir='ltr'><strong>bomini</strong></span> <span class='ocrx_word' id='word_1_445' title='bbox 439 4636 499 4685; x_wconf 82' lang='lat' dir='ltr'><strong>deua</strong></span> <span class='ocrx_word' id='word_1_446' title='bbox 517 4646 571 4687; x_wconf 88' lang='lat' dir='ltr'><strong>ante</strong></span> <span class='ocrx_word' id='word_1_447' title='bbox 590 4641 674 4689; x_wconf 87' lang='lat' dir='ltr'><strong>oculos</strong></span> <span class='ocrx_word' id='word_1_448' title='bbox 693 4651 801 4693; x_wconf 84' lang='lat' dir='ltr'><strong>reuocata</strong></span> <span class='ocrx_word' id='word_1_449' title='bbox 819 4659 856 4694; x_wconf 91' lang='lat' dir='ltr'><strong>re·</strong></span> <span class='ocrx_word' id='word_1_450' title='bbox 883 4643 985 4708; x_wconf 83' lang='lat' dir='ltr'><strong>Expulsu</strong></span> <span class='ocrx_word' id='word_1_451' title='bbox 1002 4645 1090 4694; x_wconf 85' lang='lat' dir='ltr'><strong>famula</strong></span> <span class='ocrx_word' id='word_1_452' title='bbox 1108 4648 1192 4695; x_wconf 86' lang='lat' dir='ltr'><strong>merito</strong></span> <span class='ocrx_word' id='word_1_453' title='bbox 1216 4664 1273 4698; x_wconf 86' lang='lat' dir='ltr'><strong>cum</strong></span> <span class='ocrx_word' id='word_1_454' title='bbox 1292 4654 1365 4714; x_wconf 87' lang='lat' dir='ltr'><strong>prole</strong></span> <span class='ocrx_word' id='word_1_455' title='bbox 1384 4654 1491 4719; x_wconf 65' lang='lat' dir='ltr'><strong>superbe,</strong></span> 
     </span>
    </p>
   </div>
   <div class='ocr_carea' id='block_1_7' title="bbox 552 4723 1491 4804">
    <p class='ocr_par' dir='ltr' id='par_1_7' title="bbox 552 4723 1491 4804">
     <span class='ocr_line' id='line_1_48' title="bbox 552 4723 1491 4804; baseline 0.02 -33"><span class='ocrx_word' id='word_1_456' title='bbox 552 4723 645 4786; x_wconf 86' lang='lat' dir='ltr'><strong>iormnt,</strong></span> <span class='ocrx_word' id='word_1_457' title='bbox 883 4729 984 4778; x_wconf 80' lang='lat' dir='ltr'><strong>Viventis</strong></span> <span class='ocrx_word' id='word_1_458' title='bbox 996 4745 1092 4794; x_wconf 89' lang='lat' dir='ltr'><strong>quoque</strong></span> <span class='ocrx_word' id='word_1_459' title='bbox 1105 4732 1262 4796; x_wconf 85' lang='lat' dir='ltr'><strong>luntisuquas</strong></span> <span class='ocrx_word' id='word_1_460' title='bbox 1272 4737 1368 4800; x_wconf 82' lang='lat' dir='ltr'><strong>ingrata</strong></span> <span class='ocrx_word' id='word_1_461' title='bbox 1382 4738 1491 4804; x_wconf 79' lang='lat' dir='ltr'><strong>relinquit</strong></span> 
     </span>
    </p>
   </div>
   <div class='ocr_carea' id='block_1_8' title="bbox 1084 4127 1290 4142">
    <p class='ocr_par' dir='ltr' id='par_1_8' title="bbox 1084 4127 1290 4142">
     <span class='ocr_line' id='line_1_49' title="bbox 1084 4127 1290 4142; baseline 0.015 -3"><span class='ocrx_word' id='word_1_462' title='bbox 1084 4127 1290 4142; x_wconf 48' lang='lat' dir='ltr'><strong>m</strong></span> 
     </span>
    </p>
   </div>
   <div class='ocr_carea' id='block_1_9' title="bbox 1037 4271 1350 4327">
    <p class='ocr_par' dir='ltr' id='par_1_9' title="bbox 1037 4271 1350 4327">
     <span class='ocr_line' id='line_1_50' title="bbox 1037 4271 1350 4327; baseline 0.026 -7"><span class='ocrx_word' id='word_1_463' title='bbox 1037 4271 1145 4320; x_wconf 74' lang='lat' dir='ltr'><strong>ititsstt</strong></span> <span class='ocrx_word' id='word_1_464' title='bbox 1172 4271 1350 4327; x_wconf 76' lang='lat' dir='ltr'><strong>tEuTttJS.</strong></span> 
     </span>
    </p>
   </div>
   <div class='ocr_carea' id='block_1_10' title="bbox 246 4892 1318 4967">
    <p class='ocr_par' dir='ltr' id='par_1_10' title="bbox 246 4892 1318 4967">
     <span class='ocr_line' id='line_1_51' title="bbox 246 4892 1318 4967; baseline 0.014 -25"><span class='ocrx_word' id='word_1_465' title='bbox 246 4910 267 4943; x_wconf 83' lang='lat' dir='ltr'><strong>e.</strong></span> <span class='ocrx_word' id='word_1_466' title='bbox 280 4892 338 4942; x_wconf 74' lang='lat' dir='ltr'><strong>lle.</strong></span> <span class='ocrx_word' id='word_1_467' title='bbox 361 4893 428 4956; x_wconf 73' lang='lat' dir='ltr'><strong>l&#39;slgc</strong></span> <span class='ocrx_word' id='word_1_468' title='bbox 447 4894 561 4942; x_wconf 78' lang='lat' dir='ltr'><strong>revocarit</strong></span> <span class='ocrx_word' id='word_1_469' title='bbox 580 4901 610 4943; x_wconf 91' lang='lat' dir='ltr'><strong>et.</strong></span> <span class='ocrx_word' id='word_1_470' title='bbox 662 4911 682 4944; x_wconf 88' lang='grc' dir='ltr'><strong>ο.</strong></span> <span class='ocrx_word' id='word_1_471' title='bbox 697 4895 753 4946; x_wconf 80' lang='grc'><strong>245.</strong></span> <span class='ocrx_word' id='word_1_472' title='bbox 776 4899 845 4962; x_wconf 80' lang='lat' dir='ltr'><strong>Vulgo</strong></span> <span class='ocrx_word' id='word_1_473' title='bbox 864 4899 941 4949; x_wconf 84' lang='lat' dir='ltr'><strong>rerba.</strong></span> <span class='ocrx_word' id='word_1_474' title='bbox 995 4919 1016 4951; x_wconf 86' lang='lat' dir='ltr'><strong>v.</strong></span> <span class='ocrx_word' id='word_1_475' title='bbox 1029 4902 1085 4952; x_wconf 79' lang='grc'><strong>268.</strong></span> <span class='ocrx_word' id='word_1_476' title='bbox 1108 4904 1176 4967; x_wconf 75' lang='lat' dir='ltr'><strong>l&#39;clgc</strong></span> <span class='ocrx_word' id='word_1_477' title='bbox 1195 4903 1318 4958; x_wconf 85' lang='lat' dir='ltr'><strong>Christus.</strong></span> 
     </span>
    </p>
   </div>
   <div class='ocr_carea' id='block_1_11' title="bbox 0 0 1662 5775">
    <p class='ocr_par' dir='ltr' id='par_1_11' title="bbox 0 0 1662 5775">
     <span class='ocr_line' id='line_1_52' title="bbox 0 0 1662 5775; baseline 0 0"><span class='ocrx_word' id='word_1_478' title='bbox 0 0 1662 5775; x_wconf 95' lang='lat' dir='ltr'><strong> </strong></span> 
     </span>
    </p>
   </div>
  </div>
 </body>
</html>
