3242 5775
687 472 727 516 on
749 471 851 518 mm.
1298 465 1360 529 591

182 621 368 695 mutabilem,
391 620 580 696 rationalem,
604 621 845 697 dominatricem,
867 622 1098 699 divinatriceml,
1122 647 1156 690 ex
1172 646 1230 690 una
1245 629 1358 691 redun-

183 724 310 786 dantem.
347 722 486 803 Sequitur
509 741 588 784 nunc
608 732 642 783 ut
663 724 815 803 quomodo
837 743 873 786 ex
889 743 947 787 uua
960 726 1108 790 redundet
1122 729 1357 806 consideremus,

182 824 209 885 id
231 835 278 887 est
299 824 379 886 unde
401 832 430 884 et
452 825 569 902 quando
592 833 621 885 et
643 844 700 903 qua
721 826 837 887 ratione
860 834 1005 888 sumatur.
1428 894 1429 900 ,

266 926 412 998 ¹Quidam
441 925 478 986 de
506 925 595 986 caelis
623 926 782 987 devenisse
810 945 844 987 se
873 928 1014 999 credunt,
1051 938 1132 993 tanta
1161 933 1358 1012 persuasione
1369 936 1423 995 ctu·
1434 938 1510 986 fflll

182 1038 289 1108 quanta
312 1025 359 1087 'et
375 1027 444 1088 illuc
459 1027 621 1088 indubitate
636 1012 830 1106 regressuros
850 1018 1071 1108 repromittunt,
1094 1040 1127 1093 ut
1141 1031 1358 1098 'Saturninus‘

181 1127 333 1192 llenandri
357 1127 520 1189 Simoniani
543 1125 707 1208 discipulus
730 1129 861 1202 induxit,
891 1130 1041 1192 hominem
1070 1133 1220 1197 allirmaus
1242 1138 1279 1199 ah
1301 1157 1357 1201 au·

181 1230 254 1309 pelis
283 1231 393 1291 lactum
421 1230 577 1309 primoque
606 1249 681 1310 opus
709 1230 808 1292 ‘lutile
838 1232 887 1292 ³et
913 1231 1070 1295 invalidum
1102 1242 1133 1295 et
1160 1234 1298 1301 instabile
1326 1240 1357 1303 in

180 1340 259 1392 terra
281 1330 392 1392 vermis
415 1330 509 1392 instar
530 1332 704 1411 palpitasse,
728 1334 807 1410 quod
829 1333 1011 1394 consistendi
1027 1335 1105 1396 vires
1121 1337 1278 1415 deessent,
1301 1342 1357 1404 ‹le-

180 1428 248 1493 hiuc
282 1451 318 1492 ex
346 1432 551 1494 misericordia
579 1452 712 1494 summae
748 1434 922 1512 potestatis,
958 1436 993 1496 ad
1028 1436 1112 1497 cuius
1143 1439 1269 1519 effigiem
1301 1460 1358 1507 nec

179 1541 278 1595 tamen
300 1532 389 1611 plene
410 1541 596 1614 perspectam
619 1544 732 1596 temere
755 1544 886 1597 structus
909 1536 1031 1609 luisset,
1053 1537 1258 1602 lscintillulam
1279 1543 1357 1607 vilae

106 1705 107 1710 ,
178 1642 391 1707 consecutum,
414 1653 489 1713 quae
509 1634 599 1697 'illud
622 1636 809 1698 exsuscitarit
831 1648 859 1698 et
881 1637 1010 1698 erexerit
1031 1648 1061 1699 et
1082 1642 1266 1704 constantius
1288 1644 1356 1706 aul·

173 1738 266 1798 marit
296 1742 326 1796 et
352 1745 424 1815 post
450 1737 606 1798 decessum
635 1738 712 1798 ritae
742 1739 778 1798 ad
807 1740 959 1800 matricem
989 1739 1118 1801 relatura
1146 1741 1194 1803 sit
1239 1743 1298 1806 Sed
1327 1754 1357 1807 et
1456 1809 1459 1814 ,

172 1836 395 1917 Carpocratesl
417 1838 588 1898 tantundem
618 1839 676 1899 sibi
699 1840 734 1900 de
758 1840 965 1918 superioribus
988 1840 1131 1915 vindicat,
1163 1850 1198 1904 ut
1218 1844 1357 1926 discipuli

166 1942 262 2001 eius‘
284 1937 399 1999 animas
422 1957 491 2000 suas
513 1939 571 2000 iam
594 1949 625 2000 et
647 1940 784 2013 Christo,
806 1941 916 2001 nedum
940 1940 1100 2020 apostolis,
1124 1951 1154 2004 el
1175 1955 1357 2025 peraequent

166 2050 205 2103 et
228 2057 299 2103 cum
321 2038 423 2100 volunt
444 2041 628 2118 praeierant,
651 2060 723 2119 quas
745 2041 889 2119 ⁸proinde
912 2041 949 2103 de
971 2042 1091 2104 sublimi
1113 2044 1221 2106 virtute
1244 2065 1353 2110 conce-

161 2143 295 2221 perint,
317 2140 500 2219 despectrice
522 2142 623 2203 mundi
645 2143 812 2221 potentium
834 2142 1063 2222 principatuum.
1108 2145 1244 2225 Apelles*
1269 2147 1355 2210 solli·

160 2245 283 2306 citatas
305 2244 397 2304 refert
418 2243 532 2303 animas
554 2243 681 2304 terrenis
711 2244 790 2304 escis
818 2245 855 2304 de
883 2246 1150 2323 supercaelestibus
1174 2247 1295 2310 sedibus
1318 2248 1355 2311 nh

158 2344 266 2425 igneo
289 2344 412 2422 angelo,
435 2343 491 2404 deo
514 2343 651 2405 ⁹israelis
675 2352 705 2405 ct
727 2353 849 2417 nostro,
878 2345 929 2423 qui
952 2346 1057 2408 exinde
1080 2347 1137 2409 illis
1160 2349 1353 2427 peccatricem

158 2444 439 2509 ¹⁰circumlinxeril
460 2463 587 2506 carnem.
614 2446 742 2507 Enameu
759 2446 920 2507 Valentini⁰
943 2465 1046 2509 semen
1062 2448 1192 2527 Sophiae
1216 2450 1355 2513 ¹¹inlulcit

156 2551 309 2621 animae,
342 2565 396 2626 per
423 2547 503 2625 quod
531 2546 672 2609 historias
702 2559 789 2627 atque
819 2547 975 2609 ¹²hlilesias
1002 2551 1134 2611 hennum
1168 2568 1290 2613 suorum
1319 2570 1355 2613 ex

155 2648 357 2730 imaginihus
390 2648 551 2709 visibilium
587 2659 812 2729 recognoscunt
873 2649 966 2711 Doleo
1000 2649 1077 2710 hona
1111 2651 1169 2712 fide
1200 2651 1355 2713 Platonem

158 2752 312 2813 omnium
334 2750 551 2812 haereticorum
575 2751 840 2812 condimentarium
864 2753 981 2812 lactum.
1025 2751 1107 2812 lllius
1123 2760 1170 2813 est
1185 2754 1264 2814 enim
1280 2762 1311 2814 et
1323 2754 1354 2815 in

168 2849 389 2916 ¹³Phaedoue¹
410 2852 488 2932 quod
512 2852 626 2914 animae
648 2852 716 2914 hino
739 2862 843 2915 euntes
867 2855 927 2916 sint
949 2852 1032 2927 illuc,
1056 2862 1086 2915 et
1100 2853 1169 2915 inde
1184 2853 1252 2916 huc.
1279 2856 1355 2917 ltem

248 3006 406 3072 cepxxltl.
445 3007 466 3055 1.
485 3007 563 3056 vuol:
583 3007 681 3056 llillll.
706 3007 807 3065 (luridam
826 3006 870 3055 AB.
906 3006 982 3054 VNDE
996 3005 1097 3065 llllllll,
1114 3005 1263 3056 lllllEllSVS
1283 3008 1356 3056 lilli-

158 3068 308 3128 RthCOS
328 3074 454 3134 01113111
474 3075 511 3122 uh
531 3075 638 3123 COELlS
659 3074 821 3122 pessulus.
854 3074 955 3130 Ouidana
977 3073 998 3121 C.
1056 3073 1254 3123 hetilluelh.
1298 3075 1356 3125 illue

157 3146 271 3210 reliqui.
324 3144 348 3193 3.
367 3144 511 3192 Saturninus
530 3144 588 3191 lt'o.
623 3143 742 3189 Saturnus
761 3142 784 3187 ll.
829 3139 997 3189 Saturniusb.
1049 3141 1074 3189 l.
1094 3140 1230 3200 luttileld.
1288 3142 1311 3189 5.
1331 3148 1356 3190 el

160 3213 410 3261 ¹usalidnroorn.d.
463 3209 668 3259 6.seiutullulam
688 3209 712 3256 ll.
765 3207 789 3254 i.
809 3206 867 3254 illud
887 3210 926 3255 ll.
973 3207 1038 3255 illum
1057 3209 1150 3270 reliqui.
1210 3206 1233 3254 8.
1253 3206 1354 3270 perinde

161 3280 276 3329 ⁸uhlimi
295 3283 320 3330 ,1.
372 3278 395 3327 9.
417 3278 528 3326 israhelis
545 3280 570 3327 l.
612 3276 686 3324 lsrael
706 3278 726 3324 h.
788 3274 827 3321 10,
853 3274 1061 3323 circumlineritl.
1125 3272 1277 3322 ll.iulnlsit
1300 3274 1354 3323 edu.

162 3339 276 3398 Sertei
294 3354 315 3398 el
333 3348 453 3410 leopoldi.
483 3346 565 3395 ll'eseio
585 3347 653 3392 unde.
709 3341 747 3390 12.
768 3341 929 3390 millesiasl.
983 3340 1022 3389 13.
1042 3340 1182 3388 Phaedrome
1202 3341 1226 3388 ll.

215 3486 236 3536 h.
253 3476 429 3545 divinatricem]
448 3481 489 3528 liei
506 3481 562 3528 llatu
582 3488 660 3528 natam
680 3491 739 3540 pro·
791 3474 936 3537 locupletius
968 3480 1053 3523 tractat
1076 3488 1120 3536 per
1147 3474 1253 3536 quinque
1276 3474 1354 3538 capite

163 3538 274 3601 beierat
292 3566 344 3614 cap.
357 3550 404 3599 let
421 3550 458 3597 ll.
494 3548 657 3596 immortalem
677 3559 738 3608 quo·
791 3543 952 3591 succedentia.
972 3541 1014 3600 lla
1035 3541 1131 3597 Cerdo.)

168 3623 226 3675 que
243 3621 299 3668 lacit
317 3635 368 3682 cap.
381 3616 437 3665 23.
453 3616 476 3663 1.
493 3615 612 3672 6.9.11.,
637 3621 659 3661 el
678 3614 739 3660 irrisa
826 3611 883 3671 Cap.
903 3609 983 3657 lllllll.
1014 3626 1034 3657 a.
1053 3604 1210 3673 Saturninus]
1230 3609 1266 3658 Cl.
1281 3608 1310 3657 de
1324 3625 1353 3659 eo

169 3689 330 3750 Saepissime,
349 3681 667 3748 rephensionem.
683 3681 739 3739 544
791 3678 846 3727 ldv.
866 3679 956 3726 Omnes
981 3679 1079 3727 literas.
1105 3677 1192 3739 capi.
1236 3677 1354 3727 Caelestis

172 3757 251 3808 norro
269 3755 422 3818 corporalem
443 3767 494 3814 cap.
507 3752 530 3799 5.
546 3749 568 3799 6.
587 3750 610 3798 7.
627 3750 660 3807 8.,
685 3748 739 3795 elli·
791 3756 870 3794 autern
902 3746 1002 3807 originis
1032 3747 1135 3794 animam
1165 3746 1274 3793 lecerunt
1306 3747 1353 3795 iam

177 3821 380 3884 cousumpta,
407 3821 461 3868 dein
486 3819 618 3867 substantia
643 3815 738 3878 simpli·
791 3814 939 3877 philosophi.
982 3814 1018 3862 ct.
1038 3813 1129 3861 Seneca
1155 3812 1187 3861 he
1206 3812 1254 3861 vua
1282 3812 1353 3862 Beata

179 3899 231 3939 tem
250 3890 347 3953 cap.10
367 3897 390 3936 et
411 3889 464 3948 ll.;
490 3886 519 3934 de
544 3901 588 3934 suo
607 3887 740 3948 sapientem
794 3880 908 3944 capili,
927 3887 951 3929 et
968 3881 1001 3930 ld
1021 3881 1110 3929 lleldu.
1130 3879 1217 3942 capii.
1254 3880 1354 3943 Epiclel.

183 3970 232 4022 top.
251 3959 305 4017 12,
339 3959 402 4005 varie
431 3955 600 4019 procedentem
632 3969 685 4014 cap.
712 3950 741 3998 13
793 3965 832 4010 ap.
853 3949 944 3999 lruian.
964 3947 1034 4007 l,ll.
1062 3948 1126 3997 ldde
1146 3947 1354 4011 ileum'lrismeg.

184 4035 205 4075 el
221 4042 289 4090 sqq.;
308 4026 412 4087 denique
431 4023 582 4078 rationalem,
601 4020 743 4069 dominatri-
794 4017 931 4065 l'oimnndn
952 4015 1031 4080 caph
1051 4025 1074 4064 et
1092 4031 1142 4078 cop.
1158 4014 1197 4063 12.

106 4090 108 4094 ’
185 4106 242 4152 cem,
260 4094 423 4143 divinatricem
445 4092 484 4139 lib.
504 4092 533 4139 de
552 4091 630 4138 Censu
645 4090 742 4136 Animae
828 4083 851 4132 b.
871 4080 1042 4147 Carpocrates]
1063 4083 1097 4132 ul.
1116 4083 1171 4131 hdr.
1186 4082 1275 4131 Omnes
1292 4084 1354 4132 llae-

187 4163 288 4222 prolsarit
301 4159 609 4219 ailrersusllermogenem,
629 4165 654 4204 ut
668 4157 739 4204 modo
792 4166 841 4201 res.
861 4150 946 4214 capii.
975 4150 1000 4199 ll.
1019 4152 1090 4199 eliam
1109 4150 1170 4200 inira
1190 4150 1261 4199 huius
1279 4151 1355 4215 ipsine

188 4232 313 4286 alhrmavil,
339 4228 446 4292 quamuis
465 4237 487 4273 el
505 4227 617 4288 superius
636 4223 743 4288 capili.
793 4219 848 4269 libri
868 4216 971 4282 cap.4S.

187 4297 211 4345 de
228 4298 338 4346 rationali
364 4297 442 4344 anima
462 4295 516 4354 egil.
554 4293 581 4340 Et
600 4292 658 4339 illud
678 4291 741 4350 „do-
827 4282 1356 4348 e.utdiscipulieius]ll.Epiph.llaer.2'l.

109 4368 113 4373 '
187 4365 350 4413 minatr·icem“
375 4364 403 4411 ad
424 4361 605 4422 hegemonieurn
625 4359 743 4421 quodam·
830 4355 853 4402 d.
871 4349 981 4418 Apelles]
1001 4354 1035 4402 ct.
1056 4353 1089 4401 ue
1108 4353 1184 4403 Carne
1198 4353 1254 4402 Chr.
1268 4351 1355 4415 capii.

106 4434 107 4438 ’
186 4435 254 4481 modo
273 4432 359 4480 relerri
379 4432 455 4492 possit
475 4428 663 4492 capitella..
682 4426 745 4474 sicut
796 4432 819 4470 et
837 4422 993 4470 hdr.0mnes
1008 4421 1105 4469 llaeres.
1125 4420 1209 4485 capii.
1237 4420 1356 4483 Epiphan.

183 4509 205 4549 et
227 4500 430 4560 „divinatricem
455 4499 484 4544 ad
510 4511 561 4558 rap.
581 4494 628 4550 19,
656 4495 695 4542 uhi
714 4494 743 4542 de
796 4491 894 4538 llaeres.
912 4488 954 4536 ll.

109 4559 112 4564 ’
182 4584 237 4618 uoce
257 4568 331 4616 llehili
356 4567 480 4614 iufamium
501 4577 590 4624 augure
608 4564 743 4609 iucommo·
831 4573 850 4604 e.
871 4555 998 4619 l'aleulini]
1017 4555 1052 4605 Cl.
1073 4556 1184 4619 inprimis
1202 4554 1255 4603 hdr.
1268 4552 1356 4600 Valen-

182 4637 267 4685 dorum
288 4638 363 4694 ailae3
383 4648 409 4681 er
429 4649 473 4680 rina
494 4631 666 4680 redundantem
688 4643 743 4690 par·
796 4627 836 4673 tiu.
858 4639 909 4686 cap.
923 4624 962 4671 25.

105 4706 112 4773 1
179 4704 222 4754 tim
242 4704 314 4752 etiam
334 4703 460 4751 insinuarit
478 4715 560 4763 supra,
588 4706 611 4746 et
629 4697 743 4758 deinceps
830 4693 846 4740 l.
867 4687 1005 4754 Phaedone]
1024 4690 1083 4740 Plat.
1102 4689 1190 4740 Phaed.
1208 4686 1280 4752 plo·
