<?xml version="1.0" encoding="UTF-8"?>
<!DOCTYPE html PUBLIC "-//W3C//DTD XHTML 1.0 Transitional//EN"
    "http://www.w3.org/TR/xhtml1/DTD/xhtml1-transitional.dtd">
<html xmlns="http://www.w3.org/1999/xhtml" xml:lang="en" lang="en">
 <head>
  <title>
</title>
<meta http-equiv="Content-Type" content="text/html;charset=utf-8" />
  <meta name='ocr-system' content='tesseract 3.04.00' />
  <meta name='ocr-capabilities' content='ocr_page ocr_carea ocr_par ocr_line ocrx_word'/>
</head>
<body>
  <div class='ocr_page' id='page_1' title='image "./quaesupersuntom00oehlgoog_0405.png"; bbox 0 0 3242 5775; ppageno 0'>
   <div class='ocr_carea' id='block_1_1' title="bbox 296 601 1238 688">
    <p class='ocr_par' dir='ltr' id='par_1_1' title="bbox 296 601 1238 688">
     <span class='ocr_line' id='line_1_1' title="bbox 296 601 1238 688; baseline -0.018 -7"><span class='ocrx_word' id='word_1_1' title='bbox 296 618 363 688; x_wconf 70' lang='grc'><strong>458</strong></span> <span class='ocrx_word' id='word_1_2' title='bbox 486 601 496 622; x_wconf 89' lang='grc'><em>’</em></span> <span class='ocrx_word' id='word_1_3' title='bbox 570 626 673 679; x_wconf 84' lang='lat' dir='ltr'><strong>onmrr</strong></span> <span class='ocrx_word' id='word_1_4' title='bbox 695 620 829 668; x_wconf 75' lang='lat' dir='ltr'><strong>suman</strong></span> <span class='ocrx_word' id='word_1_5' title='bbox 849 619 1017 666; x_wconf 71' lang='lat' dir='ltr'><strong>sponsurus</strong></span> <span class='ocrx_word' id='word_1_6' title='bbox 1038 618 1238 664; x_wconf 78' lang='lat' dir='ltr'><strong>usurummm</strong></span> 
     </span>
    </p>
   </div>
   <div class='ocr_carea' id='block_1_2' title="bbox 163 757 1481 3577">
    <p class='ocr_par' dir='ltr' id='par_1_2' title="bbox 284 757 1479 859">
     <span class='ocr_line' id='line_1_2' title="bbox 284 757 1479 859; baseline -0.014 -12"><span class='ocrx_word' id='word_1_7' title='bbox 284 757 340 847; x_wconf 80' lang='lat' dir='ltr'><strong>&#39;su</strong></span> <span class='ocrx_word' id='word_1_8' title='bbox 361 799 429 845; x_wconf 68' lang='lat' dir='ltr'><strong>eum</strong></span> <span class='ocrx_word' id='word_1_9' title='bbox 450 779 514 859; x_wconf 70' lang='lat' dir='ltr'><strong>pse</strong></span> <span class='ocrx_word' id='word_1_10' title='bbox 536 778 577 840; x_wconf 77' lang='lat' dir='ltr'><strong>n</strong></span> <span class='ocrx_word' id='word_1_11' title='bbox 597 776 635 838; x_wconf 72' lang='lat' dir='ltr'><strong>aa</strong></span> <span class='ocrx_word' id='word_1_12' title='bbox 657 773 765 855; x_wconf 71' lang='lat' dir='ltr'><strong>spirtu</strong></span> <span class='ocrx_word' id='word_1_13' title='bbox 787 773 835 834; x_wconf 70' lang='lat' dir='ltr'><strong>en</strong></span> <span class='ocrx_word' id='word_1_14' title='bbox 858 770 1031 851; x_wconf 76' lang='lat' dir='ltr'><strong>suspiritus</strong></span> <span class='ocrx_word' id='word_1_15' title='bbox 1052 768 1127 832; x_wconf 72' lang='lat' dir='ltr'><strong>eus</strong></span> <span class='ocrx_word' id='word_1_16' title='bbox 1148 776 1211 840; x_wconf 67' lang='lat' dir='ltr'><strong>ut,</strong></span> <span class='ocrx_word' id='word_1_17' title='bbox 1232 766 1299 829; x_wconf 64' lang='lat' dir='ltr'><strong>sex</strong></span> <span class='ocrx_word' id='word_1_18' title='bbox 1313 766 1373 829; x_wconf 68' lang='lat' dir='ltr'><strong>seo</strong></span> <span class='ocrx_word' id='word_1_19' title='bbox 1388 777 1479 852; x_wconf 67' lang='lat' dir='ltr'><strong>nam</strong></span> 
     </span>
    </p>

    <p class='ocr_par' dir='ltr' id='par_1_3' title="bbox 163 873 1481 3577">
     <span class='ocr_line' id='line_1_3' title="bbox 296 873 1289 965; baseline -0.015 -19"><span class='ocrx_word' id='word_1_20' title='bbox 296 886 363 965; x_wconf 86' lang='lat' dir='ltr'><strong>ipae</strong></span> <span class='ocrx_word' id='word_1_21' title='bbox 384 889 431 944; x_wconf 85' lang='lat' dir='ltr'><strong>est</strong></span> <span class='ocrx_word' id='word_1_22' title='bbox 452 887 540 941; x_wconf 83' lang='lat' dir='ltr'><strong>etex</strong></span> <span class='ocrx_word' id='word_1_23' title='bbox 561 896 649 946; x_wconf 87' lang='lat' dir='ltr'><strong>earne</strong></span> <span class='ocrx_word' id='word_1_24' title='bbox 670 875 819 947; x_wconf 79' lang='lat' dir='ltr'><strong>bauaima,</strong></span> <span class='ocrx_word' id='word_1_25' title='bbox 842 873 933 934; x_wconf 94' lang='lat' dir='ltr'><strong>bomo</strong></span> <span class='ocrx_word' id='word_1_26' title='bbox 956 873 986 934; x_wconf 90' lang='lat' dir='ltr'><strong>in</strong></span> <span class='ocrx_word' id='word_1_27' title='bbox 1010 888 1098 954; x_wconf 74' lang='lat' dir='ltr'><strong>enne</strong></span> <span class='ocrx_word' id='word_1_28' title='bbox 1114 877 1289 948; x_wconf 88' lang='lat' dir='ltr'><strong>generatus.</strong></span> 
     </span>
     <span class='ocr_line' id='line_1_4' title="bbox 163 969 1477 1066; baseline -0.009 -22"><span class='ocrx_word' id='word_1_29' title='bbox 163 994 280 1066; x_wconf 65' lang='lat' dir='ltr'><strong>c&#39;.„.m</strong></span> <span class='ocrx_word' id='word_1_30' title='bbox 383 981 463 1057; x_wconf 83' lang='lat' dir='ltr'><strong>Quid</strong></span> <span class='ocrx_word' id='word_1_31' title='bbox 485 988 532 1042; x_wconf 89' lang='lat' dir='ltr'><strong>est</strong></span> <span class='ocrx_word' id='word_1_32' title='bbox 554 996 642 1058; x_wconf 86' lang='lat' dir='ltr'><strong>ergo,</strong></span> <span class='ocrx_word' id='word_1_33' title='bbox 671 976 739 1038; x_wconf 87' lang='lat' dir='ltr'><strong>Non</strong></span> <span class='ocrx_word' id='word_1_34' title='bbox 761 995 796 1038; x_wconf 84' lang='lat' dir='ltr'><strong>ex</strong></span> <span class='ocrx_word' id='word_1_35' title='bbox 819 974 964 1055; x_wconf 85' lang='lat' dir='ltr'><strong>sanguiue</strong></span> <span class='ocrx_word' id='word_1_36' title='bbox 990 990 1048 1034; x_wconf 89' lang='lat' dir='ltr'><strong>uee</strong></span> <span class='ocrx_word' id='word_1_37' title='bbox 1068 991 1105 1034; x_wconf 87' lang='lat' dir='ltr'><strong>ex</strong></span> <span class='ocrx_word' id='word_1_38' title='bbox 1125 971 1276 1034; x_wconf 83' lang='lat' dir='ltr'><strong>voluntate</strong></span> <span class='ocrx_word' id='word_1_39' title='bbox 1298 969 1399 1032; x_wconf 86' lang='lat' dir='ltr'><strong>earnis</strong></span> <span class='ocrx_word' id='word_1_40' title='bbox 1421 985 1477 1032; x_wconf 84' lang='lat' dir='ltr'><strong>neu</strong></span> 
     </span>
     <span class='ocr_line' id='line_1_5' title="bbox 169 1069 1477 1153; baseline -0.013 -5"><span class='ocrx_word' id='word_1_41' title='bbox 169 1069 334 1149; x_wconf 77' lang='lat' dir='ltr'><strong>&#39;¹⁰·¹’¹⁸·&#39;ex</strong></span> <span class='ocrx_word' id='word_1_42' title='bbox 355 1083 505 1145; x_wconf 84' lang='lat' dir='ltr'><strong>vuluntate</strong></span> <span class='ocrx_word' id='word_1_43' title='bbox 525 1080 597 1153; x_wconf 82' lang='lat' dir='ltr'><strong>viri,</strong></span> <span class='ocrx_word' id='word_1_44' title='bbox 629 1079 683 1141; x_wconf 84' lang='lat' dir='ltr'><strong>sed</strong></span> <span class='ocrx_word' id='word_1_45' title='bbox 710 1097 747 1139; x_wconf 85' lang='lat' dir='ltr'><strong>ex</strong></span> <span class='ocrx_word' id='word_1_46' title='bbox 774 1076 832 1137; x_wconf 91' lang='lat' dir='ltr'><strong>deo</strong></span> <span class='ocrx_word' id='word_1_47' title='bbox 860 1074 965 1137; x_wconf 71' lang='lat' dir='ltr'><strong>&#39;natus</strong></span> <span class='ocrx_word' id='word_1_48' title='bbox 992 1071 1062 1135; x_wconf 78' lang='lat' dir='ltr'><strong>eati</strong></span> <span class='ocrx_word' id='word_1_49' title='bbox 1106 1071 1170 1134; x_wconf 87' lang='lat' dir='ltr'><strong>Hoe</strong></span> <span class='ocrx_word' id='word_1_50' title='bbox 1196 1072 1318 1151; x_wconf 85' lang='lat' dir='ltr'><strong>quidem</strong></span> <span class='ocrx_word' id='word_1_51' title='bbox 1345 1071 1477 1151; x_wconf 89' lang='lat' dir='ltr'><strong>eapitulo</strong></span> 
     </span>
     <span class='ocr_line' id='line_1_6' title="bbox 193 1172 1479 1266; baseline -0.009 -21"><span class='ocrx_word' id='word_1_52' title='bbox 193 1227 219 1236; x_wconf 79' lang='lat'><strong>.‚</strong></span> <span class='ocrx_word' id='word_1_53' title='bbox 298 1204 354 1266; x_wconf 86' lang='lat' dir='ltr'><strong>ago</strong></span> <span class='ocrx_word' id='word_1_54' title='bbox 375 1183 475 1265; x_wconf 82' lang='lat' dir='ltr'><strong>patim</strong></span> <span class='ocrx_word' id='word_1_55' title='bbox 498 1189 565 1244; x_wconf 85' lang='lat' dir='ltr'><strong>utar</strong></span> <span class='ocrx_word' id='word_1_56' title='bbox 585 1198 654 1242; x_wconf 77' lang='lat' dir='ltr'><strong>urm</strong></span> <span class='ocrx_word' id='word_1_57' title='bbox 675 1178 892 1241; x_wconf 70' lang='lat' dir='ltr'>adulteratores</span> <span class='ocrx_word' id='word_1_58' title='bbox 914 1175 979 1237; x_wconf 83' lang='lat' dir='ltr'><strong>eius</strong></span> <span class='ocrx_word' id='word_1_59' title='bbox 1002 1174 1186 1236; x_wconf 58' lang='lat' dir='ltr'><strong>eudemon</strong></span> <span class='ocrx_word' id='word_1_60' title='bbox 1220 1174 1272 1235; x_wconf 88' lang='lat' dir='ltr'><strong>Sic</strong></span> <span class='ocrx_word' id='word_1_61' title='bbox 1293 1172 1375 1234; x_wconf 91' lang='lat' dir='ltr'><strong>euim</strong></span> <span class='ocrx_word' id='word_1_62' title='bbox 1399 1172 1479 1234; x_wconf 89' lang='lat' dir='ltr'><strong>seri·</strong></span> 
     </span>
     <span class='ocr_line' id='line_1_7' title="bbox 298 1273 1478 1368; baseline -0.01 -21"><span class='ocrx_word' id='word_1_63' title='bbox 298 1295 382 1368; x_wconf 63' lang='lat' dir='ltr'><strong>mum</strong></span> <span class='ocrx_word' id='word_1_64' title='bbox 405 1301 474 1347; x_wconf 88' lang='lat' dir='ltr'><strong>esse</strong></span> <span class='ocrx_word' id='word_1_65' title='bbox 494 1282 693 1354; x_wconf 80' lang='lat' dir='ltr'><strong>eonteudunt:</strong></span> <span class='ocrx_word' id='word_1_66' title='bbox 720 1279 788 1341; x_wconf 86' lang='lat' dir='ltr'><strong>Non</strong></span> <span class='ocrx_word' id='word_1_67' title='bbox 815 1296 851 1340; x_wconf 88' lang='lat' dir='ltr'><strong>ex</strong></span> <span class='ocrx_word' id='word_1_68' title='bbox 879 1276 1025 1355; x_wconf 84' lang='lat' dir='ltr'><strong>sanguine</strong></span> <span class='ocrx_word' id='word_1_69' title='bbox 1051 1294 1108 1338; x_wconf 90' lang='lat' dir='ltr'><strong>nee</strong></span> <span class='ocrx_word' id='word_1_70' title='bbox 1136 1294 1172 1337; x_wconf 83' lang='lat' dir='ltr'><strong>ex</strong></span> <span class='ocrx_word' id='word_1_71' title='bbox 1199 1273 1297 1336; x_wconf 84' lang='lat' dir='ltr'><strong>earnis</strong></span> <span class='ocrx_word' id='word_1_72' title='bbox 1314 1273 1478 1338; x_wconf 68' lang='lat' dir='ltr'><strong>uoluntate</strong></span> 
     </span>
     <span class='ocr_line' id='line_1_8' title="bbox 299 1376 1476 1457; baseline -0.011 -9"><span class='ocrx_word' id='word_1_73' title='bbox 299 1405 357 1448; x_wconf 86' lang='lat' dir='ltr'><strong>nee</strong></span> <span class='ocrx_word' id='word_1_74' title='bbox 377 1404 413 1447; x_wconf 83' lang='lat' dir='ltr'><strong>aa</strong></span> <span class='ocrx_word' id='word_1_75' title='bbox 434 1383 508 1457; x_wconf 84' lang='lat' dir='ltr'><strong>riri,</strong></span> <span class='ocrx_word' id='word_1_76' title='bbox 532 1382 586 1444; x_wconf 87' lang='lat' dir='ltr'><strong>sed</strong></span> <span class='ocrx_word' id='word_1_77' title='bbox 608 1400 645 1444; x_wconf 79' lang='lat' dir='ltr'><strong>eu</strong></span> <span class='ocrx_word' id='word_1_78' title='bbox 666 1381 723 1442; x_wconf 88' lang='lat' dir='ltr'><strong>deo</strong></span> <span class='ocrx_word' id='word_1_79' title='bbox 744 1379 824 1441; x_wconf 83' lang='lat' dir='ltr'><strong>’nati</strong></span> <span class='ocrx_word' id='word_1_80' title='bbox 841 1378 946 1452; x_wconf 67' lang='lat' dir='ltr'><strong>eunti,</strong></span> <span class='ocrx_word' id='word_1_81' title='bbox 979 1376 1064 1456; x_wconf 82' lang='lat' dir='ltr'>quasi</span> <span class='ocrx_word' id='word_1_82' title='bbox 1086 1394 1176 1455; x_wconf 86' lang='lat' dir='ltr'><strong>supra</strong></span> <span class='ocrx_word' id='word_1_83' title='bbox 1199 1376 1295 1437; x_wconf 82' lang='lat' dir='ltr'><strong>dirtos</strong></span> <span class='ocrx_word' id='word_1_84' title='bbox 1317 1376 1476 1437; x_wconf 80' lang='lat' dir='ltr'><strong>eredentes</strong></span> 
     </span>
     <span class='ocr_line' id='line_1_9' title="bbox 299 1476 1479 1561; baseline -0.01 -12"><span class='ocrx_word' id='word_1_85' title='bbox 299 1485 474 1549; x_wconf 81' lang='lat' dir='ltr'><strong>innomine</strong></span> <span class='ocrx_word' id='word_1_86' title='bbox 496 1483 561 1545; x_wconf 86' lang='lat' dir='ltr'><strong>eius</strong></span> <span class='ocrx_word' id='word_1_87' title='bbox 584 1482 734 1561; x_wconf 87' lang='lat' dir='ltr'><strong>designet,</strong></span> <span class='ocrx_word' id='word_1_88' title='bbox 763 1488 796 1542; x_wconf 87' lang='lat' dir='ltr'><strong>ut</strong></span> <span class='ocrx_word' id='word_1_89' title='bbox 818 1478 957 1541; x_wconf 81' lang='lat' dir='ltr'><strong>ostmdat</strong></span> <span class='ocrx_word' id='word_1_90' title='bbox 976 1477 1065 1540; x_wconf 83' lang='lat' dir='ltr'><strong>³eaae</strong></span> <span class='ocrx_word' id='word_1_91' title='bbox 1083 1495 1196 1543; x_wconf 73' lang='lat' dir='ltr'><strong>semen</strong></span> <span class='ocrx_word' id='word_1_92' title='bbox 1223 1476 1315 1538; x_wconf 68' lang='lat' dir='ltr'><strong>*illud</strong></span> <span class='ocrx_word' id='word_1_93' title='bbox 1336 1495 1479 1538; x_wconf 84' lang='lat' dir='ltr'><strong>areanum</strong></span> 
     </span>
     <span class='ocr_line' id='line_1_10' title="bbox 300 1578 1481 1663; baseline -0.008 -14"><span class='ocrx_word' id='word_1_94' title='bbox 300 1587 462 1649; x_wconf 77' lang='lat' dir='ltr'><strong>electorum</strong></span> <span class='ocrx_word' id='word_1_95' title='bbox 484 1592 516 1645; x_wconf 85' lang='lat' dir='ltr'><strong>et</strong></span> <span class='ocrx_word' id='word_1_96' title='bbox 535 1582 756 1663; x_wconf 59' lang='lat' dir='ltr'><strong>⁵spiritalium,</strong></span> <span class='ocrx_word' id='word_1_97' title='bbox 785 1580 867 1660; x_wconf 85' lang='lat' dir='ltr'><strong>quod</strong></span> <span class='ocrx_word' id='word_1_98' title='bbox 888 1579 946 1642; x_wconf 86' lang='lat' dir='ltr'><strong>sibi</strong></span> <span class='ocrx_word' id='word_1_99' title='bbox 968 1579 1117 1642; x_wconf 89' lang='lat' dir='ltr'><strong>imbuunt.</strong></span> <span class='ocrx_word' id='word_1_100' title='bbox 1148 1578 1308 1651; x_wconf 77' lang='lat' dir='ltr'><strong>Quomodo</strong></span> <span class='ocrx_word' id='word_1_101' title='bbox 1323 1587 1425 1640; x_wconf 82' lang='lat' dir='ltr'><strong>autem</strong></span> <span class='ocrx_word' id='word_1_102' title='bbox 1440 1578 1481 1640; x_wconf 85' lang='lat' dir='ltr'><strong>ita</strong></span> 
     </span>
     <span class='ocr_line' id='line_1_11' title="bbox 299 1676 1480 1763; baseline -0.006 -15"><span class='ocrx_word' id='word_1_103' title='bbox 299 1687 391 1760; x_wconf 51' lang='lat' dir='ltr'><strong>‘erin</strong></span> <span class='ocrx_word' id='word_1_104' title='bbox 413 1703 481 1746; x_wconf 85' lang='lat' dir='ltr'><strong>eum</strong></span> <span class='ocrx_word' id='word_1_105' title='bbox 503 1703 623 1758; x_wconf 85' lang='lat' dir='ltr'><strong>omues,</strong></span> <span class='ocrx_word' id='word_1_106' title='bbox 657 1683 708 1763; x_wconf 85' lang='lat' dir='ltr'><strong>qui</strong></span> <span class='ocrx_word' id='word_1_107' title='bbox 729 1682 855 1745; x_wconf 88' lang='lat' dir='ltr'><strong>eredunt</strong></span> <span class='ocrx_word' id='word_1_108' title='bbox 875 1681 907 1743; x_wconf 90' lang='lat' dir='ltr'><strong>iu</strong></span> <span class='ocrx_word' id='word_1_109' title='bbox 927 1680 1050 1742; x_wconf 91' lang='lat' dir='ltr'><strong>nomine</strong></span> <span class='ocrx_word' id='word_1_110' title='bbox 1072 1678 1202 1751; x_wconf 86' lang='lat' dir='ltr'><strong>domini,</strong></span> <span class='ocrx_word' id='word_1_111' title='bbox 1230 1678 1304 1757; x_wconf 87' lang='lat' dir='ltr'><strong>⁷pro</strong></span> <span class='ocrx_word' id='word_1_112' title='bbox 1323 1676 1480 1741; x_wconf 76' lang='lat' dir='ltr'><strong>communi</strong></span> 
     </span>
     <span class='ocr_line' id='line_1_12' title="bbox 216 1779 1478 1866; baseline -0.009 -14"><span class='ocrx_word' id='word_1_113' title='bbox 216 1837 223 1852; x_wconf 90' lang='lat'>.</span> <span class='ocrx_word' id='word_1_114' title='bbox 299 1788 364 1866; x_wconf 66' lang='lat' dir='ltr'><strong>lage</strong></span> <span class='ocrx_word' id='word_1_115' title='bbox 385 1785 504 1866; x_wconf 85' lang='lat' dir='ltr'><strong>generis</strong></span> <span class='ocrx_word' id='word_1_116' title='bbox 526 1784 649 1845; x_wconf 90' lang='lat' dir='ltr'><strong>bumaui</strong></span> <span class='ocrx_word' id='word_1_117' title='bbox 670 1801 706 1844; x_wconf 88' lang='lat' dir='ltr'><strong>ex</strong></span> <span class='ocrx_word' id='word_1_118' title='bbox 728 1782 872 1861; x_wconf 83' lang='lat' dir='ltr'><strong>sanguine</strong></span> <span class='ocrx_word' id='word_1_119' title='bbox 894 1790 983 1844; x_wconf 85' lang='lat' dir='ltr'><strong>etex</strong></span> <span class='ocrx_word' id='word_1_120' title='bbox 1005 1780 1120 1843; x_wconf 74' lang='lat' dir='ltr'><strong>&#39;earnis</strong></span> <span class='ocrx_word' id='word_1_121' title='bbox 1143 1788 1174 1841; x_wconf 91' lang='lat' dir='ltr'><strong>et</strong></span> <span class='ocrx_word' id='word_1_122' title='bbox 1194 1799 1231 1841; x_wconf 85' lang='lat' dir='ltr'><strong>ex</strong></span> <span class='ocrx_word' id='word_1_123' title='bbox 1253 1779 1309 1841; x_wconf 86' lang='lat' dir='ltr'><strong>viri</strong></span> <span class='ocrx_word' id='word_1_124' title='bbox 1324 1780 1478 1842; x_wconf 84' lang='lat' dir='ltr'><strong>voluntate</strong></span> 
     </span>
     <span class='ocr_line' id='line_1_13' title="bbox 207 1880 1479 1962; baseline -0.001 -18"><span class='ocrx_word' id='word_1_125' title='bbox 207 1929 214 1944; x_wconf 76' lang='grc'><em>,</em></span> <span class='ocrx_word' id='word_1_126' title='bbox 300 1895 476 1959; x_wconf 85' lang='lat' dir='ltr'><strong>nmeantur,</strong></span> <span class='ocrx_word' id='word_1_127' title='bbox 498 1885 588 1945; x_wconf 86' lang='lat' dir='ltr'><strong>etiam</strong></span> <span class='ocrx_word' id='word_1_128' title='bbox 603 1883 775 1945; x_wconf 71' lang='lat' dir='ltr'><strong>Valentinus</strong></span> <span class='ocrx_word' id='word_1_129' title='bbox 790 1880 881 1962; x_wconf 77' lang='lat' dir='ltr'><strong>ipae?</strong></span> <span class='ocrx_word' id='word_1_130' title='bbox 912 1882 993 1943; x_wconf 78' lang='lat' dir='ltr'><strong>Adeo</strong></span> <span class='ocrx_word' id='word_1_131' title='bbox 1017 1880 1220 1959; x_wconf 65' lang='lat' dir='ltr'><strong>singulariter,</strong></span> <span class='ocrx_word' id='word_1_132' title='bbox 1244 1889 1276 1942; x_wconf 91' lang='lat' dir='ltr'><strong>ut</strong></span> <span class='ocrx_word' id='word_1_133' title='bbox 1289 1881 1328 1942; x_wconf 93' lang='lat' dir='ltr'><strong>de</strong></span> <span class='ocrx_word' id='word_1_134' title='bbox 1342 1881 1479 1955; x_wconf 89' lang='lat' dir='ltr'><strong>domino,</strong></span> 
     </span>
     <span class='ocr_line' id='line_1_14' title="bbox 302 1982 1481 2066; baseline -0.004 -17"><span class='ocrx_word' id='word_1_135' title='bbox 302 1987 446 2066; x_wconf 77' lang='lat' dir='ltr'><strong>seriptum</strong></span> <span class='ocrx_word' id='word_1_136' title='bbox 469 1993 531 2046; x_wconf 90' lang='lat' dir='ltr'><strong>est:</strong></span> <span class='ocrx_word' id='word_1_137' title='bbox 561 1984 600 2045; x_wconf 88' lang='lat' dir='ltr'><strong>Et</strong></span> <span class='ocrx_word' id='word_1_138' title='bbox 621 2002 656 2045; x_wconf 83' lang='lat' dir='ltr'><strong>ex</strong></span> <span class='ocrx_word' id='word_1_139' title='bbox 679 1983 736 2043; x_wconf 92' lang='lat' dir='ltr'><strong>deo</strong></span> <span class='ocrx_word' id='word_1_140' title='bbox 759 1989 926 2044; x_wconf 81' lang='lat' dir='ltr'><strong>natusest</strong></span> <span class='ocrx_word' id='word_1_141' title='bbox 969 1982 1090 2054; x_wconf 78' lang='lat' dir='ltr'><strong>Merito,</strong></span> <span class='ocrx_word' id='word_1_142' title='bbox 1120 1982 1187 2060; x_wconf 88' lang='lat' dir='ltr'><strong>quia</strong></span> <span class='ocrx_word' id='word_1_143' title='bbox 1210 1982 1334 2043; x_wconf 84' lang='lat' dir='ltr'><strong>verbum</strong></span> <span class='ocrx_word' id='word_1_144' title='bbox 1355 1982 1421 2056; x_wconf 85' lang='lat' dir='ltr'><strong>dei,</strong></span> <span class='ocrx_word' id='word_1_145' title='bbox 1451 1990 1481 2044; x_wconf 89' lang='lat' dir='ltr'><strong>et</strong></span> 
     </span>
     <span class='ocr_line' id='line_1_15' title="bbox 301 2067 1481 2163; baseline -0.004 -13"><span class='ocrx_word' id='word_1_146' title='bbox 301 2105 369 2150; x_wconf 85' lang='lat' dir='ltr'><strong>uum</strong></span> <span class='ocrx_word' id='word_1_147' title='bbox 390 2086 481 2148; x_wconf 84' lang='lat' dir='ltr'><strong>verbo</strong></span> <span class='ocrx_word' id='word_1_148' title='bbox 505 2085 551 2147; x_wconf 91' lang='lat' dir='ltr'><strong>dei</strong></span> <span class='ocrx_word' id='word_1_149' title='bbox 573 2084 714 2163; x_wconf 83' lang='lat' dir='ltr'><strong>spiritua,</strong></span> <span class='ocrx_word' id='word_1_150' title='bbox 747 2092 777 2146; x_wconf 91' lang='lat' dir='ltr'><strong>et</strong></span> <span class='ocrx_word' id='word_1_151' title='bbox 803 2084 835 2144; x_wconf 88' lang='lat' dir='ltr'><strong>in</strong></span> <span class='ocrx_word' id='word_1_152' title='bbox 856 2067 965 2162; x_wconf 80' lang='lat' dir='ltr'><strong>spiritu</strong></span> <span class='ocrx_word' id='word_1_153' title='bbox 984 2083 1043 2154; x_wconf 81' lang='lat' dir='ltr'><strong>¹dei</strong></span> <span class='ocrx_word' id='word_1_154' title='bbox 1066 2082 1175 2153; x_wconf 81' lang='lat' dir='ltr'><strong>virtus,</strong></span> <span class='ocrx_word' id='word_1_155' title='bbox 1203 2091 1234 2144; x_wconf 90' lang='lat' dir='ltr'><strong>et</strong></span> <span class='ocrx_word' id='word_1_156' title='bbox 1261 2083 1404 2162; x_wconf 87' lang='lat' dir='ltr'><strong>quiequid</strong></span> <span class='ocrx_word' id='word_1_157' title='bbox 1431 2082 1481 2145; x_wconf 90' lang='lat' dir='ltr'><strong>dei</strong></span> 
     </span>
     <span class='ocr_line' id='line_1_16' title="bbox 302 2184 1481 2264; baseline -0.005 -12"><span class='ocrx_word' id='word_1_158' title='bbox 302 2197 349 2251; x_wconf 85' lang='lat' dir='ltr'><strong>est</strong></span> <span class='ocrx_word' id='word_1_159' title='bbox 370 2187 517 2250; x_wconf 78' lang='lat' dir='ltr'><strong>Christus.</strong></span> <span class='ocrx_word' id='word_1_160' title='bbox 561 2185 627 2258; x_wconf 85' lang='lat' dir='ltr'><strong>Qua</strong></span> <span class='ocrx_word' id='word_1_161' title='bbox 649 2203 717 2246; x_wconf 86' lang='lat' dir='ltr'><strong>earo</strong></span> <span class='ocrx_word' id='word_1_162' title='bbox 740 2192 856 2256; x_wconf 84' lang='lat' dir='ltr'><strong>autem,</strong></span> <span class='ocrx_word' id='word_1_163' title='bbox 884 2201 945 2264; x_wconf 90' lang='lat' dir='ltr'><strong>non</strong></span> <span class='ocrx_word' id='word_1_164' title='bbox 968 2201 1004 2245; x_wconf 85' lang='lat' dir='ltr'><strong>ex</strong></span> <span class='ocrx_word' id='word_1_165' title='bbox 1027 2184 1171 2262; x_wconf 87' lang='lat' dir='ltr'><strong>sanguine</strong></span> <span class='ocrx_word' id='word_1_166' title='bbox 1193 2202 1249 2246; x_wconf 90' lang='lat' dir='ltr'><strong>nee</strong></span> <span class='ocrx_word' id='word_1_167' title='bbox 1270 2202 1305 2245; x_wconf 88' lang='lat' dir='ltr'><strong>ex</strong></span> <span class='ocrx_word' id='word_1_168' title='bbox 1328 2184 1428 2246; x_wconf 87' lang='lat' dir='ltr'><strong>earnis</strong></span> <span class='ocrx_word' id='word_1_169' title='bbox 1451 2191 1481 2246; x_wconf 89' lang='lat' dir='ltr'><strong>et</strong></span> 
     </span>
     <span class='ocr_line' id='line_1_17' title="bbox 247 2274 1480 2371; baseline -0.003 -21"><span class='ocrx_word' id='word_1_170' title='bbox 247 2274 255 2288; x_wconf 47' lang='lat'>³</span> <span class='ocrx_word' id='word_1_171' title='bbox 301 2288 358 2350; x_wconf 87' lang='lat' dir='ltr'><strong>riri</strong></span> <span class='ocrx_word' id='word_1_172' title='bbox 379 2288 546 2361; x_wconf 81' lang='lat' dir='ltr'><strong>voluntate,</strong></span> <span class='ocrx_word' id='word_1_173' title='bbox 567 2284 655 2364; x_wconf 69' lang='lat' dir='ltr'><strong>”quia</strong></span> <span class='ocrx_word' id='word_1_174' title='bbox 676 2303 717 2371; x_wconf 18' lang='lat' dir='ltr'><strong>ex·</strong></span> <span class='ocrx_word' id='word_1_175' title='bbox 735 2284 783 2345; x_wconf 91' lang='lat' dir='ltr'><strong>dei</strong></span> <span class='ocrx_word' id='word_1_176' title='bbox 804 2284 956 2346; x_wconf 82' lang='lat' dir='ltr'><strong>voluntate</strong></span> <span class='ocrx_word' id='word_1_177' title='bbox 977 2283 1099 2347; x_wconf 83' lang='lat' dir='ltr'><strong>verbum</strong></span> <span class='ocrx_word' id='word_1_178' title='bbox 1123 2285 1324 2345; x_wconf 76' lang='lat' dir='ltr'><strong>rarefactum</strong></span> <span class='ocrx_word' id='word_1_179' title='bbox 1346 2293 1404 2347; x_wconf 75' lang='lat' dir='ltr'><strong>est,</strong></span> <span class='ocrx_word' id='word_1_180' title='bbox 1434 2283 1480 2346; x_wconf 73' lang='lat' dir='ltr'><strong>Ad</strong></span> 
     </span>
     <span class='ocr_line' id='line_1_18' title="bbox 301 2384 1480 2465; baseline -0.003 -14"><span class='ocrx_word' id='word_1_181' title='bbox 301 2407 421 2451; x_wconf 78' lang='lat' dir='ltr'><strong>munem</strong></span> <span class='ocrx_word' id='word_1_182' title='bbox 443 2387 549 2461; x_wconf 82' lang='lat' dir='ltr'><strong>enim,·</strong></span> <span class='ocrx_word' id='word_1_183' title='bbox 572 2405 634 2447; x_wconf 87' lang='lat' dir='ltr'><strong>nen</strong></span> <span class='ocrx_word' id='word_1_184' title='bbox 661 2386 699 2447; x_wconf 89' lang='lat' dir='ltr'><strong>ad</strong></span> <span class='ocrx_word' id='word_1_185' title='bbox 726 2384 866 2459; x_wconf 57' lang='lat' dir='ltr'><strong>verbum&#39;⁹</strong></span> <span class='ocrx_word' id='word_1_186' title='bbox 897 2385 1027 2465; x_wconf 77' lang='lat' dir='ltr'><strong>pertinet</strong></span> <span class='ocrx_word' id='word_1_187' title='bbox 1053 2388 1171 2465; x_wconf 89' lang='lat' dir='ltr'><strong>negatio</strong></span> <span class='ocrx_word' id='word_1_188' title='bbox 1194 2385 1328 2447; x_wconf 74' lang='lat' dir='ltr'><strong>formalia</strong></span> <span class='ocrx_word' id='word_1_189' title='bbox 1356 2396 1480 2458; x_wconf 73' lang='lat' dir='ltr'><strong>norbae</strong></span> 
     </span>
     <span class='ocr_line' id='line_1_19' title="bbox 300 2486 1481 2567; baseline -0.003 -15"><span class='ocrx_word' id='word_1_190' title='bbox 300 2488 492 2563; x_wconf 71' lang='lat' dir='ltr'><strong>autirimis¹,</strong></span> <span class='ocrx_word' id='word_1_191' title='bbox 516 2487 584 2567; x_wconf 90' lang='lat' dir='ltr'><strong>quia</strong></span> <span class='ocrx_word' id='word_1_192' title='bbox 605 2505 674 2548; x_wconf 87' lang='lat' dir='ltr'><strong>earo</strong></span> <span class='ocrx_word' id='word_1_193' title='bbox 697 2486 742 2548; x_wconf 90' lang='lat' dir='ltr'><strong>sie</strong></span> <span class='ocrx_word' id='word_1_194' title='bbox 762 2486 890 2549; x_wconf 88' lang='lat' dir='ltr'><strong>babebat</strong></span> <span class='ocrx_word' id='word_1_195' title='bbox 910 2486 1008 2559; x_wconf 81' lang='lat' dir='ltr'><strong>nasei,</strong></span> <span class='ocrx_word' id='word_1_196' title='bbox 1031 2506 1092 2548; x_wconf 91' lang='lat' dir='ltr'><strong>nen</strong></span> <span class='ocrx_word' id='word_1_197' title='bbox 1113 2486 1246 2548; x_wconf 86' lang='lat' dir='ltr'><strong>verbum.</strong></span> <span class='ocrx_word' id='word_1_198' title='bbox 1281 2486 1401 2565; x_wconf 87' lang='lat' dir='ltr'><strong>Negans</strong></span> <span class='ocrx_word' id='word_1_199' title='bbox 1422 2506 1481 2549; x_wconf 89' lang='lat' dir='ltr'><strong>au·</strong></span> 
     </span>
     <span class='ocr_line' id='line_1_20' title="bbox 211 2573 1481 2667; baseline 0 -17"><span class='ocrx_word' id='word_1_200' title='bbox 211 2573 214 2580; x_wconf 68' lang='grc'><strong>’</strong></span> <span class='ocrx_word' id='word_1_201' title='bbox 301 2599 362 2651; x_wconf 87' lang='lat' dir='ltr'><strong>tem</strong></span> <span class='ocrx_word' id='word_1_202' title='bbox 384 2607 421 2649; x_wconf 80' lang='lat' dir='ltr'><strong>ex</strong></span> <span class='ocrx_word' id='word_1_203' title='bbox 441 2587 540 2649; x_wconf 84' lang='lat' dir='ltr'><strong>narnis</strong></span> <span class='ocrx_word' id='word_1_204' title='bbox 562 2605 682 2667; x_wconf 86' lang='lat' dir='ltr'><strong>quoque</strong></span> <span class='ocrx_word' id='word_1_205' title='bbox 702 2588 853 2649; x_wconf 83' lang='lat' dir='ltr'><strong>voluntate</strong></span> <span class='ocrx_word' id='word_1_206' title='bbox 879 2596 982 2649; x_wconf 89' lang='lat' dir='ltr'><strong>natum</strong></span> <span class='ocrx_word' id='word_1_207' title='bbox 1009 2606 1063 2648; x_wconf 90' lang='lat' dir='ltr'><strong>eur</strong></span> <span class='ocrx_word' id='word_1_208' title='bbox 1092 2606 1153 2648; x_wconf 90' lang='lat' dir='ltr'><strong>non</strong></span> <span class='ocrx_word' id='word_1_209' title='bbox 1180 2588 1297 2666; x_wconf 84' lang='lat' dir='ltr'><strong>negavit</strong></span> <span class='ocrx_word' id='word_1_210' title='bbox 1323 2588 1413 2650; x_wconf 88' lang='lat' dir='ltr'><strong>etiam</strong></span> <span class='ocrx_word' id='word_1_211' title='bbox 1443 2607 1481 2650; x_wconf 86' lang='lat' dir='ltr'><strong>ex</strong></span> 
     </span>
     <span class='ocr_line' id='line_1_21' title="bbox 303 2686 1481 2768; baseline -0.002 -17"><span class='ocrx_word' id='word_1_212' title='bbox 303 2688 469 2751; x_wconf 80' lang='lat' dir='ltr'><strong>substantia</strong></span> <span class='ocrx_word' id='word_1_213' title='bbox 490 2686 613 2749; x_wconf 75' lang='lat' dir='ltr'><strong>earnis?</strong></span> <span class='ocrx_word' id='word_1_214' title='bbox 641 2687 744 2767; x_wconf 77' lang='lat' dir='ltr'><strong>Neque</strong></span> <span class='ocrx_word' id='word_1_215' title='bbox 766 2688 845 2751; x_wconf 87' lang='lat' dir='ltr'><strong>enim</strong></span> <span class='ocrx_word' id='word_1_216' title='bbox 867 2690 936 2768; x_wconf 88' lang='lat' dir='ltr'><strong>quia</strong></span> <span class='ocrx_word' id='word_1_217' title='bbox 958 2706 994 2750; x_wconf 85' lang='lat' dir='ltr'><strong>ex</strong></span> <span class='ocrx_word' id='word_1_218' title='bbox 1017 2689 1161 2768; x_wconf 89' lang='lat' dir='ltr'><strong>sanguine</strong></span> <span class='ocrx_word' id='word_1_219' title='bbox 1176 2688 1309 2768; x_wconf 62' lang='lat' dir='ltr'><strong>nemvit,</strong></span> <span class='ocrx_word' id='word_1_220' title='bbox 1332 2688 1481 2750; x_wconf 82' lang='lat' dir='ltr'><strong>substan·</strong></span> 
     </span>
     <span class='ocr_line' id='line_1_22' title="bbox 301 2787 1481 2869; baseline 0.001 -19"><span class='ocrx_word' id='word_1_221' title='bbox 301 2788 374 2850; x_wconf 83' lang='lat' dir='ltr'><strong>tiam</strong></span> <span class='ocrx_word' id='word_1_222' title='bbox 395 2788 494 2850; x_wconf 89' lang='lat' dir='ltr'><strong>earnis</strong></span> <span class='ocrx_word' id='word_1_223' title='bbox 516 2787 630 2863; x_wconf 88' lang='lat' dir='ltr'><strong>renuit,</strong></span> <span class='ocrx_word' id='word_1_224' title='bbox 653 2790 707 2852; x_wconf 87' lang='lat' dir='ltr'><strong>sed</strong></span> <span class='ocrx_word' id='word_1_225' title='bbox 728 2789 881 2851; x_wconf 87' lang='lat' dir='ltr'><strong>materiam</strong></span> <span class='ocrx_word' id='word_1_226' title='bbox 901 2789 1043 2862; x_wconf 83' lang='lat' dir='ltr'><strong>seminis,</strong></span> <span class='ocrx_word' id='word_1_227' title='bbox 1076 2808 1163 2869; x_wconf 87' lang='lat' dir='ltr'><strong>quam</strong></span> <span class='ocrx_word' id='word_1_228' title='bbox 1187 2799 1302 2851; x_wconf 88' lang='lat' dir='ltr'><strong>eonstat</strong></span> <span class='ocrx_word' id='word_1_229' title='bbox 1322 2788 1481 2865; x_wconf 84' lang='lat' dir='ltr'><strong>sauguinis</strong></span> 
     </span>
     <span class='ocr_line' id='line_1_23' title="bbox 302 2889 1481 2971; baseline 0.002 -19"><span class='ocrx_word' id='word_1_230' title='bbox 302 2909 372 2952; x_wconf 85' lang='lat' dir='ltr'><strong>ease</strong></span> <span class='ocrx_word' id='word_1_231' title='bbox 399 2889 546 2964; x_wconf 81' lang='lat' dir='ltr'><strong>ualerem,</strong></span> <span class='ocrx_word' id='word_1_232' title='bbox 582 2898 616 2953; x_wconf 91' lang='lat' dir='ltr'><strong>ut</strong></span> <span class='ocrx_word' id='word_1_233' title='bbox 642 2890 869 2970; x_wconf 74' lang='lat' dir='ltr'><strong>despumatione</strong></span> <span class='ocrx_word' id='word_1_234' title='bbox 896 2900 1038 2953; x_wconf 90' lang='lat' dir='ltr'><strong>mutatum</strong></span> <span class='ocrx_word' id='word_1_235' title='bbox 1065 2892 1097 2953; x_wconf 92' lang='lat' dir='ltr'><strong>in</strong></span> <span class='ocrx_word' id='word_1_236' title='bbox 1118 2891 1273 2971; x_wconf 80' lang='lat' dir='ltr'><strong>coagulum</strong></span> <span class='ocrx_word' id='word_1_237' title='bbox 1297 2891 1481 2971; x_wconf 80' lang='lat' dir='ltr'><strong>¹⁰sanguinis</strong></span> 
     </span>
     <span class='ocr_line' id='line_1_24' title="bbox 301 2990 1481 3073; baseline 0.003 -22"><span class='ocrx_word' id='word_1_238' title='bbox 301 2991 438 3053; x_wconf 80' lang='lat' dir='ltr'><strong>feminae.</strong></span> <span class='ocrx_word' id='word_1_239' title='bbox 471 2990 547 3052; x_wconf 88' lang='lat' dir='ltr'><strong>Nam</strong></span> <span class='ocrx_word' id='word_1_240' title='bbox 569 3010 605 3053; x_wconf 86' lang='lat' dir='ltr'><strong>ex</strong></span> <span class='ocrx_word' id='word_1_241' title='bbox 627 2991 754 3070; x_wconf 85' lang='lat' dir='ltr'><strong>eoagulo&#39;</strong></span> <span class='ocrx_word' id='word_1_242' title='bbox 772 2991 803 3052; x_wconf 92' lang='lat' dir='ltr'><strong>in</strong></span> <span class='ocrx_word' id='word_1_243' title='bbox 818 3008 906 3053; x_wconf 83' lang='lat' dir='ltr'><strong>oaseo</strong></span> <span class='ocrx_word' id='word_1_244' title='bbox 929 2993 949 3024; x_wconf 90' lang='lat'><strong>¹¹</strong></span> <span class='ocrx_word' id='word_1_245' title='bbox 958 2993 1002 3053; x_wconf 85' lang='lat' dir='ltr'><strong>ris</strong></span> <span class='ocrx_word' id='word_1_246' title='bbox 1026 3002 1073 3055; x_wconf 84' lang='lat' dir='ltr'><strong>eat</strong></span> <span class='ocrx_word' id='word_1_247' title='bbox 1095 2992 1279 3054; x_wconf 87' lang='lat' dir='ltr'><strong>substantiae</strong></span> <span class='ocrx_word' id='word_1_248' title='bbox 1301 3000 1391 3073; x_wconf 83' lang='lat' dir='ltr'><strong>quam</strong></span> <span class='ocrx_word' id='word_1_249' title='bbox 1412 3011 1481 3055; x_wconf 90' lang='lat' dir='ltr'><strong>me·</strong></span> 
     </span>
     <span class='ocr_line' id='line_1_25' title="bbox 301 3091 1481 3173; baseline 0.004 -20"><span class='ocrx_word' id='word_1_250' title='bbox 301 3091 426 3154; x_wconf 77' lang='lat' dir='ltr'><strong>ditando</strong></span> <span class='ocrx_word' id='word_1_251' title='bbox 448 3092 641 3171; x_wconf 81' lang='lat' dir='ltr'><strong>constringit,</strong></span> <span class='ocrx_word' id='word_1_252' title='bbox 672 3092 702 3154; x_wconf 94' lang='lat' dir='ltr'><strong>id</strong></span> <span class='ocrx_word' id='word_1_253' title='bbox 732 3101 781 3154; x_wconf 81' lang='lat' dir='ltr'><strong>est</strong></span> <span class='ocrx_word' id='word_1_254' title='bbox 805 3092 899 3154; x_wconf 90' lang='lat' dir='ltr'><strong>laetis.</strong></span> <span class='ocrx_word' id='word_1_255' title='bbox 942 3094 1150 3173; x_wconf 82' lang='lat' dir='ltr'><strong>Intellegimus</strong></span> <span class='ocrx_word' id='word_1_256' title='bbox 1167 3112 1238 3172; x_wconf 86' lang='lat' dir='ltr'><strong>ergo</strong></span> <span class='ocrx_word' id='word_1_257' title='bbox 1261 3113 1296 3155; x_wconf 84' lang='lat' dir='ltr'><strong>ex</strong></span> <span class='ocrx_word' id='word_1_258' title='bbox 1319 3094 1481 3158; x_wconf 77' lang='lat' dir='ltr'><strong>eoumbitu</strong></span> 
     </span>
     <span class='ocr_line' id='line_1_26' title="bbox 300 3192 1481 3274; baseline 0.005 -21"><span class='ocrx_word' id='word_1_259' title='bbox 300 3192 482 3254; x_wconf 81' lang='lat' dir='ltr'><strong>nativitatem</strong></span> <span class='ocrx_word' id='word_1_260' title='bbox 505 3193 618 3254; x_wconf 91' lang='lat' dir='ltr'><strong>domini</strong></span> <span class='ocrx_word' id='word_1_261' title='bbox 638 3201 790 3272; x_wconf 89' lang='lat' dir='ltr'><strong>negatam,</strong></span> <span class='ocrx_word' id='word_1_262' title='bbox 814 3193 895 3273; x_wconf 89' lang='lat' dir='ltr'><strong>quod</strong></span> <span class='ocrx_word' id='word_1_263' title='bbox 916 3196 996 3274; x_wconf 88' lang='lat' dir='ltr'><strong>sapit</strong></span> <span class='ocrx_word' id='word_1_264' title='bbox 1015 3196 1151 3257; x_wconf 84' lang='lat' dir='ltr'><strong>voluntas</strong></span> <span class='ocrx_word' id='word_1_265' title='bbox 1167 3195 1221 3256; x_wconf 84' lang='lat' dir='ltr'><strong>viri</strong></span> <span class='ocrx_word' id='word_1_266' title='bbox 1237 3202 1267 3256; x_wconf 87' lang='lat' dir='ltr'><strong>et</strong></span> <span class='ocrx_word' id='word_1_267' title='bbox 1280 3193 1395 3269; x_wconf 85' lang='lat' dir='ltr'><strong>earnis,</strong></span> <span class='ocrx_word' id='word_1_268' title='bbox 1417 3214 1481 3259; x_wconf 88' lang='lat' dir='ltr'><strong>nou</strong></span> 
     </span>
     <span class='ocr_line' id='line_1_27' title="bbox 302 3294 1481 3375; baseline 0.003 -19"><span class='ocrx_word' id='word_1_269' title='bbox 302 3312 339 3356; x_wconf 86' lang='lat' dir='ltr'><strong>ex</strong></span> <span class='ocrx_word' id='word_1_270' title='bbox 358 3295 463 3357; x_wconf 77' lang='lat' dir='ltr'><strong>vulvae</strong></span> <span class='ocrx_word' id='word_1_271' title='bbox 483 3294 719 3375; x_wconf 80' lang='lat' dir='ltr'><strong>participatione.</strong></span> <span class='ocrx_word' id='word_1_272' title='bbox 768 3294 807 3356; x_wconf 83' lang='lat' dir='ltr'><strong>Et</strong></span> <span class='ocrx_word' id='word_1_273' title='bbox 833 3295 903 3374; x_wconf 88' lang='lat' dir='ltr'><strong>quid</strong></span> <span class='ocrx_word' id='word_1_274' title='bbox 930 3295 1033 3374; x_wconf 86' lang='lat' dir='ltr'><strong>utique</strong></span> <span class='ocrx_word' id='word_1_275' title='bbox 1061 3305 1119 3357; x_wconf 86' lang='lat' dir='ltr'><strong>tam</strong></span> <span class='ocrx_word' id='word_1_276' title='bbox 1149 3302 1359 3375; x_wconf 78' lang='lat' dir='ltr'><strong>exaggeranter</strong></span> <span class='ocrx_word' id='word_1_277' title='bbox 1380 3296 1481 3360; x_wconf 84' lang='lat' dir='ltr'><strong>innul-</strong></span> 
     </span>
     <span class='ocr_line' id='line_1_28' title="bbox 177 3395 1481 3475; baseline 0.004 -19"><span class='ocrx_word' id='word_1_278' title='bbox 177 3452 185 3467; x_wconf 82' lang='grc'><em>,</em></span> <span class='ocrx_word' id='word_1_279' title='bbox 301 3395 377 3458; x_wconf 80' lang='lat' dir='ltr'><strong>eavit</strong></span> <span class='ocrx_word' id='word_1_280' title='bbox 393 3414 459 3461; x_wconf 87' lang='lat' dir='ltr'><strong>nen</strong></span> <span class='ocrx_word' id='word_1_281' title='bbox 481 3415 518 3457; x_wconf 82' lang='lat' dir='ltr'><strong>ex</strong></span> <span class='ocrx_word' id='word_1_282' title='bbox 538 3396 682 3475; x_wconf 85' lang='lat' dir='ltr'><strong>sanguine</strong></span> <span class='ocrx_word' id='word_1_283' title='bbox 704 3414 760 3458; x_wconf 89' lang='lat' dir='ltr'><strong>nee</strong></span> <span class='ocrx_word' id='word_1_284' title='bbox 779 3415 817 3458; x_wconf 81' lang='lat' dir='ltr'><strong>eu</strong></span> <span class='ocrx_word' id='word_1_285' title='bbox 839 3397 937 3459; x_wconf 82' lang='lat' dir='ltr'><strong>earnis</strong></span> <span class='ocrx_word' id='word_1_286' title='bbox 958 3397 1109 3458; x_wconf 86' lang='lat' dir='ltr'><strong>voluntate</strong></span> <span class='ocrx_word' id='word_1_287' title='bbox 1130 3406 1181 3457; x_wconf 86' lang='lat' dir='ltr'><strong>aut</strong></span> <span class='ocrx_word' id='word_1_288' title='bbox 1202 3396 1256 3457; x_wconf 85' lang='lat' dir='ltr'><strong>viri</strong></span> <span class='ocrx_word' id='word_1_289' title='bbox 1277 3405 1397 3469; x_wconf 85' lang='lat' dir='ltr'><strong>natum,</strong></span> <span class='ocrx_word' id='word_1_290' title='bbox 1419 3398 1481 3461; x_wconf 82' lang='lat' dir='ltr'><strong>m&#39;ai</strong></span> 
     </span>
     <span class='ocr_line' id='line_1_29' title="bbox 302 3496 1481 3577; baseline 0.004 -19"><span class='ocrx_word' id='word_1_291' title='bbox 302 3496 372 3577; x_wconf 80' lang='lat' dir='ltr'><strong>qtria</strong></span> <span class='ocrx_word' id='word_1_292' title='bbox 394 3497 455 3558; x_wconf 86' lang='lat' dir='ltr'><strong>¹¹ea</strong></span> <span class='ocrx_word' id='word_1_293' title='bbox 477 3505 541 3559; x_wconf 87' lang='lat' dir='ltr'><strong>erat</strong></span> <span class='ocrx_word' id='word_1_294' title='bbox 561 3515 630 3558; x_wconf 83' lang='lat' dir='ltr'><strong>eam</strong></span> <span class='ocrx_word' id='word_1_295' title='bbox 653 3514 741 3577; x_wconf 87' lang='lat' dir='ltr'><strong>quam</strong></span> <span class='ocrx_word' id='word_1_296' title='bbox 764 3515 800 3560; x_wconf 82' lang='lat' dir='ltr'><strong>ex</strong></span> <span class='ocrx_word' id='word_1_297' title='bbox 822 3497 1093 3560; x_wconf 87' lang='lat' dir='ltr'><strong>eoneubitn-natam</strong></span> <span class='ocrx_word' id='word_1_298' title='bbox 1104 3511 1196 3558; x_wconf 85' lang='lat' dir='ltr'><strong>nemo</strong></span> <span class='ocrx_word' id='word_1_299' title='bbox 1212 3496 1384 3560; x_wconf 74' lang='lat' dir='ltr'><strong>dubitaret?</strong></span> <span class='ocrx_word' id='word_1_300' title='bbox 1415 3498 1481 3563; x_wconf 74' lang='lat' dir='ltr'><strong>Ne·</strong></span> 
     </span>
    </p>
   </div>
   <div class='ocr_carea' id='block_1_3' title="bbox 302 3642 1481 4051">
    <p class='ocr_par' dir='ltr' id='par_1_4' title="bbox 302 3642 905 3712">
     <span class='ocr_line' id='line_1_30' title="bbox 302 3642 905 3712; baseline 0.005 -15"><span class='ocrx_word' id='word_1_301' title='bbox 302 3642 343 3697; x_wconf 74' lang='lat'><strong>27.</strong></span> <span class='ocrx_word' id='word_1_302' title='bbox 362 3654 386 3697; x_wconf 83' lang='lat' dir='ltr'><strong>at</strong></span> <span class='ocrx_word' id='word_1_303' title='bbox 403 3646 464 3699; x_wconf 83' lang='lat' dir='ltr'><strong>deus</strong></span> <span class='ocrx_word' id='word_1_304' title='bbox 481 3662 509 3698; x_wconf 83' lang='lat' dir='ltr'><strong>er</strong></span> <span class='ocrx_word' id='word_1_305' title='bbox 528 3648 574 3699; x_wconf 92' lang='lat' dir='ltr'><strong>deo</strong></span> <span class='ocrx_word' id='word_1_306' title='bbox 593 3651 626 3712; x_wconf 88' lang='lat' dir='ltr'><strong>d.,</strong></span> <span class='ocrx_word' id='word_1_307' title='bbox 647 3666 697 3700; x_wconf 81' lang='lat' dir='ltr'><strong>eoru</strong></span> <span class='ocrx_word' id='word_1_308' title='bbox 715 3649 797 3701; x_wconf 79' lang='lat' dir='ltr'><strong>Fuluio</strong></span> <span class='ocrx_word' id='word_1_309' title='bbox 813 3650 905 3701; x_wconf 79' lang='lat' dir='ltr'><strong>Ursino.</strong></span> 
     </span>
    </p>

    <p class='ocr_par' dir='ltr' id='par_1_5' title="bbox 302 3715 1481 4051">
     <span class='ocr_line' id='line_1_31' title="bbox 369 3715 1481 3783; baseline 0.005 -18"><span class='ocrx_word' id='word_1_310' title='bbox 369 3715 429 3778; x_wconf 85' lang='lat' dir='ltr'><strong>Cup.</strong></span> <span class='ocrx_word' id='word_1_311' title='bbox 448 3717 507 3766; x_wconf 73' lang='lat' dir='ltr'><strong>xlx.</strong></span> <span class='ocrx_word' id='word_1_312' title='bbox 551 3717 574 3766; x_wconf 88' lang='lat'><strong>1.</strong></span> <span class='ocrx_word' id='word_1_313' title='bbox 592 3717 641 3766; x_wconf 87' lang='lat' dir='ltr'><strong>uati</strong></span> <span class='ocrx_word' id='word_1_314' title='bbox 659 3725 717 3766; x_wconf 85' lang='lat' dir='ltr'><strong>aaut</strong></span> <span class='ocrx_word' id='word_1_315' title='bbox 733 3719 757 3767; x_wconf 78' lang='lat' dir='ltr'><strong>t.</strong></span> <span class='ocrx_word' id='word_1_316' title='bbox 783 3719 869 3783; x_wconf 74' lang='lat' dir='ltr'><strong>inepte.</strong></span> <span class='ocrx_word' id='word_1_317' title='bbox 928 3716 953 3766; x_wconf 79' lang='lat'><em>2</em></span> <span class='ocrx_word' id='word_1_318' title='bbox 972 3718 1020 3766; x_wconf 81' lang='lat' dir='ltr'><strong>uati</strong></span> <span class='ocrx_word' id='word_1_319' title='bbox 1038 3723 1094 3766; x_wconf 85' lang='lat' dir='ltr'><strong>suot</strong></span> <span class='ocrx_word' id='word_1_320' title='bbox 1111 3732 1179 3780; x_wconf 68' lang='lat' dir='ltr'><strong>ung„</strong></span> <span class='ocrx_word' id='word_1_321' title='bbox 1200 3718 1417 3769; x_wconf 59' lang='lat' dir='ltr'><strong>rotumum</strong></span> <span class='ocrx_word' id='word_1_322' title='bbox 1433 3716 1481 3772; x_wconf 74' lang='lat' dir='ltr'><strong>Se-</strong></span> 
     </span>
     <span class='ocr_line' id='line_1_32' title="bbox 302 3783 1481 3853; baseline 0.005 -22"><span class='ocrx_word' id='word_1_323' title='bbox 302 3785 412 3832; x_wconf 81' lang='lat' dir='ltr'><strong>bsteriaa.</strong></span> <span class='ocrx_word' id='word_1_324' title='bbox 447 3790 518 3832; x_wconf 80' lang='lat' dir='ltr'><strong>unua</strong></span> <span class='ocrx_word' id='word_1_325' title='bbox 536 3793 573 3832; x_wconf 90' lang='lat' dir='ltr'><strong>eat</strong></span> <span class='ocrx_word' id='word_1_326' title='bbox 592 3783 695 3834; x_wconf 80' lang='lat' dir='ltr'><strong>Gbobed.</strong></span> <span class='ocrx_word' id='word_1_327' title='bbox 729 3785 793 3834; x_wconf 80' lang='lat' dir='ltr'><strong>nr.</strong></span> <span class='ocrx_word' id='word_1_328' title='bbox 811 3786 905 3836; x_wconf 78' lang='lat' dir='ltr'><strong>librarii</strong></span> <span class='ocrx_word' id='word_1_329' title='bbox 921 3787 1013 3835; x_wconf 83' lang='lat' dir='ltr'><strong>iaeorio</strong></span> <span class='ocrx_word' id='word_1_330' title='bbox 1029 3787 1163 3835; x_wconf 76' lang='lat' dir='ltr'><strong>eaeidmot</strong></span> <span class='ocrx_word' id='word_1_331' title='bbox 1180 3786 1249 3848; x_wconf 75' lang='lat' dir='ltr'><strong>pisae</strong></span> <span class='ocrx_word' id='word_1_332' title='bbox 1265 3788 1336 3835; x_wconf 83' lang='lat' dir='ltr'><strong>aerbo</strong></span> <span class='ocrx_word' id='word_1_333' title='bbox 1352 3787 1407 3837; x_wconf 86' lang='lat' dir='ltr'><strong>lloe</strong></span> <span class='ocrx_word' id='word_1_334' title='bbox 1424 3788 1481 3853; x_wconf 81' lang='lat' dir='ltr'><strong>gui·</strong></span> 
     </span>
     <span class='ocr_line' id='line_1_33' title="bbox 302 3846 1481 3919; baseline 0.008 -22"><span class='ocrx_word' id='word_1_335' title='bbox 302 3846 357 3897; x_wconf 90' lang='lat' dir='ltr'><strong>dem</strong></span> <span class='ocrx_word' id='word_1_336' title='bbox 376 3846 533 3911; x_wconf 83' lang='lat' dir='ltr'><strong>capitulo-</strong></span> <span class='ocrx_word' id='word_1_337' title='bbox 549 3850 645 3899; x_wconf 86' lang='lat' dir='ltr'><strong>-aed</strong></span> <span class='ocrx_word' id='word_1_338' title='bbox 663 3850 754 3901; x_wconf 83' lang='lat' dir='ltr'><strong>exdeo</strong></span> <span class='ocrx_word' id='word_1_339' title='bbox 774 3853 905 3913; x_wconf 82' lang='lat' dir='ltr'><strong>uatisunt.</strong></span> <span class='ocrx_word' id='word_1_340' title='bbox 945 3852 969 3901; x_wconf 82' lang='lat'><strong>3.</strong></span> <span class='ocrx_word' id='word_1_341' title='bbox 989 3867 1072 3902; x_wconf 81' lang='lat' dir='ltr'><strong>semen</strong></span> <span class='ocrx_word' id='word_1_342' title='bbox 1091 3867 1145 3901; x_wconf 84' lang='lat' dir='ltr'><strong>esse</strong></span> <span class='ocrx_word' id='word_1_343' title='bbox 1164 3852 1207 3900; x_wconf 75' lang='lat' dir='ltr'><strong>Bc.</strong></span> <span class='ocrx_word' id='word_1_344' title='bbox 1250 3852 1274 3901; x_wconf 81' lang='lat' dir='ltr'><strong>t.</strong></span> <span class='ocrx_word' id='word_1_345' title='bbox 1294 3852 1354 3902; x_wconf 90' lang='lat' dir='ltr'><strong>illud</strong></span> <span class='ocrx_word' id='word_1_346' title='bbox 1372 3857 1481 3919; x_wconf 71' lang='lat' dir='ltr'><strong>aesebed,</strong></span> 
     </span>
     <span class='ocr_line' id='line_1_34' title="bbox 302 3914 1481 3983; baseline 0.009 -19"><span class='ocrx_word' id='word_1_347' title='bbox 302 3914 368 3964; x_wconf 87' lang='lat' dir='ltr'><strong>iliius</strong></span> <span class='ocrx_word' id='word_1_348' title='bbox 385 3914 449 3963; x_wconf 69' lang='lat' dir='ltr'><strong>acb.</strong></span> <span class='ocrx_word' id='word_1_349' title='bbox 502 3914 527 3963; x_wconf 83' lang='lat' dir='ltr'><strong>b.</strong></span> <span class='ocrx_word' id='word_1_350' title='bbox 545 3916 707 3980; x_wconf 76' lang='lat' dir='ltr'><strong>spiritualium</strong></span> <span class='ocrx_word' id='word_1_351' title='bbox 726 3919 793 3970; x_wconf 77' lang='lat' dir='ltr'><strong>debe.</strong></span> <span class='ocrx_word' id='word_1_352' title='bbox 846 3919 870 3970; x_wconf 84' lang='grc'><strong>6.</strong></span> <span class='ocrx_word' id='word_1_353' title='bbox 890 3927 942 3969; x_wconf 88' lang='lat' dir='ltr'><strong>erat</strong></span> <span class='ocrx_word' id='word_1_354' title='bbox 959 3920 983 3969; x_wconf 81' lang='lat' dir='ltr'><strong>B.</strong></span> <span class='ocrx_word' id='word_1_355' title='bbox 1043 3919 1066 3968; x_wconf 78' lang='lat' dir='ltr'><strong>i.</strong></span> <span class='ocrx_word' id='word_1_356' title='bbox 1093 3934 1138 3983; x_wconf 90' lang='lat' dir='ltr'><strong>pro</strong></span> <span class='ocrx_word' id='word_1_357' title='bbox 1163 3921 1284 3969; x_wconf 83' lang='lat' dir='ltr'><strong>eommuui</strong></span> <span class='ocrx_word' id='word_1_358' title='bbox 1303 3937 1336 3979; x_wconf 69' lang='lat' dir='ltr'><strong>a„</strong></span> <span class='ocrx_word' id='word_1_359' title='bbox 1361 3936 1393 3971; x_wconf 68' lang='lat' dir='ltr'><strong>es</strong></span> <span class='ocrx_word' id='word_1_360' title='bbox 1410 3924 1481 3975; x_wconf 77' lang='lat' dir='ltr'><strong>codd.</strong></span> 
     </span>
     <span class='ocr_line' id='line_1_35' title="bbox 304 3982 1481 4051; baseline 0.007 -19"><span class='ocrx_word' id='word_1_361' title='bbox 304 3982 423 4044; x_wconf 77' lang='lat' dir='ltr'><strong>Gaugser&#39;i.</strong></span> <span class='ocrx_word' id='word_1_362' title='bbox 464 3983 585 4031; x_wconf 79' lang='lat' dir='ltr'><strong>communi</strong></span> <span class='ocrx_word' id='word_1_363' title='bbox 608 3984 701 4049; x_wconf 74' lang='lat' dir='ltr'><strong>reliqui.</strong></span> <span class='ocrx_word' id='word_1_364' title='bbox 754 3985 777 4036; x_wconf 81' lang='grc'><strong>8.</strong></span> <span class='ocrx_word' id='word_1_365' title='bbox 797 4001 869 4036; x_wconf 84' lang='lat' dir='ltr'><strong>carue</strong></span> <span class='ocrx_word' id='word_1_366' title='bbox 886 3988 913 4036; x_wconf 79' lang='lat' dir='ltr'><strong>a.</strong></span> <span class='ocrx_word' id='word_1_367' title='bbox 964 3986 989 4036; x_wconf 83' lang='lat' dir='ltr'><strong>e.</strong></span> <span class='ocrx_word' id='word_1_368' title='bbox 1009 4000 1056 4051; x_wconf 79' lang='lat' dir='ltr'><strong>qua</strong></span> <span class='ocrx_word' id='word_1_369' title='bbox 1072 3988 1097 4037; x_wconf 85' lang='lat' dir='ltr'><strong>B.</strong></span> <span class='ocrx_word' id='word_1_370' title='bbox 1152 3987 1191 4036; x_wconf 84' lang='lat' dir='ltr'><strong>ld.</strong></span> <span class='ocrx_word' id='word_1_371' title='bbox 1216 3986 1341 4050; x_wconf 83' lang='lat' dir='ltr'><strong>sanguinis</strong></span> <span class='ocrx_word' id='word_1_372' title='bbox 1364 3988 1481 4041; x_wconf 82' lang='lat' dir='ltr'><strong>laminae.</strong></span> 
     </span>
    </p>
   </div>
   <div class='ocr_carea' id='block_1_4' title="bbox 302 4048 1481 4171">
    <p class='ocr_par' dir='ltr' id='par_1_6' title="bbox 302 4048 1481 4171">
     <span class='ocr_line' id='line_1_36' title="bbox 302 4048 1481 4119; baseline 0.008 -21"><span class='ocrx_word' id='word_1_373' title='bbox 302 4048 362 4098; x_wconf 81' lang='lat' dir='ltr'><strong>liam</strong></span> <span class='ocrx_word' id='word_1_374' title='bbox 380 4061 408 4097; x_wconf 85' lang='lat' dir='ltr'><strong>er</strong></span> <span class='ocrx_word' id='word_1_375' title='bbox 426 4048 527 4109; x_wconf 85' lang='lat' dir='ltr'><strong>eoaguio</strong></span> <span class='ocrx_word' id='word_1_376' title='bbox 546 4065 591 4099; x_wconf 80' lang='lat' dir='ltr'><strong>om.</strong></span> <span class='ocrx_word' id='word_1_377' title='bbox 602 4050 666 4100; x_wconf 73' lang='lat' dir='ltr'><strong>acb.</strong></span> <span class='ocrx_word' id='word_1_378' title='bbox 701 4053 797 4104; x_wconf 76' lang='lat' dir='ltr'><strong>Addidit</strong></span> <span class='ocrx_word' id='word_1_379' title='bbox 815 4070 842 4104; x_wconf 82' lang='lat' dir='ltr'><strong>eo</strong></span> <span class='ocrx_word' id='word_1_380' title='bbox 858 4056 928 4105; x_wconf 82' lang='lat' dir='ltr'><strong>uerba</strong></span> <span class='ocrx_word' id='word_1_381' title='bbox 945 4053 974 4104; x_wconf 86' lang='lat' dir='ltr'><strong>de</strong></span> <span class='ocrx_word' id='word_1_382' title='bbox 991 4058 1041 4105; x_wconf 77' lang='lat' dir='ltr'><strong>sois</strong></span> <span class='ocrx_word' id='word_1_383' title='bbox 1059 4056 1127 4106; x_wconf 86' lang='lat' dir='ltr'><strong>redd.</strong></span> <span class='ocrx_word' id='word_1_384' title='bbox 1143 4057 1242 4119; x_wconf 80' lang='lat' dir='ltr'><strong>primam</strong></span> <span class='ocrx_word' id='word_1_385' title='bbox 1260 4056 1401 4119; x_wconf 68' lang='lat' dir='ltr'><strong>Gargarius.</strong></span> <span class='ocrx_word' id='word_1_386' title='bbox 1436 4056 1481 4108; x_wconf 83' lang='lat' dir='ltr'><strong>il.</strong></span> 
     </span>
     <span class='ocr_line' id='line_1_37' title="bbox 302 4114 1115 4171; baseline 0.012 -7"><span class='ocrx_word' id='word_1_387' title='bbox 302 4115 354 4165; x_wconf 92' lang='lat' dir='ltr'><strong>eiua</strong></span> <span class='ocrx_word' id='word_1_388' title='bbox 373 4120 411 4165; x_wconf 83' lang='lat' dir='ltr'><strong>eat</strong></span> <span class='ocrx_word' id='word_1_389' title='bbox 427 4114 491 4164; x_wconf 79' lang='lat' dir='ltr'><strong><em>BGD.</em></strong></span> <span class='ocrx_word' id='word_1_390' title='bbox 545 4114 584 4166; x_wconf 86' lang='lat'><strong>12.</strong></span> <span class='ocrx_word' id='word_1_391' title='bbox 603 4126 655 4167; x_wconf 81' lang='lat' dir='ltr'><strong>erat</strong></span> <span class='ocrx_word' id='word_1_392' title='bbox 672 4133 700 4168; x_wconf 90' lang='lat' dir='ltr'><strong>ea</strong></span> <span class='ocrx_word' id='word_1_393' title='bbox 719 4118 763 4171; x_wconf 79' lang='lat' dir='ltr'><strong>BC.</strong></span> <span class='ocrx_word' id='word_1_394' title='bbox 1108 4121 1115 4131; x_wconf 72' lang='grc'><em>’</em></span> 
     </span>
    </p>
   </div>
   <div class='ocr_carea' id='block_1_5' title="bbox 300 4214 1481 4896">
    <p class='ocr_par' dir='ltr' id='par_1_7' title="bbox 302 4214 1481 4354">
     <span class='ocr_line' id='line_1_38' title="bbox 335 4214 1481 4285; baseline 0.01 -21"><span class='ocrx_word' id='word_1_395' title='bbox 335 4216 395 4279; x_wconf 85' lang='lat' dir='ltr'><strong>Cap.</strong></span> <span class='ocrx_word' id='word_1_396' title='bbox 414 4215 471 4265; x_wconf 81' lang='lat' dir='ltr'><strong>xlx.</strong></span> <span class='ocrx_word' id='word_1_397' title='bbox 499 4214 675 4283; x_wconf 83' lang='lat' dir='ltr'><strong>a.obdurere.]</strong></span> <span class='ocrx_word' id='word_1_398' title='bbox 694 4220 863 4272; x_wconf 79' lang='lat' dir='ltr'><strong>Confutarero.</strong></span> <span class='ocrx_word' id='word_1_399' title='bbox 914 4237 977 4285; x_wconf 86' lang='lat' dir='ltr'><strong>quae</strong></span> <span class='ocrx_word' id='word_1_400' title='bbox 1000 4238 1014 4270; x_wconf 90' lang='lat' dir='ltr'><strong>a</strong></span> <span class='ocrx_word' id='word_1_401' title='bbox 1039 4222 1168 4285; x_wconf 78' lang='lat' dir='ltr'><strong>Demiurgo</strong></span> <span class='ocrx_word' id='word_1_402' title='bbox 1195 4230 1219 4271; x_wconf 89' lang='lat' dir='ltr'><strong>et</strong></span> <span class='ocrx_word' id='word_1_403' title='bbox 1237 4222 1368 4272; x_wconf 79' lang='lat' dir='ltr'><strong>tebamotlt</strong></span> <span class='ocrx_word' id='word_1_404' title='bbox 1392 4223 1481 4277; x_wconf 74' lang='lat' dir='ltr'><strong>eleut·</strong></span> 
     </span>
     <span class='ocr_line' id='line_1_39' title="bbox 302 4282 1481 4354; baseline 0.014 -24"><span class='ocrx_word' id='word_1_405' title='bbox 302 4282 326 4331; x_wconf 81' lang='lat' dir='ltr'><strong>V.</strong></span> <span class='ocrx_word' id='word_1_406' title='bbox 345 4297 407 4346; x_wconf 85' lang='lat' dir='ltr'><strong>quae</strong></span> <span class='ocrx_word' id='word_1_407' title='bbox 423 4284 534 4334; x_wconf 89' lang='lat' dir='ltr'><strong>adnotari</strong></span> <span class='ocrx_word' id='word_1_408' title='bbox 553 4285 583 4334; x_wconf 85' lang='lat' dir='ltr'><strong>ad</strong></span> <span class='ocrx_word' id='word_1_409' title='bbox 601 4285 702 4348; x_wconf 80' lang='lat' dir='ltr'><strong>lpoiog.</strong></span> <span class='ocrx_word' id='word_1_410' title='bbox 721 4302 775 4351; x_wconf 84' lang='lat' dir='ltr'><strong>eap.</strong></span> <span class='ocrx_word' id='word_1_411' title='bbox 787 4287 829 4338; x_wconf 83' lang='lat' dir='ltr'><strong>to.</strong></span> <span class='ocrx_word' id='word_1_412' title='bbox 914 4290 1060 4349; x_wconf 80' lang='lat' dir='ltr'><strong>induuntur,</strong></span> <span class='ocrx_word' id='word_1_413' title='bbox 1087 4299 1113 4340; x_wconf 77' lang='lat' dir='ltr'><strong>m</strong></span> <span class='ocrx_word' id='word_1_414' title='bbox 1136 4290 1265 4354; x_wconf 82' lang='lat' dir='ltr'><strong>exponitur.</strong></span> <span class='ocrx_word' id='word_1_415' title='bbox 1286 4290 1342 4339; x_wconf 78' lang='lat' dir='ltr'><strong>tdr.</strong></span> <span class='ocrx_word' id='word_1_416' title='bbox 1360 4290 1481 4346; x_wconf 75' lang='lat' dir='ltr'><strong>Valentia.</strong></span> 
     </span>
    </p>

    <p class='ocr_par' dir='ltr' id='par_1_8' title="bbox 300 4349 1481 4691">
     <span class='ocr_line' id='line_1_40' title="bbox 336 4349 1481 4422; baseline 0.012 -25"><span class='ocrx_word' id='word_1_417' title='bbox 336 4349 360 4397; x_wconf 89' lang='lat' dir='ltr'><strong>b.</strong></span> <span class='ocrx_word' id='word_1_418' title='bbox 386 4351 429 4399; x_wconf 88' lang='lat' dir='ltr'><strong>sed</strong></span> <span class='ocrx_word' id='word_1_419' title='bbox 458 4366 485 4400; x_wconf 86' lang='lat' dir='ltr'><strong>er</strong></span> <span class='ocrx_word' id='word_1_420' title='bbox 512 4353 557 4401; x_wconf 86' lang='lat' dir='ltr'><strong>deo</strong></span> <span class='ocrx_word' id='word_1_421' title='bbox 585 4354 633 4401; x_wconf 84' lang='lat' dir='ltr'><strong>nati</strong></span> <span class='ocrx_word' id='word_1_422' title='bbox 661 4351 728 4417; x_wconf 82' lang='lat' dir='ltr'><strong>aunt]</strong></span> <span class='ocrx_word' id='word_1_423' title='bbox 755 4355 788 4405; x_wconf 81' lang='lat' dir='ltr'><strong>lie</strong></span> <span class='ocrx_word' id='word_1_424' title='bbox 816 4356 864 4405; x_wconf 81' lang='lat' dir='ltr'><strong>uta</strong></span> <span class='ocrx_word' id='word_1_425' title='bbox 914 4372 968 4420; x_wconf 64' lang='lat' dir='ltr'><strong>eap-</strong></span> <span class='ocrx_word' id='word_1_426' title='bbox 985 4357 1018 4407; x_wconf 69' lang='lat' dir='ltr'><strong>tb</strong></span> <span class='ocrx_word' id='word_1_427' title='bbox 1035 4373 1090 4422; x_wconf 79' lang='lat' dir='ltr'><strong>sqq.</strong></span> <span class='ocrx_word' id='word_1_428' title='bbox 1134 4357 1296 4416; x_wconf 76' lang='lat' dir='ltr'><strong>Quamobrem</strong></span> <span class='ocrx_word' id='word_1_429' title='bbox 1324 4357 1370 4420; x_wconf 83' lang='lat' dir='ltr'><strong>legi</strong></span> <span class='ocrx_word' id='word_1_430' title='bbox 1395 4360 1481 4412; x_wconf 77' lang='lat' dir='ltr'><strong>mutim</strong></span> 
     </span>
     <span class='ocr_line' id='line_1_41' title="bbox 301 4415 1481 4489; baseline 0.014 -25"><span class='ocrx_word' id='word_1_431' title='bbox 301 4415 419 4467; x_wconf 75' lang='lat' dir='ltr'><strong>librarum</strong></span> <span class='ocrx_word' id='word_1_432' title='bbox 437 4418 552 4480; x_wconf 85' lang='lat' dir='ltr'><strong>Gaugneii</strong></span> <span class='ocrx_word' id='word_1_433' title='bbox 571 4435 664 4484; x_wconf 89' lang='lat' dir='ltr'><strong>proque</strong></span> <span class='ocrx_word' id='word_1_434' title='bbox 678 4423 812 4471; x_wconf 83' lang='lat' dir='ltr'><strong>sententiae</strong></span> <span class='ocrx_word' id='word_1_435' title='bbox 826 4424 864 4472; x_wconf 90' lang='lat' dir='ltr'><strong>iu·</strong></span> <span class='ocrx_word' id='word_1_436' title='bbox 914 4424 998 4488; x_wconf 77' lang='lat' dir='ltr'><strong>..quod</strong></span> <span class='ocrx_word' id='word_1_437' title='bbox 1016 4425 1062 4474; x_wconf 86' lang='lat' dir='ltr'><strong>sibi</strong></span> <span class='ocrx_word' id='word_1_438' title='bbox 1080 4424 1211 4486; x_wconf 51' lang='lat' dir='ltr'><strong>indueritf‘</strong></span> <span class='ocrx_word' id='word_1_439' title='bbox 1234 4433 1260 4475; x_wconf 90' lang='lat' dir='ltr'><strong>ut</strong></span> <span class='ocrx_word' id='word_1_440' title='bbox 1283 4425 1371 4475; x_wconf 79' lang='lat' dir='ltr'><strong>ibidem</strong></span> <span class='ocrx_word' id='word_1_441' title='bbox 1392 4427 1481 4489; x_wconf 77' lang='lat' dir='ltr'><strong>iegitur</strong></span> 
     </span>
     <span class='ocr_line' id='line_1_42' title="bbox 301 4484 1481 4558; baseline 0.01 -26"><span class='ocrx_word' id='word_1_442' title='bbox 301 4484 411 4544; x_wconf 82' lang='lat' dir='ltr'><strong>tegritate</strong></span> <span class='ocrx_word' id='word_1_443' title='bbox 430 4485 491 4535; x_wconf 85' lang='lat' dir='ltr'><strong>bane</strong></span> <span class='ocrx_word' id='word_1_444' title='bbox 508 4486 621 4537; x_wconf 74' lang='lat' dir='ltr'><strong>uindicari</strong></span> <span class='ocrx_word' id='word_1_445' title='bbox 644 4490 790 4553; x_wconf 84' lang='lat' dir='ltr'><strong>scripturam</strong></span> <span class='ocrx_word' id='word_1_446' title='bbox 809 4504 864 4540; x_wconf 90' lang='lat' dir='ltr'><strong>eum</strong></span> <span class='ocrx_word' id='word_1_447' title='bbox 915 4492 1043 4556; x_wconf 82' lang='lat' dir='ltr'><strong>aliquoties</strong></span> <span class='ocrx_word' id='word_1_448' title='bbox 1062 4492 1294 4542; x_wconf 83' lang='lat' dir='ltr'><strong>induendirerbum.</strong></span> <span class='ocrx_word' id='word_1_449' title='bbox 1312 4493 1481 4558; x_wconf 69' lang='lat' dir='ltr'><strong>tretonae)</strong></span> 
     </span>
     <span class='ocr_line' id='line_1_43' title="bbox 300 4551 1481 4626; baseline 0.014 -27"><span class='ocrx_word' id='word_1_450' title='bbox 300 4551 435 4611; x_wconf 74' lang='lat' dir='ltr'><strong>sinereris,</strong></span> <span class='ocrx_word' id='word_1_451' title='bbox 453 4566 525 4616; x_wconf 86' lang='lat' dir='ltr'><strong>quem</strong></span> <span class='ocrx_word' id='word_1_452' title='bbox 542 4569 563 4603; x_wconf 82' lang='lat' dir='ltr'><strong>r.</strong></span> <span class='ocrx_word' id='word_1_453' title='bbox 581 4556 681 4605; x_wconf 88' lang='lat' dir='ltr'><strong>omuino</strong></span> <span class='ocrx_word' id='word_1_454' title='bbox 699 4571 761 4622; x_wconf 85' lang='lat' dir='ltr'><strong>quae</strong></span> <span class='ocrx_word' id='word_1_455' title='bbox 778 4557 864 4622; x_wconf 87' lang='lat' dir='ltr'><strong>diapu-</strong></span> <span class='ocrx_word' id='word_1_456' title='bbox 950 4561 972 4608; x_wconf 91' lang='lat' dir='ltr'><strong>d.</strong></span> <span class='ocrx_word' id='word_1_457' title='bbox 997 4562 1107 4610; x_wconf 83' lang='lat' dir='ltr'><strong>turmalis</strong></span> <span class='ocrx_word' id='word_1_458' title='bbox 1128 4569 1229 4610; x_wconf 85' lang='lat' dir='ltr'><strong>nostrae</strong></span> <span class='ocrx_word' id='word_1_459' title='bbox 1253 4557 1395 4626; x_wconf 77' lang='lat' dir='ltr'><strong>uadritatial</strong></span> <span class='ocrx_word' id='word_1_460' title='bbox 1420 4563 1481 4615; x_wconf 75' lang='lat' dir='ltr'><strong>Fra·-</strong></span> 
     </span>
     <span class='ocr_line' id='line_1_44' title="bbox 301 4618 1481 4691; baseline 0.014 -24"><span class='ocrx_word' id='word_1_461' title='bbox 301 4625 336 4668; x_wconf 89' lang='lat' dir='ltr'><strong>tat</strong></span> <span class='ocrx_word' id='word_1_462' title='bbox 353 4618 383 4668; x_wconf 89' lang='lat' dir='ltr'><strong>ad</strong></span> <span class='ocrx_word' id='word_1_463' title='bbox 402 4619 489 4681; x_wconf 85' lang='lat' dir='ltr'><strong>Erang.</strong></span> <span class='ocrx_word' id='word_1_464' title='bbox 508 4620 559 4669; x_wconf 88' lang='lat' dir='ltr'><strong>lob.</strong></span> <span class='ocrx_word' id='word_1_465' title='bbox 580 4620 649 4681; x_wconf 83' lang='lat' dir='ltr'><strong>t,13.</strong></span> <span class='ocrx_word' id='word_1_466' title='bbox 912 4627 996 4676; x_wconf 74' lang='lat' dir='ltr'><strong>netem</strong></span> <span class='ocrx_word' id='word_1_467' title='bbox 1019 4628 1078 4678; x_wconf 86' lang='lat' dir='ltr'><strong>dieit</strong></span> <span class='ocrx_word' id='word_1_468' title='bbox 1101 4629 1246 4678; x_wconf 86' lang='lat' dir='ltr'><strong>nativitatem</strong></span> <span class='ocrx_word' id='word_1_469' title='bbox 1270 4643 1332 4691; x_wconf 84' lang='lat' dir='ltr'><strong>qnae</strong></span> <span class='ocrx_word' id='word_1_470' title='bbox 1349 4643 1379 4679; x_wconf 82' lang='lat' dir='ltr'><strong>eu</strong></span> <span class='ocrx_word' id='word_1_471' title='bbox 1398 4630 1481 4683; x_wconf 79' lang='lat' dir='ltr'><strong>loma</strong></span> 
     </span>
    </p>

    <p class='ocr_par' dir='ltr' id='par_1_9' title="bbox 300 4686 1481 4896">
     <span class='ocr_line' id='line_1_45' title="bbox 335 4686 1481 4754; baseline 0.012 -19"><span class='ocrx_word' id='word_1_472' title='bbox 335 4702 356 4735; x_wconf 88' lang='lat' dir='ltr'><strong>c.</strong></span> <span class='ocrx_word' id='word_1_473' title='bbox 374 4700 458 4735; x_wconf 82' lang='lat' dir='ltr'><strong>semen</strong></span> <span class='ocrx_word' id='word_1_474' title='bbox 477 4686 536 4736; x_wconf 88' lang='lat' dir='ltr'><strong>iliud</strong></span> <span class='ocrx_word' id='word_1_475' title='bbox 556 4703 669 4739; x_wconf 88' lang='lat' dir='ltr'><strong>areanum</strong></span> <span class='ocrx_word' id='word_1_476' title='bbox 688 4689 820 4742; x_wconf 89' lang='lat' dir='ltr'><strong>electorum</strong></span> <span class='ocrx_word' id='word_1_477' title='bbox 840 4699 864 4742; x_wconf 85' lang='lat' dir='ltr'><strong>et</strong></span> <span class='ocrx_word' id='word_1_478' title='bbox 913 4704 937 4742; x_wconf 92' lang='lat' dir='ltr'><strong>et</strong></span> <span class='ocrx_word' id='word_1_479' title='bbox 955 4693 1007 4754; x_wconf 83' lang='lat' dir='ltr'><strong>iege</strong></span> <span class='ocrx_word' id='word_1_480' title='bbox 1025 4704 1125 4746; x_wconf 86' lang='lat' dir='ltr'><strong>naturae</strong></span> <span class='ocrx_word' id='word_1_481' title='bbox 1139 4697 1208 4746; x_wconf 84' lang='lat' dir='ltr'><strong>nobis</strong></span> <span class='ocrx_word' id='word_1_482' title='bbox 1219 4695 1357 4745; x_wconf 82' lang='lat' dir='ltr'><strong>bominibus</strong></span> <span class='ocrx_word' id='word_1_483' title='bbox 1367 4706 1404 4747; x_wconf 87' lang='lat' dir='ltr'><strong>eat</strong></span> <span class='ocrx_word' id='word_1_484' title='bbox 1417 4713 1481 4749; x_wconf 88' lang='lat' dir='ltr'><strong>een-</strong></span> 
     </span>
     <span class='ocr_line' id='line_1_46' title="bbox 300 4749 1481 4819; baseline 0.014 -18"><span class='ocrx_word' id='word_1_485' title='bbox 300 4749 459 4818; x_wconf 81' lang='lat' dir='ltr'><strong>spiritalium]</strong></span> <span class='ocrx_word' id='word_1_486' title='bbox 484 4754 626 4817; x_wconf 81' lang='lat' dir='ltr'><strong>Perstringit</strong></span> <span class='ocrx_word' id='word_1_487' title='bbox 643 4756 863 4810; x_wconf 82' lang='lat' dir='ltr'><strong>Valentinianorum</strong></span> <span class='ocrx_word' id='word_1_488' title='bbox 912 4761 1002 4811; x_wconf 73' lang='lat' dir='ltr'><strong>stituta</strong></span> <span class='ocrx_word' id='word_1_489' title='bbox 1029 4757 1128 4812; x_wconf 80' lang='lat' dir='ltr'><strong>linitum</strong></span> <span class='ocrx_word' id='word_1_490' title='bbox 1147 4765 1211 4813; x_wconf 91' lang='lat' dir='ltr'><strong>enim</strong></span> <span class='ocrx_word' id='word_1_491' title='bbox 1228 4779 1243 4813; x_wconf 85' lang='lat' dir='ltr'><strong>a</strong></span> <span class='ocrx_word' id='word_1_492' title='bbox 1262 4777 1317 4813; x_wconf 81' lang='lat' dir='ltr'><strong>vero</strong></span> <span class='ocrx_word' id='word_1_493' title='bbox 1332 4765 1481 4819; x_wconf 79' lang='lat' dir='ltr'><strong>aberrarunt</strong></span> 
     </span>
     <span class='ocr_line' id='line_1_47' title="bbox 301 4822 1450 4896; baseline 0.014 -28"><span class='ocrx_word' id='word_1_494' title='bbox 301 4822 422 4870; x_wconf 80' lang='lat' dir='ltr'><strong>somnium</strong></span> <span class='ocrx_word' id='word_1_495' title='bbox 440 4823 470 4871; x_wconf 91' lang='lat' dir='ltr'><strong>de</strong></span> <span class='ocrx_word' id='word_1_496' title='bbox 488 4823 580 4872; x_wconf 81' lang='lat' dir='ltr'><strong>semine</strong></span> <span class='ocrx_word' id='word_1_497' title='bbox 591 4824 687 4874; x_wconf 90' lang='lat' dir='ltr'><strong>animali</strong></span> <span class='ocrx_word' id='word_1_498' title='bbox 701 4827 862 4890; x_wconf 82' lang='lat' dir='ltr'><strong>etapirimati,</strong></span> <span class='ocrx_word' id='word_1_499' title='bbox 912 4828 952 4893; x_wconf 84' lang='lat' dir='ltr'><strong>qui</strong></span> <span class='ocrx_word' id='word_1_500' title='bbox 970 4832 1076 4892; x_wconf 70' lang='lat' dir='ltr'><strong>formulis</strong></span> <span class='ocrx_word' id='word_1_501' title='bbox 1093 4831 1229 4882; x_wconf 84' lang='lat' dir='ltr'><strong>retulerunt</strong></span> <span class='ocrx_word' id='word_1_502' title='bbox 1247 4831 1277 4881; x_wconf 88' lang='lat' dir='ltr'><strong>ad</strong></span> <span class='ocrx_word' id='word_1_503' title='bbox 1294 4835 1450 4896; x_wconf 64' lang='lat' dir='ltr'><strong>segniorem.</strong></span> 
     </span>
    </p>
   </div>
   <div class='ocr_carea' id='block_1_6' title="bbox 0 0 1630 5775">
    <p class='ocr_par' dir='ltr' id='par_1_10' title="bbox 0 0 1630 5775">
     <span class='ocr_line' id='line_1_48' title="bbox 0 0 1630 5775; baseline 0 0"><span class='ocrx_word' id='word_1_504' title='bbox 0 0 1630 5775; x_wconf 95' lang='lat' dir='ltr'><strong> </strong></span> 
     </span>
    </p>
   </div>
  </div>
 </body>
</html>
