3242 5775
586 663 732 709 comesus
755 664 927 711 mererent
949 666 1007 711 un.
1022 666 1050 710 r.
1223 675 1229 680 ·
1347 657 1408 721 dlt
1504 655 1506 659 ’

215 831 369 896 comere,
395 822 428 875 et
449 812 589 895 'quidem
611 814 744 894 integro,
766 823 800 876 ut
821 834 857 878 er
878 815 937 877 hoc
958 815 1019 877 sint
1039 816 1222 897 incorrupti,
1244 820 1320 883 ethi
1334 840 1410 902 pro·

216 924 287 997 pter
310 914 467 995 temporis
487 915 625 977 ultimum
648 916 705 977 iarn
727 927 912 978 momentum
941 925 972 977 et
997 926 1120 997 propter
1148 920 1253 980 merita
1277 923 1410 984 vexatio·
1503 969 1507 974 .

221 1034 292 1079 num
318 1015 493 1077 antichristi
516 1017 726 1095 compendium
755 1018 881 1091 mortis,
909 1017 982 1078 ⁹sed
1012 1019 1132 1092 mutati,
1163 1019 1412 1101 ¹⁰consequentur

224 1116 451 1197 ²'superinduti
473 1116 568 1196 magis
591 1118 669 1195 quod
692 1118 729 1179 dc
751 1118 832 1179 caelo
856 1126 904 1180 est
925 1136 1011 1198 quam
1035 1118 1142 1180 ¹²exuti
1165 1139 1285 1201 corpus.
1325 1122 1369 1184 lta
1384 1124 1411 1186 si

224 1218 378 1300 hisnper
401 1236 511 1298 corpus
535 1217 659 1279 induent
680 1219 807 1279 caeleste
829 1219 917 1292 illud,
945 1220 1047 1298 utique
1076 1229 1106 1281 et
1133 1222 1244 1282 mortui
1266 1224 1412 1304 recipient

224 1339 357 1401 corpus,
392 1338 484 1399 super
505 1318 586 1399 quod
609 1328 638 1380 et
665 1319 724 1398 ipsi
752 1319 875 1380 induant
897 1320 1127 1398 incorruptelam
1150 1322 1306 1395 decae103
1343 1324 1411 1403 quia

225 1432 253 1484 et
274 1422 315 1483 de
339 1420 402 1482 illis
423 1420 480 1491 ait,
503 1419 634 1481 Necesse
657 1429 704 1481 est
718 1420 922 1501 corruptivum
943 1420 1023 1481 istud
1038 1420 1163 1481 induere
1179 1422 1529 1503 incorruptelamrcnnv,

227 1533 254 1584 et
273 1521 409 1585 mortale
431 1520 510 1582 istud
533 1521 794 1583 immortalitatem.
832 1521 876 1582 llli
899 1521 1041 1592 induunt,
1065 1539 1130 1582 cum
1152 1524 1320 1603 receperint
1340 1543 1410 1586 cor·

226 1641 296 1704 pus,
326 1622 379 1684 isti
403 1622 638 1702 superinduunt,
671 1622 740 1701 quia
763 1641 824 1683 non
847 1622 1001 1683 amiserint
1023 1640 1150 1702 corpus,
1180 1632 1210 1685 et
1230 1624 1298 1685 ideo
1322 1624 1411 1687 ’'non

227 1734 340 1787 temere
363 1722 441 1784 dixit
460 1722 599 1783 nolentes
621 1723 688 1783 exui
711 1740 854 1803 corpore,
878 1723 930 1783 sed
953 1723 1143 1801 superindui,
1165 1725 1195 1785 id
1211 1732 1259 1786 est
1273 1725 1410 1788 nolentes
1423 1747 1527 1800 nuans,

227 1836 356 1888 mortem
380 1823 526 1903 experiri,
559 1823 612 1884 sed
635 1824 693 1884 rita
715 1824 895 1905 praeveniri,
924 1824 967 1885 uti
989 1824 1148 1885 devoretur
1169 1826 1293 1887 mortale
1314 1825 1411 1889 hoca

228 1925 314 2000 nw,
338 1925 413 1987 dum
437 1924 562 2003 eripitur
576 1924 665 1985 morti
680 1943 734 2005 per
749 1925 1045 2005 superindumentum
1061 1925 1283 1988 demutationis.
1313 1926 1410 1987 ¹⁴ldeo

182 2023 183 2028 ’
232 2028 294 2108 quia
318 2026 458 2088 ostendit
478 2024 537 2085 hoc
558 2025 665 2086 melius
693 2044 776 2098 esse,
806 2045 845 2087 ne
873 2025 1087 2087 contristemur
1114 2026 1237 2104 mortis,
1272 2027 1300 2088 si
1321 2028 1409 2099 sorte,

232 2138 409 2209 praeventu,
443 2134 474 2189 ct
500 2125 676 2187 arrabonem
705 2146 760 2188 nos
789 2126 913 2205 spiritus
942 2125 1056 2187 dicit-a
1085 2126 1142 2187 deo
1165 2127 1292 2201 habere,
1325 2125 1410 2207 quasi

235 2229 436 2310 ¹'pignoratos
459 2228 489 2288 in
513 2227 635 2289 eandem
659 2225 743 2308 'spem
766 2226 1038 2306 superindumenti,
1061 2228 1092 2287 rit
1110 2226 1217 2288 abesse
1238 2246 1254 2288 a
1277 2227 1410 2300 domino,

235 2331 368 2409 quamdiu
392 2329 425 2390 in
448 2347 537 2390 carne
560 2347 679 2401 sumus,
704 2328 765 2389 ¹⁸ac
780 2339 938 2408 propterea
954 2327 1064 2388 debere
1083 2327 1153 2387 honi
1177 2327 1284 2389 ducere
1305 2328 1411 2389 abesse
1446 2331 1450 2336 ’

236 2432 325 2510 potius
348 2450 365 2493 a
389 2448 519 2510 corpore
541 2439 571 2491 et
592 2448 662 2492 esse
680 2449 746 2491 cum
761 2429 902 2502 domiuo,
925 2436 958 2489 ut
980 2438 1009 2490 et
1031 2436 1158 2489 mortem
1180 2427 1335 2490 ”libenter
1357 2446 1409 2488 er·

238 2532 385 2611 riphmus.
420 2532 517 2610 Atque
537 2531 611 2592 adeo
635 2549 739 2592 omnes
762 2531 802 2592 ait
824 2549 881 2590 nos
898 2538 1039 2610 oportere
1059 2529 1242 2609 manitestari
1264 2536 1332 2590 ante
1352 2527 1409 2590 tri·
1424 2550 1529 2596 rnna-

238 2630 315 2695 buoal
332 2632 466 2704 Christi,
488 2641 519 2693 ut
541 2632 663 2711 recipiat
684 2632 891 2710 unusquisque
914 2649 988 2710 quac
1010 2649 1066 2710 per
1087 2650 1198 2711 corpus
1214 2630 1333 2694 admisit
1347 2630 1411 2692 sive

238 2732 340 2797 bonurn
363 2734 430 2795 sive
453 2733 573 2794 malum.
617 2733 648 2794 Si
671 2733 750 2793 enim
774 2741 844 2794 tunc
864 2731 1021 2793 retributio
1044 2732 1234 2806 meritorum,
1257 2731 1410 2811 quomodo

238 2833 284 2898 iun
307 2836 401 2916 aliqui
425 2851 492 2896 cum
521 2833 576 2895 deo
605 2841 747 2913 poterunt
774 2832 933 2913 deputari?
975 2834 1012 2894 Et
1040 2833 1168 2896 tribunal
1190 2841 1286 2896 autem
1308 2832 1409 2894 nomi-

237 2939 327 2999 nando
352 2945 384 2998 et
407 2935 646 3015 dispunctionem
676 2935 747 2996 honi
776 2953 810 2995 ac
838 2934 905 2995 mali
934 2935 1035 3013 operis
1063 2938 1218 3015 utriusque
1246 2935 1411 2997 sententiae
1508 2947 1510 2950 ⁴

236 3037 358 3100 iudicem
383 3037 532 3108 ostendit,
555 3044 585 3096 et
608 3036 794 3116 ¹’corporum
820 3036 951 3096 omnium
974 3037 1277 3116 repraesentationem
1299 3037 1410 3098 contir-

182 3162 184 3207 ς
234 3141 329 3200 mavit.
367 3138 435 3199 Non
459 3137 538 3197 enim
561 3136 671 3215 poterit
693 3137 772 3214 quod
795 3155 921 3214 corpore
943 3136 1105 3198 admissum
1133 3146 1261 3198 estnon
1284 3155 1411 3216 corpore

236 3238 394 3300 ¹’iudicari
427 3237 552 3316 Iniquus
568 3237 645 3296 enirn
662 3236 752 3306 deus,
776 3236 801 3295 si
825 3253 886 3296 non
909 3254 962 3314 per
984 3237 1014 3294 id
1035 3239 1156 3314 punitur
1178 3239 1245 3315 quis
1261 3246 1312 3298 aut
1325 3237 1411 3299 iura·

234 3347 280 3400 tur
299 3357 357 3419 per
379 3339 459 3417 quod
483 3346 623 3417 operatus
647 3345 702 3396 est.
747 3336 778 3396 Si
801 3355 857 3415 que
881 3355 952 3414 ergo
975 3334 1106 3395 conditio
1129 3354 1205 3396 nova
1227 3337 1257 3397 in
1280 3337 1409 3409 Christo,
1424 3326 1524 3419 ¹¹³·1'gjf·

234 3450 330 3501 vetera
352 3439 553 3509 transierunt,
577 3456 644 3498 eoce
666 3456 741 3497 nova
764 3439 838 3498 facta
861 3444 932 3496 sunt
954 3436 1068 3507 omnia,
1097 3435 1216 3513 impleta
1239 3446 1286 3497 est
1306 3436 1411 3496 Esaiae
1424 3425 1496 3477 Μ’*
1505 3428 1529 3469 ¹⁹

234 3541 400 3620 prophetia.
435 3539 466 3600 Si
490 3539 578 3599 etiam
602 3538 683 3599 iubet
704 3546 736 3598 ut
758 3537 937 3598 mundemus
960 3554 1016 3596 nos
1039 3535 1075 3595 ab
1098 3535 1320 3614 inquinamento
1344 3525 1527 3628 car-flffifff'·

236 3641 282 3702 nis
305 3650 336 3702 et
356 3640 524 3719 sanguinis,
548 3658 607 3699 non
632 3639 827 3699 substantiam
851 3656 957 3716 capere
979 3654 1103 3714 regnum
1127 3635 1191 3707 dei,
1219 3636 1245 3697 si
1267 3645 1298 3698 et
1318 3635 1529 3715 virgi-neom,

238 3759 304 3802 nem
328 3751 457 3802 sanctam
482 3740 611 3801 destinat
634 3738 788 3800 ecclesiam
811 3738 966 3816 adsignare
982 3737 1112 3809 Christo,
1136 3737 1237 3816 utique
1260 3746 1293 3799 ut
1314 3754 1410 3817 spon·

240 3858 300 3902 tam
323 3861 452 3922 sponso,
475 3860 537 3901 non
561 3849 659 3919 potest
680 3840 777 3918 imago
800 3839 939 3917 coniungi
961 3838 1080 3900 inimico
1097 3837 1229 3900 veritatis
1244 3837 1288 3900 rei
1303 3839 1410 3919 ipsius.
1499 3854 1502 3858 ·

241 3940 270 4002 Si
291 3949 322 4003 et
345 3941 595 4022 pseudapostolos
629 3942 699 4001 dicit
727 3941 883 4020 operarios
913 3939 1036 4000 dolosos
1065 3940 1324 4018 transfiguratores
1353 3939 1527 4014 sutucocru.

242 4058 292 4119 per
313 4043 481 4122 hypocrisin
505 4041 635 4109 scilicet,
659 4041 910 4113 conversationis,
932 4059 994 4100 non
1016 4039 1243 4119 praedicationis
1261 4040 1409 4102 adultera·

245 4150 287 4201 tae
307 4162 375 4204 reos
396 4153 484 4206 taxet.
529 4143 611 4203 Adeo
634 4142 670 4203 de
693 4142 864 4222 disciplina,
886 4160 947 4201 non
970 4141 1006 4202 de
1027 4140 1178 4201 divinitate
1200 4140 1411 4204 dissidebatur.

248 4239 276 4302 Si
296 4246 518 4325 transfiguratur
541 4252 659 4304 satanas
681 4243 711 4304 iu
735 4243 870 4322 angelum
889 4242 981 4315 lucis,
1005 4260 1066 4302 non
1079 4250 1180 4321 potest
1194 4243 1252 4304 hoc
1273 4242 1360 4323 dirigi
1381 4242 1411 4304 iu
1426 4249 1523 4293 rnen.

249 4390 270 4441 1.
286 4397 374 4456 quidem
392 4401 459 4448 obed.
496 4398 536 4460 qui
556 4397 586 4445 de
605 4397 647 4445 BG.
700 4396 723 4445 9.
743 4404 767 4446 et
785 4396 867 4444 mutati
887 4394 929 4443 BC.
966 4394 1080 4445 demutati
1098 4395 1211 4444 luticios.
1265 4394 1304 4444 10.
1323 4408 1410 4444 cousc-

251 4467 470 4522 qmntnrtotiotus.
523 4463 560 4513 11.
579 4464 720 4526 superindui
740 4464 762 4512 d.
808 4462 847 4511 12.
867 4463 919 4510 exui
938 4461 981 4510 BC.
1025 4460 1063 4510 1³.
1082 4476 1130 4510 uon
1149 4462 1245 4512 omlld.
1284 4462 1323 4512 rt.
1341 4460 1411 4511 ldeo·

251 4541 291 4589 que
308 4534 403 4582 custodit
420 4535 481 4584 Petr.
494 4532 638 4581 ciacconius.
694 4531 730 4579 15.
750 4533 890 4594 pigneratos
909 4529 933 4577 b.
979 4528 1018 4578 16.
1037 4537 1061 4578 et
1079 4529 1104 4578 b.
1150 4528 1189 4577 17.
1209 4531 1312 4579 libenter·
1329 4544 1374 4579 cm.
1387 4527 1410 4576 C.

252 4593 287 4644 18.
302 4602 463 4664 temporalium
483 4601 592 4647 omnium
610 4598 653 4648 BG.
709 4597 747 4647 19.
766 4597 880 4648 vindicari
901 4598 1011 4646 latinius.
1048 4597 1129 4646 Probat
1147 4598 1287 4648 Fclnnt'ns.

250 4742 378 4784 tonnulae
400 4736 561 4800 reperiuntur
584 4734 750 4797 reprehendere
776 4738 799 4780 et
850 4731 885 4779 be
903 4730 978 4792 Magia
997 4746 1049 4794 cap.
1061 4730 1103 4781 11.
1122 4731 1209 4795 pant.
1230 4731 1267 4779 ed.
1279 4728 1343 4777 llild.

251 4798 407 4861 bretmdere.
443 4804 482 4853 Ct.
503 4802 559 4850 adrr.
579 4803 631 4849 crit.
650 4800 679 4849 cd
697 4800 797 4864 tpolog.
885 4814 905 4846 c.
932 4799 965 4847 nti
988 4798 1116 4847 deauretur
1141 4798 1242 4846 mortale
1260 4787 1410 4853 hocaritn]
1519 4822 1522 4827 -

250 4874 309 4931 upp.
325 4869 353 4921 11
368 4881 391 4922 ει
411 4871 453 4921 19.
490 4869 527 4918 td
545 4867 607 4917 Natt.
626 4867 656 4928 ll,
671 4866 694 4916 1.
729 4867 799 4931 Apul.
852 4857 1410 4923 behccctiuirahellesurr.Caruireap.td.
