3242 5775
191 697 195 705 ,
266 623 339 690 ’470
413 665 417 673 »
526 635 629 689 nuntii
650 631 782 678 suerum
803 629 970 675 rsoieitris
993 624 1190 672 resumtum

276 787 355 852 enim
376 781 610 865 ”uuusquisque
631 782 677 845 iel
698 790 798 845 motus
820 779 857 842 de
879 778 971 859 gradu
994 777 1058 839 eius
1080 774 1143 854 spei
1166 791 1252 853 quam
1276 789 1357 833 susce

277 885 355 971 apud
376 894 541 949 creatorem
563 884 647 945 lacilo
666 883 725 946 iam
748 880 911 944 declinatur
928 879 964 940 ad
979 878 1099 940 alterius
1116 875 1180 955 spei
1195 881 1349 935 auctorem

277 988 384 1052 ”ultro
413 985 634 1067 suspicandum.
684 983 742 1045 Per
764 981 964 1043 diversitatem
993 979 1072 1039 enim
1094 975 1328 1055 promissionum
1352 995 1357 1031 t

279 1090 352 1154 sitas
374 1087 543 1151 insinuatur
557 1085 691 1147 deorum.
725 1083 775 1146 Sic
796 1082 907 1144 multos
928 1080 1094 1160 ”inretitos
1117 1076 1267 1147 videmus,
1291 1075 1357 1135 dum

278 1191 316 1253 de
337 1186 558 1251 resurrectione
580 1184 677 1247 earnis
699 1183 878 1246 ¹'eliduntur
900 1200 986 1261 quam
1008 1181 1045 1241 de
1066 1178 1177 1239 unione
1193 1176 1354 1237 divinitatis

279 1290 380 1353 dunt&
423 1287 516 1367 igitur
537 1294 678 1367 quantum
699 1285 735 1347 ad
757 1283 939 1355 haereticos,
974 1278 1241 1342 demonstravimus
1270 1295 1330 1355 quo

278 1386 524 1453 ¹'occurrendum
553 1369 636 1448 sit'a
664 1385 763 1447 nobis.
818 1384 856 1445 Et
881 1400 1038 1468 occursum
1066 1390 1114 1441 est
1140 1379 1226 1439 ”iam
1254 1396 1311 1438 suo
1335 1396 1357 1455 q*

279 1489 381 1563 titulo,
404 1487 442 1550 de
464 1487 521 1548 deo
543 1485 661 1565 quidem
685 1486 772 1547 unico
795 1492 825 1545 et
848 1483 966 1545 Cliristo
995 1479 1076 1541 eius‘
1097 1481 1237 1541 adversus
1260 1476 1357 1538 Marcii

281 1589 319 1652 de
339 1605 427 1652 carue
448 1606 519 1649 vero
541 1586 654 1647 domini
676 1586 765 1648 etiam·
786 1585 929 1647 adversus
949 1591 1085 1661 quatuor
1106 1582 1277 1651 haeresem,
1312 1577 1349 1639 ad

280 1690 407 1752 maxime
428 1687 632 1768 quaestionem
655 1684 915 1766 praestruendam3
938 1683 980 1743 uti
1003 1702 1082 1743 nuuc
1103 1682 1140 1742 dc
1156 1681 1219 1741 sola
1234 1679 1358 1741 carnisi

281 1788 414 1851 rectione
436 1787 476 1848 ita
498 1786 719 1866 ”digerendum
743 1786 797 1857 sit,
826 1793 964 1864 tanquam
995 1802 1087 1863 penes
1110 1801 1167 1843 nos
1190 1800 1309 1860 quoque
1332 1780 1357 1841 iii

281 1888 312 1951 id
334 1897 382 1950 est
401 1906 493 1968 penes
516 1896 689 1948 creatorem.
733 1886 805 1947 Nam
828 1885 961 1947 etmulti
985 1885 1089 1956 rudes,
1113 1892 1142 1944 et
1163 1882 1296 1961 plerique
1322 1899 1358 1940 su

283 1987 380 2061 dubii,
404 1995 434 2048 et
456 1975 605 2066 simplices
628 1986 744 2067 plures,
774 2005 849 2065 quos
872 1985 996 2057 instrui,
1026 1983 1128 2063 dirigi,
1156 1983 1264 2044 muniri
1293 2001 1357 2061 opo

283 2087 351 2168 quia
373 2094 404 2148 et
425 2085 482 2147 hoe
503 2086 593 2148 latere
615 2088 687 2149 unio
708 2085 870 2147 divinitatis
885 2083 1097 2145 ”defendetur
1131 2082 1242 2144 ³²Sicut
1257 2083 1357 2143 enimi

284 2186 383 2250 caruis
404 2186 623 2248 resurrectione
646 2187 827 2260 oonmtitur,
850 2186 889 2256 ita
904 2185 1049 2245 vindicata
1063 2183 1306 2245 ⁸³constabilitur.
1335 2183 1357 2243 A

283 2295 381 2349 autem
405 2286 530 2348 salutem
552 2287 640 2348 credo
663 2295 822 2349 retractatu
845 2304 955 2347 carere.
996 2286 1107 2347 Omnes
1131 2285 1209 2345 enim
1231 2285 1292 2344 lere
1317 2285 1353 2344 lia

285 2405 351 2450 eam
377 2384 526 2467 '‘quoquo
555 2387 645 2449 modo
673 2386 819 2460 “volunt‚
852 2395 948 2447 tamen
978 2404 1039 2446 noii
1070 2394 1187 2463 negant.
1237 2384 1352 2444 Viderit

284 2485 402 2566 'aliqui
426 2485 594 2558 tuunost,
616 2505 673 2547 nec
693 2486 763 2547 litiic
783 2485 902 2565 quidem
926 2485 1108 2547 substantiae
1130 2503 1270 2564 parcens,
1294 2502 1357 2563 quai

285 2584 412 2647 mudum
434 2584 622 2646 Aristotelem
645 2585 828 2646 dissolvens⁶
851 2585 928 2646 aliud
950 2584 1048 2664 ³'quid
1071 2604 1125 2664 pro
1148 2605 1182 2646 ea
1205 2584 1328 2658 subicit,

283 2683 358 2747 tium
379 2683 517 2763 quiddam
538 2696 780 2758 resurrecturus,
803 2705 899 2765 neque
921 2686 1016 2747 anima
1040 2704 1135 2765 neque
1158 2704 1243 2758 caro,
1273 2685 1303 2746 id
1327 2704 1357 2746 es

284 2784 392 2858 lromo,
415 2784 469 2847 sed
491 2801 580 2847 ursus
602 2787 744 2861 forsitan,
767 2786 852 2865 ”qua
875 2785 1044 2847 Lucanus&
1084 2786 1179 2847 Habet
1200 2796 1229 2846 et
1251 2788 1308 2848 iste
1331 2805 1347 2847 a

285 2935 327 2987 23.
345 2936 518 3000 unusquisquis
535 2939 562 2986 A.
612 2936 655 2989 tt.
673 2939 737 2988 ultro
757 2939 827 2989 Ouid.
845 2940 961 2999 Lsoreut,
981 2941 1045 2989 folo.
1057 2941 1162 2990 Ursinus.
1197 2940 1259 2989 ultro
1277 2940 1335 2989 aue.
1353 2948 1357 2988 t

285 3005 365 3052 tieasi.
416 3001 456 3051 25.
476 3003 596 3053 hereticos
614 3006 638 3055 B.
691 3005 732 3055 to.
751 3004 844 3054 elidunt
863 3007 887 3054 ll.
941 3005 980 3054 tt.
1001 3009 1091 3057 elidant
1107 3009 1132 3057 A.
1168 3023 1194 3055 se
1213 3007 1305 3055 elidunt
1325 3008 1357 3056 Ais

285 3070 311 3119 is
328 3068 409 3118 cerae
460 3067 501 3119 28.
527 3072 702 3122 emanrrsudu
727 3075 778 3123 led.
819 3073 995 3123 decnirendom
1019 3077 1112 3139 reliqui,
1137 3082 1159 3124 et
1177 3076 1283 3124 laurent.
1343 3073 1357 3122 A

285 3136 389 3199 mulcti.
424 3136 494 3186 etiam
511 3138 588 3188 tuci.
607 3140 714 3190 deusest.
772 3139 988 3201 tunguenesin
1007 3144 1047 3202 sit,
1072 3151 1184 3206 tauquam
1203 3157 1278 3206 penes
1297 3148 1343 3189 rios

286 3204 377 3253 roseit·
395 3201 586 3263 siucertumAll.)
604 3206 682 3256 levesi
700 3207 745 3267 (rel
761 3208 832 3256 cstll.
858 3223 887 3256 ue
906 3216 943 3257 est
960 3210 1111 3268 dictitent.)
1130 3224 1205 3274 penes
1224 3217 1357 3258 creatorem

286 3270 395 3322 mesi.
434 3271 495 3321 Haec
518 3275 633 3337 scripturo
647 3277 747 3338 prisiatii
770 3277 882 3324 manauit
908 3277 936 3324 de
954 3279 1022 3325 codd.
1042 3278 1160 3339 Gasqnei'i.
1211 3277 1318 3338 digeram
1344 3284 1357 3324 ti

284 3350 363 3402 penes
379 3351 424 3386 uos
443 3339 568 3400 incertum,
586 3341 642 3390 dum
658 3343 690 3391 sit
707 3357 803 3407 quoque
822 3350 912 3391 sartum
932 3358 1006 3406 penei
1024 3353 1157 3392 creatorem
1178 3343 1217 3393 t'd.
1249 3345 1355 3392 Proiecit

285 3405 348 3454 sisa.
389 3402 430 3453 tt.
448 3404 585 3456 detenditur
602 3416 649 3458 tres
670 3410 779 3460 Votieosi.
824 3408 863 3458 ³2.
884 3411 957 3458 Sicuti
977 3414 1028 3461 licd.
1072 3410 1112 3459 33.
1131 3411 1253 3460 stabilitur
1270 3414 1294 3460 t.
1336 3407 1357 3459 3¹

287 3470 360 3520 made
378 3470 404 3521 G.
421 3471 457 3528 (At
474 3474 588 3536 isissrp.
606 3483 640 3525 est
658 3490 755 3540 quoquo
775 3476 866 3533 model.
910 3479 991 3527 Protot
1010 3479 1047 3528 Fr.
1059 3479 1145 3527 lenies.
1208 3478 1249 3527 ot.
1267 3477 1341 3526 velint

286 3540 368 3615 lisias.
410 3536 451 3587 ³6.
470 3538 543 3603 aliqui
561 3542 641 3599 (alicui
659 3544 695 3601 A.)
713 3544 817 3594 luctet.
854 3544 940 3607 aliquis
959 3563 981 3594 n.
1022 3545 1255 3609 anquirente.
1300 3543 1341 3593 38.

287 3603 400 3669 quiddam
420 3614 599 3657 resurrecturus
617 3612 651 3660 tc.
691 3611 786 3661 tertium
805 3610 918 3674 quiddam
938 3620 1128 3661 resurrecturum
1152 3631 1183 3673 a,
1203 3615 1231 3662 de
1250 3613 1318 3661 codd.
1337 3613 1357 3661 G.

287 3671 400 3736 quiddam
419 3682 610 3723 resurrecturum
628 3670 689 3726 And.
708 3679 815 3739 Mareu.
856 3679 924 3741 quasi
950 3682 981 3727 eit
1006 3680 1100 3728 tertium
1126 3681 1238 3744 quiddam
1264 3693 1357 3728 resurra

288 3738 321 3800 A,
342 3753 372 3789 es
388 3740 679 3792 mammutium.
731 3742 773 3794 ³9.
790 3760 837 3809 qua
856 3747 908 3795 ted.
943 3748 1055 3810 tanquam
1074 3749 1166 3813 reliqui,
1186 3756 1206 3797 et
1225 3747 1332 3797 inurent.

322 3882 344 3919 s.
362 3880 433 3948 quam
452 3869 482 3919 de
497 3871 586 3921 unione
597 3872 725 3925 divinitatis
734 3872 848 3943 elidunt]
897 3876 1073 3942 Pseudo-orig,
1093 3880 1274 3943 Philosophum.
1294 3886 1357 3944 pop*

289 3932 366 3994 Quam
383 3935 408 3984 lo
426 3936 666 4000 ipsahaereticorrm
676 3948 847 4006 matraapeme
897 3945 988 3996 ldiller:
1012 3939 1059 4002 „‘0
1077 3941 1200 4012 niv-yde
1220 3942 1357 3995 Πλάτωνι

288 3998 423 4079 diseqduut,
443 4001 477 4081 de
495 4004 583 4054 anione
607 4006 743 4067 divinitatis,
768 4010 792 4059 id
810 4020 848 4059 est
897 4025 958 4073 ror,
982 4005 996 4060 i
1023 4009 1052 4062 δὲ
1068 4005 1250 4080 Ἀριστοτέόης
1273 4008 1357 4065 tuere

288 4065 409 4130 duplicem
428 4064 572 4146 divinitatem
591 4074 723 4135 susdeudo,
741 4076 788 4125 iani
807 4092 846 4126 ie·
897 4073 942 4126 καὶ
959 4075 1028 4142 μετὰ
1046 4081 1132 4130 tenea
1158 4075 1204 4129 irai
1229 4075 1332 4142 ταύτην
1353 4100 1357 4129 i

287 4146 330 4183 rae
340 4140 363 4184 el
373 4144 490 4196 genuinae
504 4140 602 4200 regulae
612 4150 745 4192 sectatores
755 4143 847 4192 elisori.
898 4140 1022 4201 vitreum
1044 4146 1083 4212 τῷ
1101 4143 1330 4214 πεμτῷ.σώματι.

321 4201 339 4250 l.
363 4199 393 4249 de
417 4202 462 4252 deo
487 4205 584 4267 quidem
609 4209 679 4258 unico
704 4218 728 4258 et
751 4209 847 4260 Christo
899 4207 1007 4261 ridetur
1023 4203 1094 4264 εἶναι
1115 4212 1185 4280 ’μετὰ
1208 4215 1264 4264 τών
1287 4211 1357 4264 moi

288 4262 353 4330 eiua]
370 4264 449 4318 Libris
469 4270 489 4320 ll
508 4280 532 4321 et
549 4270 582 4322 tlt
600 4274 651 4324 ada.
668 4275 824 4327 Marcionem.
899 4272 1002 4345 σάρων,
1022 4280 1071 4330 τοῦ
1090 4277 1357 4349 commiscueritis:

322 4345 344 4396 ς.
363 4332 393 4399 de
417 4349 488 4386 carue
512 4354 567 4388 iero
592 4341 682 4391 domiui
707 4344 777 4393 etiam
802 4344 846 4392 ad·
899 4346 947 4394 cod
965 4339 1065 4403 idaeos
1086 4345 1133 4397 καὶ
1156 4347 1205 4397 τοῦ
1230 4343 1310 4415 ἀέρος
1334 4347 1357 4402 it

286 4405 623 4479 versusquatuoihaereses]
641 4408 847 4460 Librollecaroe
898 4428 958 4480 ρον,
984 4402 1044 4464 οἷον
1066 4416 1206 4483 πνεῦμα.“
1254 4419 1291 4468 et.
1313 4417 1358 4468 tter

288 4464 399 4545 Christi,¹
418 4480 466 4534 quo
496 4481 567 4522 uuam
595 4477 704 4526 conlutat
735 4478 846 4528 haeresin
897 4480 966 4542 lliog.
987 4484 1065 4533 lueri.
1085 4485 1201 4543 ululat.

286 4532 423 4593 Marcionis,
441 4536 540 4587 alteiam
560 4540 659 4603 Apellis,
683 4551 707 4591 et
723 4544 784 4594 duas
802 4545 847 4594 Va·
931 4550 953 4598 li.
973 4566 1018 4613 qua
1038 4549 1168 4618 Lucanus]
1188 4542 1357 4608 triduoue

287 4600 484 4651 leutiuiauorum.
897 4617 947 4665 Lat.
967 4617 990 4674 V,
1011 4619 1058 4666 100
1084 4621 1159 4679 „llrri
1184 4621 1278 4669 Lucana
1305 4620 1357 4681 orig

320 4667 345 4716 li.
362 4664 486 4786 luctuosi
509 4671 544 4720 lle
562 4668 609 4723 buc
632 4676 663 4724 el.
681 4677 737 4726 Adi.
755 4678 846 4729 Omnes
898 4685 960 4731 uuile
979 4684 1022 4743 illi,
1042 4689 1127 4745 nostri,
1152 4684 1282 4750 ab‘ipsius
1297 4703 1357 4736 *soce

282 4727 385 4810 neerei.
404 4744 489 4799 cap..
549 4805 554 4815 ο
712 4806 721 4820 ,
895 4748 987 4808 uttan
1006 4744 1099 4817 „Atque
1118 4757 1167 4803 ursi
1184 4754 1357 4819 potiuslumu

319 4815 336 4851 i.
359 4802 491 4854 secundom
516 4806 668 4858 Aristotelem
698 4804 845 4879 dissolvens]
897 4816 981 4865 Luci.“
