<?xml version="1.0" encoding="UTF-8"?>
<!DOCTYPE html PUBLIC "-//W3C//DTD XHTML 1.0 Transitional//EN"
    "http://www.w3.org/TR/xhtml1/DTD/xhtml1-transitional.dtd">
<html xmlns="http://www.w3.org/1999/xhtml" xml:lang="en" lang="en">
 <head>
  <title>
</title>
<meta http-equiv="Content-Type" content="text/html;charset=utf-8" />
  <meta name='ocr-system' content='tesseract 3.04.00' />
  <meta name='ocr-capabilities' content='ocr_page ocr_carea ocr_par ocr_line ocrx_word'/>
</head>
<body>
  <div class='ocr_page' id='page_1' title='image "./quaesupersuntom00oehlgoog_0219.png"; bbox 0 0 3242 5775; ppageno 0'>
   <div class='ocr_carea' id='block_1_1' title="bbox 320 643 1271 723">
    <p class='ocr_par' dir='ltr' id='par_1_1' title="bbox 320 643 1271 723">
     <span class='ocr_line' id='line_1_1' title="bbox 320 643 1271 723; baseline -0.005 -3"><span class='ocrx_word' id='word_1_1' title='bbox 320 657 385 720; x_wconf 77' lang='grc'><strong>266</strong></span> <span class='ocrx_word' id='word_1_2' title='bbox 494 643 497 648; x_wconf 61' lang='grc'><strong>’</strong></span> <span class='ocrx_word' id='word_1_3' title='bbox 574 672 675 723; x_wconf 79' lang='lat' dir='ltr'><strong>omnm</strong></span> <span class='ocrx_word' id='word_1_4' title='bbox 698 671 831 715; x_wconf 83' lang='lat' dir='ltr'><strong>sarrrau</strong></span> <span class='ocrx_word' id='word_1_5' title='bbox 852 670 1020 714; x_wconf 82' lang='lat' dir='ltr'><strong>raossrcrss</strong></span> <span class='ocrx_word' id='word_1_6' title='bbox 1042 659 1271 716; x_wconf 80' lang='lat' dir='ltr'><strong>ranrnaaum‘</strong></span> 
     </span>
    </p>
   </div>
   <div class='ocr_carea' id='block_1_2' title="bbox 168 819 1434 3019">
    <p class='ocr_par' dir='ltr' id='par_1_2' title="bbox 196 819 1434 1405">
     <span class='ocr_line' id='line_1_2' title="bbox 196 819 1434 901; baseline 0.001 -18"><span class='ocrx_word' id='word_1_7' title='bbox 196 819 497 900; x_wconf 51' lang='lat' dir='ltr'><strong>ieamexemplum.</strong></span> <span class='ocrx_word' id='word_1_8' title='bbox 540 821 646 901; x_wconf 78' lang='lat' dir='ltr'><strong>Aspice</strong></span> <span class='ocrx_word' id='word_1_9' title='bbox 667 821 755 883; x_wconf 87' lang='lat' dir='ltr'><strong>ticum</strong></span> <span class='ocrx_word' id='word_1_10' title='bbox 778 828 808 883; x_wconf 93' lang='lat' dir='ltr'><strong>et</strong></span> <span class='ocrx_word' id='word_1_11' title='bbox 830 820 952 882; x_wconf 89' lang='lat' dir='ltr'><strong>arbores</strong></span> <span class='ocrx_word' id='word_1_12' title='bbox 976 837 1098 894; x_wconf 82' lang='lat' dir='ltr'><strong>omnes,</strong></span> <span class='ocrx_word' id='word_1_13' title='bbox 1120 837 1187 882; x_wconf 90' lang='lat' dir='ltr'><strong>oum</strong></span> <span class='ocrx_word' id='word_1_14' title='bbox 1209 819 1338 882; x_wconf 82' lang='lat' dir='ltr'><strong>tmctam</strong></span> <span class='ocrx_word' id='word_1_15' title='bbox 1361 831 1434 901; x_wconf 87' lang='lat' dir='ltr'><strong>prot</strong></span> 
     </span>
     <span class='ocr_line' id='line_1_3' title="bbox 219 899 1434 1002; baseline -0.002 -17"><span class='ocrx_word' id='word_1_16' title='bbox 219 899 302 942; x_wconf 59' lang='grc' dir='ltr'><strong>Μ’</strong></span> <span class='ocrx_word' id='word_1_17' title='bbox 319 925 397 996; x_wconf 76' lang='lat' dir='ltr'><strong>rint,</strong></span> <span class='ocrx_word' id='word_1_18' title='bbox 418 920 620 1001; x_wconf 76' lang='lat' dir='ltr'><strong>⁸‘intellegunt</strong></span> <span class='ocrx_word' id='word_1_19' title='bbox 640 922 778 984; x_wconf 89' lang='lat' dir='ltr'><strong>homiues</strong></span> <span class='ocrx_word' id='word_1_20' title='bbox 800 928 945 983; x_wconf 73' lang='lat' dir='ltr'><strong>aestatem</strong></span> <span class='ocrx_word' id='word_1_21' title='bbox 959 921 1229 1002; x_wconf 70' lang='lat' dir='ltr'><strong>appropinquasse,</strong></span> <span class='ocrx_word' id='word_1_22' title='bbox 1250 921 1295 983; x_wconf 90' lang='lat' dir='ltr'><strong>sic</strong></span> <span class='ocrx_word' id='word_1_23' title='bbox 1315 930 1347 984; x_wconf 85' lang='lat' dir='ltr'><strong>et</strong></span> <span class='ocrx_word' id='word_1_24' title='bbox 1360 941 1434 985; x_wconf 70' lang='lat' dir='ltr'><strong>vost</strong></span> 
     </span>
     <span class='ocr_line' id='line_1_4' title="bbox 319 1021 1434 1102; baseline 0.001 -17"><span class='ocrx_word' id='word_1_25' title='bbox 319 1021 452 1085; x_wconf 87' lang='lat' dir='ltr'><strong>videritis</strong></span> <span class='ocrx_word' id='word_1_26' title='bbox 473 1023 546 1083; x_wconf 86' lang='lat' dir='ltr'><strong>haec</strong></span> <span class='ocrx_word' id='word_1_27' title='bbox 566 1022 644 1095; x_wconf 85' lang='lat' dir='ltr'><strong>lieri.</strong></span> <span class='ocrx_word' id='word_1_28' title='bbox 674 1023 781 1085; x_wconf 89' lang='lat' dir='ltr'><strong>scitota</strong></span> <span class='ocrx_word' id='word_1_29' title='bbox 801 1023 833 1084; x_wconf 92' lang='lat' dir='ltr'><strong>in</strong></span> <span class='ocrx_word' id='word_1_30' title='bbox 854 1022 993 1102; x_wconf 85' lang='lat' dir='ltr'><strong>proximo</strong></span> <span class='ocrx_word' id='word_1_31' title='bbox 1015 1040 1083 1084; x_wconf 87' lang='lat' dir='ltr'><strong>esse</strong></span> <span class='ocrx_word' id='word_1_32' title='bbox 1104 1039 1229 1101; x_wconf 86' lang='lat' dir='ltr'><strong>rognum</strong></span> <span class='ocrx_word' id='word_1_33' title='bbox 1251 1022 1309 1084; x_wconf 81' lang='lat' dir='ltr'><strong>dei.</strong></span> <span class='ocrx_word' id='word_1_34' title='bbox 1355 1023 1388 1085; x_wconf 92' lang='lat' dir='ltr'><strong>Si</strong></span> <span class='ocrx_word' id='word_1_35' title='bbox 1417 1042 1434 1086; x_wconf 90' lang='lat' dir='ltr'><strong>e</strong></span> 
     </span>
     <span class='ocr_line' id='line_1_5' title="bbox 320 1122 1434 1203; baseline -0.001 -16"><span class='ocrx_word' id='word_1_36' title='bbox 320 1123 562 1187; x_wconf 87' lang='lat' dir='ltr'><strong>lmctiiicationes</strong></span> <span class='ocrx_word' id='word_1_37' title='bbox 576 1123 800 1186; x_wconf 88' lang='lat' dir='ltr'><strong>arbuscularum</strong></span> <span class='ocrx_word' id='word_1_38' title='bbox 816 1123 934 1202; x_wconf 89' lang='lat' dir='ltr'><strong>signum</strong></span> <span class='ocrx_word' id='word_1_39' title='bbox 949 1122 1062 1185; x_wconf 82' lang='lat' dir='ltr'><strong>aestivo</strong></span> <span class='ocrx_word' id='word_1_40' title='bbox 1078 1123 1205 1203; x_wconf 88' lang='lat' dir='ltr'><strong>tempori</strong></span> <span class='ocrx_word' id='word_1_41' title='bbox 1219 1132 1388 1202; x_wconf 87' lang='lat' dir='ltr'><strong>praestant,</strong></span> <span class='ocrx_word' id='word_1_42' title='bbox 1410 1144 1434 1186; x_wconf 85' lang='lat' dir='ltr'><strong>ar</strong></span> 
     </span>
     <span class='ocr_line' id='line_1_6' title="bbox 320 1210 1434 1305; baseline -0.001 -17"><span class='ocrx_word' id='word_1_43' title='bbox 320 1225 452 1290; x_wconf 87' lang='lat' dir='ltr'><strong>cedendo</strong></span> <span class='ocrx_word' id='word_1_44' title='bbox 474 1224 563 1297; x_wconf 88' lang='lat' dir='ltr'><strong>illud,</strong></span> <span class='ocrx_word' id='word_1_45' title='bbox 594 1225 721 1305; x_wconf 82' lang='lat' dir='ltr'><strong>proinde</strong></span> <span class='ocrx_word' id='word_1_46' title='bbox 754 1224 1017 1287; x_wconf 73' lang='lat' dir='ltr'><strong>‘&#39;conflictationes</strong></span> <span class='ocrx_word' id='word_1_47' title='bbox 1045 1210 1157 1285; x_wconf 69' lang='lat' dir='ltr'><strong>“orbis</strong></span> <span class='ocrx_word' id='word_1_48' title='bbox 1180 1223 1296 1303; x_wconf 89' lang='lat' dir='ltr'><strong>signum</strong></span> <span class='ocrx_word' id='word_1_49' title='bbox 1319 1242 1434 1305; x_wconf 80' lang='lat' dir='ltr'><strong>praeno</strong></span> 
     </span>
     <span class='ocr_line' id='line_1_7' title="bbox 319 1324 1434 1405; baseline 0.003 -18"><span class='ocrx_word' id='word_1_50' title='bbox 319 1326 420 1405; x_wconf 85' lang='lat' dir='ltr'><strong>regni,</strong></span> <span class='ocrx_word' id='word_1_51' title='bbox 442 1324 647 1405; x_wconf 89' lang='lat' dir='ltr'><strong>praecedendo</strong></span> <span class='ocrx_word' id='word_1_52' title='bbox 669 1325 752 1386; x_wconf 89' lang='lat' dir='ltr'><strong>iliud.</strong></span> <span class='ocrx_word' id='word_1_53' title='bbox 791 1324 887 1386; x_wconf 88' lang='lat' dir='ltr'><strong>Omne</strong></span> <span class='ocrx_word' id='word_1_54' title='bbox 909 1332 1008 1387; x_wconf 89' lang='lat' dir='ltr'><strong>antem</strong></span> <span class='ocrx_word' id='word_1_55' title='bbox 1029 1324 1146 1403; x_wconf 88' lang='lat' dir='ltr'><strong>signum</strong></span> <span class='ocrx_word' id='word_1_56' title='bbox 1170 1324 1235 1387; x_wconf 89' lang='lat' dir='ltr'><strong>eius</strong></span> <span class='ocrx_word' id='word_1_57' title='bbox 1257 1325 1335 1387; x_wconf 68' lang='lat' dir='ltr'><strong>¹‘est</strong></span> <span class='ocrx_word' id='word_1_58' title='bbox 1350 1330 1434 1390; x_wconf 74' lang='lat' dir='ltr'><strong>maius</strong></span> 
     </span>
    </p>

    <p class='ocr_par' dir='ltr' id='par_1_3' title="bbox 320 1425 1434 1513">
     <span class='ocr_line' id='line_1_8' title="bbox 320 1425 1434 1513; baseline -0.002 -21"><span class='ocrx_word' id='word_1_59' title='bbox 320 1446 369 1493; x_wconf 83' lang='lat' dir='ltr'><strong>res</strong></span> <span class='ocrx_word' id='word_1_60' title='bbox 392 1426 476 1489; x_wconf 90' lang='lat' dir='ltr'><strong>cuius</strong></span> <span class='ocrx_word' id='word_1_61' title='bbox 499 1434 546 1488; x_wconf 90' lang='lat' dir='ltr'><strong>est</strong></span> <span class='ocrx_word' id='word_1_62' title='bbox 567 1426 701 1504; x_wconf 87' lang='lat' dir='ltr'><strong>signum,</strong></span> <span class='ocrx_word' id='word_1_63' title='bbox 731 1434 761 1487; x_wconf 89' lang='lat' dir='ltr'><strong>et</strong></span> <span class='ocrx_word' id='word_1_64' title='bbox 782 1426 864 1487; x_wconf 90' lang='lat' dir='ltr'><strong>omni</strong></span> <span class='ocrx_word' id='word_1_65' title='bbox 887 1426 930 1487; x_wconf 90' lang='lat' dir='ltr'><strong>rei</strong></span> <span class='ocrx_word' id='word_1_66' title='bbox 953 1425 988 1487; x_wconf 91' lang='lat' dir='ltr'><strong>ab</strong></span> <span class='ocrx_word' id='word_1_67' title='bbox 1011 1445 1047 1489; x_wconf 90' lang='lat' dir='ltr'><strong>eo</strong></span> <span class='ocrx_word' id='word_1_68' title='bbox 1069 1426 1233 1513; x_wconf 72' lang='lat' dir='ltr'><strong>imponitur</strong></span> <span class='ocrx_word' id='word_1_69' title='bbox 1260 1426 1381 1505; x_wconf 90' lang='lat' dir='ltr'><strong>signum</strong></span> <span class='ocrx_word' id='word_1_70' title='bbox 1410 1446 1434 1490; x_wconf 82' lang='grc' dir='ltr'>α</span> 
     </span>
    </p>

    <p class='ocr_par' dir='ltr' id='par_1_4' title="bbox 319 1526 1434 1809">
     <span class='ocr_line' id='line_1_9' title="bbox 321 1526 1434 1606; baseline 0.002 -18"><span class='ocrx_word' id='word_1_71' title='bbox 321 1535 367 1588; x_wconf 88' lang='lat' dir='ltr'><strong>est</strong></span> <span class='ocrx_word' id='word_1_72' title='bbox 387 1546 449 1589; x_wconf 88' lang='lat' dir='ltr'><strong>ras.</strong></span> <span class='ocrx_word' id='word_1_73' title='bbox 480 1527 522 1587; x_wconf 92' lang='lat' dir='ltr'><strong>lta</strong></span> <span class='ocrx_word' id='word_1_74' title='bbox 545 1527 571 1589; x_wconf 92' lang='lat' dir='ltr'><strong>si</strong></span> <span class='ocrx_word' id='word_1_75' title='bbox 593 1526 828 1588; x_wconf 83' lang='lat' dir='ltr'><strong>conflictationes</strong></span> <span class='ocrx_word' id='word_1_76' title='bbox 851 1526 935 1604; x_wconf 93' lang='lat' dir='ltr'><strong>signa</strong></span> <span class='ocrx_word' id='word_1_77' title='bbox 950 1534 1022 1588; x_wconf 90' lang='lat' dir='ltr'><strong>sunt</strong></span> <span class='ocrx_word' id='word_1_78' title='bbox 1037 1527 1137 1606; x_wconf 85' lang='lat' dir='ltr'><strong>regni,</strong></span> <span class='ocrx_word' id='word_1_79' title='bbox 1159 1528 1236 1589; x_wconf 90' lang='lat' dir='ltr'><strong>sicut</strong></span> <span class='ocrx_word' id='word_1_80' title='bbox 1250 1527 1434 1590; x_wconf 84' lang='lat' dir='ltr'><strong>lructiiicatia</strong></span> 
     </span>
     <span class='ocr_line' id='line_1_10' title="bbox 319 1626 1434 1707; baseline 0.003 -18"><span class='ocrx_word' id='word_1_81' title='bbox 319 1628 460 1701; x_wconf 85' lang='lat' dir='ltr'><strong>aestatis,</strong></span> <span class='ocrx_word' id='word_1_82' title='bbox 483 1646 554 1707; x_wconf 89' lang='lat' dir='ltr'><strong>ergo</strong></span> <span class='ocrx_word' id='word_1_83' title='bbox 576 1635 607 1689; x_wconf 92' lang='lat' dir='ltr'><strong>et</strong></span> <span class='ocrx_word' id='word_1_84' title='bbox 627 1644 751 1704; x_wconf 91' lang='lat' dir='ltr'><strong>regnum</strong></span> <span class='ocrx_word' id='word_1_85' title='bbox 774 1626 917 1689; x_wconf 87' lang='lat' dir='ltr'><strong>creatoris</strong></span> <span class='ocrx_word' id='word_1_86' title='bbox 939 1635 999 1700; x_wconf 86' lang='lat' dir='ltr'><strong>est,</strong></span> <span class='ocrx_word' id='word_1_87' title='bbox 1020 1627 1132 1690; x_wconf 70' lang='lat' dir='ltr'><strong>”unius</strong></span> <span class='ocrx_word' id='word_1_88' title='bbox 1148 1628 1383 1691; x_wconf 83' lang='lat' dir='ltr'><strong>conflictationes</strong></span> <span class='ocrx_word' id='word_1_89' title='bbox 1399 1629 1434 1693; x_wconf 86' lang='lat' dir='ltr'><strong>ds</strong></span> 
     </span>
     <span class='ocr_line' id='line_1_11' title="bbox 321 1727 1434 1809; baseline -0.001 -16"><span class='ocrx_word' id='word_1_90' title='bbox 321 1739 517 1807; x_wconf 75' lang='lat' dir='ltr'><strong>tantaequae</strong></span> <span class='ocrx_word' id='word_1_91' title='bbox 544 1728 629 1807; x_wconf 89' lang='lat' dir='ltr'><strong>signa</strong></span> <span class='ocrx_word' id='word_1_92' title='bbox 657 1735 728 1789; x_wconf 90' lang='lat' dir='ltr'><strong>sunt</strong></span> <span class='ocrx_word' id='word_1_93' title='bbox 754 1728 849 1806; x_wconf 87' lang='lat' dir='ltr'><strong>regni.</strong></span> <span class='ocrx_word' id='word_1_94' title='bbox 903 1727 1130 1791; x_wconf 81' lang='lat' dir='ltr'><strong>⁸¹·Praemiscrat</strong></span> <span class='ocrx_word' id='word_1_95' title='bbox 1162 1737 1301 1809; x_wconf 88' lang='lat' dir='ltr'><strong>oportere</strong></span> <span class='ocrx_word' id='word_1_96' title='bbox 1331 1730 1434 1793; x_wconf 79' lang='lat' dir='ltr'><strong>basol</strong></span> 
     </span>
    </p>

    <p class='ocr_par' dir='ltr' id='par_1_5' title="bbox 168 1828 1434 2212">
     <span class='ocr_line' id='line_1_12' title="bbox 322 1828 1434 1910; baseline -0.003 -14"><span class='ocrx_word' id='word_1_97' title='bbox 322 1843 379 1896; x_wconf 73' lang='lat' dir='ltr'><strong>mm</strong></span> <span class='ocrx_word' id='word_1_98' title='bbox 402 1830 530 1900; x_wconf 86' lang='lat' dir='ltr'><strong>atrocia,</strong></span> <span class='ocrx_word' id='word_1_99' title='bbox 552 1837 612 1891; x_wconf 89' lang='lat' dir='ltr'><strong>tam</strong></span> <span class='ocrx_word' id='word_1_100' title='bbox 634 1828 715 1902; x_wconf 87' lang='lat' dir='ltr'><strong>dira,</strong></span> <span class='ocrx_word' id='word_1_101' title='bbox 747 1828 821 1890; x_wconf 91' lang='lat' dir='ltr'><strong>deus</strong></span> <span class='ocrx_word' id='word_1_102' title='bbox 848 1828 995 1908; x_wconf 84' lang='lat' dir='ltr'><strong>optimus,</strong></span> <span class='ocrx_word' id='word_1_103' title='bbox 1023 1839 1104 1892; x_wconf 87' lang='lat' dir='ltr'><strong>certa</strong></span> <span class='ocrx_word' id='word_1_104' title='bbox 1125 1848 1142 1891; x_wconf 91' lang='lat' dir='ltr'><strong>a</strong></span> <span class='ocrx_word' id='word_1_105' title='bbox 1163 1830 1319 1910; x_wconf 90' lang='lat' dir='ltr'><strong>prophetis</strong></span> <span class='ocrx_word' id='word_1_106' title='bbox 1341 1840 1372 1892; x_wconf 88' lang='lat' dir='ltr'><strong>et</strong></span> <span class='ocrx_word' id='word_1_107' title='bbox 1393 1850 1410 1893; x_wconf 85' lang='lat' dir='ltr'><strong>a</strong></span> <span class='ocrx_word' id='word_1_108' title='bbox 1429 1831 1434 1893; x_wconf 92' lang='lat' dir='ltr'><strong>l</strong></span> 
     </span>
     <span class='ocr_line' id='line_1_13' title="bbox 319 1929 1434 2014; baseline -0.002 -19"><span class='ocrx_word' id='word_1_109' title='bbox 319 1932 503 2014; x_wconf 86' lang='lat' dir='ltr'><strong>praedicata;</strong></span> <span class='ocrx_word' id='word_1_110' title='bbox 538 1930 613 1992; x_wconf 91' lang='lat' dir='ltr'><strong>adeo</strong></span> <span class='ocrx_word' id='word_1_111' title='bbox 645 1930 741 2007; x_wconf 83' lang='lat' dir='ltr'><strong>lagena</strong></span> <span class='ocrx_word' id='word_1_112' title='bbox 769 1936 799 1990; x_wconf 90' lang='lat' dir='ltr'><strong>et</strong></span> <span class='ocrx_word' id='word_1_113' title='bbox 827 1929 990 2009; x_wconf 87' lang='lat' dir='ltr'><strong>prophetas</strong></span> <span class='ocrx_word' id='word_1_114' title='bbox 1018 1948 1080 1991; x_wconf 89' lang='lat' dir='ltr'><strong>non</strong></span> <span class='ocrx_word' id='word_1_115' title='bbox 1109 1930 1298 2004; x_wconf 76' lang='lat' dir='ltr'><strong>destruebat,</strong></span> <span class='ocrx_word' id='word_1_116' title='bbox 1330 1950 1434 2014; x_wconf 82' lang='lat' dir='ltr'><strong>eumq</strong></span> 
     </span>
     <span class='ocr_line' id='line_1_14' title="bbox 168 2029 1434 2116; baseline -0.01 -8"><span class='ocrx_word' id='word_1_117' title='bbox 168 2061 305 2108; x_wconf 60' lang='lat' dir='ltr'><strong>masam.</strong></span> <span class='ocrx_word' id='word_1_118' title='bbox 319 2034 561 2116; x_wconf 85' lang='lat' dir='ltr'><strong>praedicaverant</strong></span> <span class='ocrx_word' id='word_1_119' title='bbox 581 2031 735 2092; x_wconf 87' lang='lat' dir='ltr'><strong>confirmat</strong></span> <span class='ocrx_word' id='word_1_120' title='bbox 756 2029 859 2109; x_wconf 87' lang='lat' dir='ltr'><strong>pertici</strong></span> <span class='ocrx_word' id='word_1_121' title='bbox 874 2040 1024 2109; x_wconf 87' lang='lat' dir='ltr'><strong>oportere.</strong></span> <span class='ocrx_word' id='word_1_122' title='bbox 1055 2030 1159 2092; x_wconf 79' lang='lat' dir='ltr'><strong>Adhuc</strong></span> <span class='ocrx_word' id='word_1_123' title='bbox 1181 2031 1288 2109; x_wconf 76' lang='lat' dir='ltr'><strong>ingerit</strong></span> <span class='ocrx_word' id='word_1_124' title='bbox 1309 2051 1370 2093; x_wconf 90' lang='lat' dir='ltr'><strong>aon</strong></span> <span class='ocrx_word' id='word_1_125' title='bbox 1393 2043 1434 2096; x_wconf 79' lang='lat' dir='ltr'><strong>tna</strong></span> 
     </span>
     <span class='ocr_line' id='line_1_15' title="bbox 320 2129 1434 2212; baseline -0.001 -15"><span class='ocrx_word' id='word_1_126' title='bbox 320 2136 431 2197; x_wconf 79' lang='lat' dir='ltr'><strong>inarum</strong></span> <span class='ocrx_word' id='word_1_127' title='bbox 453 2132 565 2195; x_wconf 86' lang='lat' dir='ltr'><strong>caelum</strong></span> <span class='ocrx_word' id='word_1_128' title='bbox 587 2131 650 2193; x_wconf 73' lang='lat' dir='ltr'><strong>‘’ac</strong></span> <span class='ocrx_word' id='word_1_129' title='bbox 671 2140 796 2202; x_wconf 87' lang='lat' dir='ltr'><strong>terram,</strong></span> <span class='ocrx_word' id='word_1_130' title='bbox 818 2129 879 2192; x_wconf 90' lang='lat' dir='ltr'><strong>nisi</strong></span> <span class='ocrx_word' id='word_1_131' title='bbox 901 2131 1000 2194; x_wconf 89' lang='lat' dir='ltr'><strong>omnia</strong></span> <span class='ocrx_word' id='word_1_132' title='bbox 1021 2140 1209 2212; x_wconf 89' lang='lat' dir='ltr'><strong>peragantur.</strong></span> <span class='ocrx_word' id='word_1_133' title='bbox 1243 2133 1434 2205; x_wconf 83' lang='lat' dir='ltr'><strong>Quaenamis</strong></span> 
     </span>
    </p>

    <p class='ocr_par' dir='ltr' id='par_1_6' title="bbox 319 2231 1434 2413">
     <span class='ocr_line' id='line_1_16' title="bbox 319 2231 1425 2316; baseline -0.002 -17"><span class='ocrx_word' id='word_1_134' title='bbox 319 2237 351 2298; x_wconf 87' lang='lat' dir='ltr'><strong>Si</strong></span> <span class='ocrx_word' id='word_1_135' title='bbox 373 2255 448 2316; x_wconf 88' lang='lat' dir='ltr'><strong>quae</strong></span> <span class='ocrx_word' id='word_1_136' title='bbox 471 2252 488 2295; x_wconf 91' lang='lat' dir='ltr'><strong>a</strong></span> <span class='ocrx_word' id='word_1_137' title='bbox 509 2240 642 2294; x_wconf 79' lang='lat' dir='ltr'><strong>mentone</strong></span> <span class='ocrx_word' id='word_1_138' title='bbox 664 2231 778 2304; x_wconf 54' lang='lat' dir='ltr'><strong>”sunm</strong></span> <span class='ocrx_word' id='word_1_139' title='bbox 802 2231 909 2293; x_wconf 89' lang='lat' dir='ltr'><strong>marito</strong></span> <span class='ocrx_word' id='word_1_140' title='bbox 932 2231 1124 2295; x_wconf 87' lang='lat' dir='ltr'><strong>sustinebunt</strong></span> <span class='ocrx_word' id='word_1_141' title='bbox 1144 2233 1289 2296; x_wconf 90' lang='lat' dir='ltr'><strong>elementa</strong></span> <span class='ocrx_word' id='word_1_142' title='bbox 1304 2235 1425 2312; x_wconf 73' lang='lat' dir='ltr'><strong>:domini</strong></span> 
     </span>
     <span class='ocr_line' id='line_1_17' title="bbox 321 2331 1434 2413; baseline 0.001 -14"><span class='ocrx_word' id='word_1_143' title='bbox 321 2337 456 2400; x_wconf 87' lang='lat' dir='ltr'><strong>ordinem</strong></span> <span class='ocrx_word' id='word_1_144' title='bbox 480 2334 622 2413; x_wconf 80' lang='lat' dir='ltr'><strong>expungi,</strong></span> <span class='ocrx_word' id='word_1_145' title='bbox 651 2333 677 2394; x_wconf 90' lang='lat' dir='ltr'><strong>si</strong></span> <span class='ocrx_word' id='word_1_146' title='bbox 699 2351 811 2412; x_wconf 84' lang='lat' dir='ltr'><strong>quaen</strong></span> <span class='ocrx_word' id='word_1_147' title='bbox 834 2331 890 2394; x_wconf 89' lang='lat' dir='ltr'><strong>deo</strong></span> <span class='ocrx_word' id='word_1_148' title='bbox 913 2332 1043 2411; x_wconf 88' lang='lat' dir='ltr'><strong>optimo,</strong></span> <span class='ocrx_word' id='word_1_149' title='bbox 1069 2333 1171 2395; x_wconf 89' lang='lat' dir='ltr'><strong>nescio</strong></span> <span class='ocrx_word' id='word_1_150' title='bbox 1194 2336 1434 2400; x_wconf 83' lang='lat' dir='ltr'><strong>ansustineata</strong></span> 
     </span>
    </p>

    <p class='ocr_par' dir='ltr' id='par_1_7' title="bbox 319 2434 1434 2613">
     <span class='ocr_line' id='line_1_18' title="bbox 319 2434 1434 2515; baseline -0.001 -14"><span class='ocrx_word' id='word_1_151' title='bbox 319 2440 381 2501; x_wconf 91' lang='lat' dir='ltr'><strong>lum</strong></span> <span class='ocrx_word' id='word_1_152' title='bbox 402 2447 433 2500; x_wconf 89' lang='lat' dir='ltr'><strong>et</strong></span> <span class='ocrx_word' id='word_1_153' title='bbox 455 2445 531 2497; x_wconf 90' lang='lat' dir='ltr'><strong>terra</strong></span> <span class='ocrx_word' id='word_1_154' title='bbox 554 2434 654 2513; x_wconf 89' lang='lat' dir='ltr'><strong>perlici</strong></span> <span class='ocrx_word' id='word_1_155' title='bbox 683 2451 758 2513; x_wconf 89' lang='lat' dir='ltr'><strong>quae</strong></span> <span class='ocrx_word' id='word_1_156' title='bbox 779 2435 912 2496; x_wconf 89' lang='lat' dir='ltr'><strong>aemulus</strong></span> <span class='ocrx_word' id='word_1_157' title='bbox 935 2434 1047 2496; x_wconf 80' lang='lat' dir='ltr'><strong>statuit</strong></span> <span class='ocrx_word' id='word_1_158' title='bbox 1080 2434 1145 2496; x_wconf 87' lang='lat' dir='ltr'><strong>lloc</strong></span> <span class='ocrx_word' id='word_1_159' title='bbox 1166 2434 1193 2495; x_wconf 89' lang='lat' dir='ltr'><strong>si</strong></span> <span class='ocrx_word' id='word_1_160' title='bbox 1214 2436 1345 2515; x_wconf 88' lang='lat' dir='ltr'><strong>patietur</strong></span> <span class='ocrx_word' id='word_1_161' title='bbox 1366 2445 1434 2500; x_wconf 75' lang='lat' dir='ltr'><strong>meat</strong></span> 
     </span>
     <span class='ocr_line' id='line_1_19' title="bbox 319 2534 1434 2613; baseline -0.004 -12"><span class='ocrx_word' id='word_1_162' title='bbox 319 2539 431 2601; x_wconf 81' lang='lat' dir='ltr'><strong>zelotes</strong></span> <span class='ocrx_word' id='word_1_163' title='bbox 453 2536 528 2596; x_wconf 88' lang='lat' dir='ltr'><strong>deus</strong></span> <span class='ocrx_word' id='word_1_164' title='bbox 556 2553 618 2596; x_wconf 92' lang='lat' dir='ltr'><strong>non</strong></span> <span class='ocrx_word' id='word_1_165' title='bbox 647 2541 704 2595; x_wconf 86' lang='lat' dir='ltr'><strong>est.</strong></span> <span class='ocrx_word' id='word_1_166' title='bbox 748 2534 894 2596; x_wconf 82' lang='lat' dir='ltr'><strong>Transeat</strong></span> <span class='ocrx_word' id='word_1_167' title='bbox 922 2552 975 2613; x_wconf 88' lang='lat' dir='ltr'><strong>age</strong></span> <span class='ocrx_word' id='word_1_168' title='bbox 1002 2552 1082 2597; x_wconf 89' lang='lat' dir='ltr'><strong>nnnc</strong></span> <span class='ocrx_word' id='word_1_169' title='bbox 1108 2543 1187 2596; x_wconf 88' lang='lat' dir='ltr'><strong>terra</strong></span> <span class='ocrx_word' id='word_1_170' title='bbox 1215 2544 1246 2597; x_wconf 92' lang='lat' dir='ltr'><strong>et</strong></span> <span class='ocrx_word' id='word_1_171' title='bbox 1273 2537 1395 2599; x_wconf 88' lang='lat' dir='ltr'><strong>caelum.</strong></span> <span class='ocrx_word' id='word_1_172' title='bbox 1431 2547 1434 2596; x_wconf 66' lang='grc' dir='ltr'><strong>ὲ</strong></span> 
     </span>
    </p>

    <p class='ocr_par' dir='ltr' id='par_1_8' title="bbox 181 2634 1434 2919">
     <span class='ocr_line' id='line_1_20' title="bbox 319 2634 1434 2702; baseline -0.001 -1"><span class='ocrx_word' id='word_1_173' title='bbox 319 2639 398 2701; x_wconf 86' lang='lat' dir='ltr'><strong>anim</strong></span> <span class='ocrx_word' id='word_1_174' title='bbox 420 2635 558 2698; x_wconf 90' lang='lat' dir='ltr'><strong>dominus</strong></span> <span class='ocrx_word' id='word_1_175' title='bbox 581 2653 685 2694; x_wconf 88' lang='lat' dir='ltr'><strong>eorum</strong></span> <span class='ocrx_word' id='word_1_176' title='bbox 700 2634 874 2702; x_wconf 84' lang='lat' dir='ltr'><strong>destinavit.</strong></span> <span class='ocrx_word' id='word_1_177' title='bbox 895 2636 965 2695; x_wconf 92' lang='lat' dir='ltr'><strong>dum</strong></span> <span class='ocrx_word' id='word_1_178' title='bbox 981 2635 1104 2695; x_wconf 82' lang='lat' dir='ltr'><strong>verbum</strong></span> <span class='ocrx_word' id='word_1_179' title='bbox 1119 2636 1186 2694; x_wconf 91' lang='lat' dir='ltr'><strong>eius</strong></span> <span class='ocrx_word' id='word_1_180' title='bbox 1202 2644 1319 2697; x_wconf 89' lang='lat' dir='ltr'><strong>maneat</strong></span> <span class='ocrx_word' id='word_1_181' title='bbox 1332 2636 1363 2697; x_wconf 89' lang='lat' dir='ltr'><strong>iu</strong></span> <span class='ocrx_word' id='word_1_182' title='bbox 1378 2655 1434 2702; x_wconf 83' lang='lat' dir='ltr'><strong>aen</strong></span> 
     </span>
     <span class='ocr_line' id='line_1_21' title="bbox 181 2732 1416 2816; baseline 0 -17"><span class='ocrx_word' id='word_1_183' title='bbox 181 2750 301 2799; x_wconf 64' lang='lat' dir='ltr'><strong>naxus·</strong></span> <span class='ocrx_word' id='word_1_184' title='bbox 321 2739 371 2800; x_wconf 90' lang='lat' dir='ltr'><strong>Sic</strong></span> <span class='ocrx_word' id='word_1_185' title='bbox 393 2736 470 2799; x_wconf 89' lang='lat' dir='ltr'><strong>enim</strong></span> <span class='ocrx_word' id='word_1_186' title='bbox 494 2742 524 2795; x_wconf 92' lang='lat' dir='ltr'><strong>et</strong></span> <span class='ocrx_word' id='word_1_187' title='bbox 545 2733 649 2795; x_wconf 83' lang='lat' dir='ltr'><strong>Esaias</strong></span> <span class='ocrx_word' id='word_1_188' title='bbox 671 2732 692 2764; x_wconf 77' lang='lat'><strong>⁶¹</strong></span> <span class='ocrx_word' id='word_1_189' title='bbox 699 2732 926 2812; x_wconf 86' lang='lat' dir='ltr'><strong>praenuntiavit.</strong></span> <span class='ocrx_word' id='word_1_190' title='bbox 974 2732 1197 2796; x_wconf 80' lang='lat' dir='ltr'><strong>Admoneantur</strong></span> <span class='ocrx_word' id='word_1_191' title='bbox 1218 2744 1249 2809; x_wconf 85' lang='lat' dir='ltr'><strong>et</strong></span> <span class='ocrx_word' id='word_1_192' title='bbox 1269 2737 1416 2816; x_wconf 82' lang='lat' dir='ltr'><strong>discipuli,</strong></span> 
     </span>
     <span class='ocr_line' id='line_1_22' title="bbox 319 2834 1434 2919; baseline 0 -18"><span class='ocrx_word' id='word_1_193' title='bbox 319 2838 438 2919; x_wconf 87' lang='lat' dir='ltr'><strong>quando</strong></span> <span class='ocrx_word' id='word_1_194' title='bbox 460 2842 618 2916; x_wconf 76' lang='lat' dir='ltr'><strong>graventur</strong></span> <span class='ocrx_word' id='word_1_195' title='bbox 639 2834 728 2896; x_wconf 91' lang='lat' dir='ltr'><strong>corda</strong></span> <span class='ocrx_word' id='word_1_196' title='bbox 750 2852 854 2897; x_wconf 86' lang='lat' dir='ltr'><strong>corum</strong></span> <span class='ocrx_word' id='word_1_197' title='bbox 876 2834 994 2915; x_wconf 88' lang='lat' dir='ltr'><strong>crapula</strong></span> <span class='ocrx_word' id='word_1_198' title='bbox 1022 2843 1052 2897; x_wconf 88' lang='lat' dir='ltr'><strong>et</strong></span> <span class='ocrx_word' id='word_1_199' title='bbox 1073 2834 1217 2898; x_wconf 85' lang='lat' dir='ltr'><strong>ebrictate</strong></span> <span class='ocrx_word' id='word_1_200' title='bbox 1238 2844 1269 2899; x_wconf 88' lang='lat' dir='ltr'><strong>et</strong></span> <span class='ocrx_word' id='word_1_201' title='bbox 1291 2837 1434 2901; x_wconf 84' lang='lat' dir='ltr'><strong>saeculari</strong></span> 
     </span>
    </p>

    <p class='ocr_par' dir='ltr' id='par_1_9' title="bbox 318 2935 1434 3019">
     <span class='ocr_line' id='line_1_23' title="bbox 318 2935 1434 3019; baseline 0.001 -17"><span class='ocrx_word' id='word_1_202' title='bbox 318 2941 415 3011; x_wconf 88' lang='lat' dir='ltr'><strong>curis,</strong></span> <span class='ocrx_word' id='word_1_203' title='bbox 438 2947 466 2999; x_wconf 89' lang='lat' dir='ltr'><strong>et</strong></span> <span class='ocrx_word' id='word_1_204' title='bbox 488 2936 607 2998; x_wconf 87' lang='lat' dir='ltr'><strong>insistat</strong></span> <span class='ocrx_word' id='word_1_205' title='bbox 628 2935 672 2996; x_wconf 92' lang='lat' dir='ltr'><strong>eis</strong></span> <span class='ocrx_word' id='word_1_206' title='bbox 695 2936 870 3014; x_wconf 90' lang='lat' dir='ltr'><strong>repentinus</strong></span> <span class='ocrx_word' id='word_1_207' title='bbox 892 2936 957 2998; x_wconf 90' lang='lat' dir='ltr'><strong>dies</strong></span> <span class='ocrx_word' id='word_1_208' title='bbox 978 2935 1026 2997; x_wconf 91' lang='lat' dir='ltr'><strong>ille</strong></span> <span class='ocrx_word' id='word_1_209' title='bbox 1042 2936 1122 2997; x_wconf 84' lang='lat' dir='ltr'><strong>velut</strong></span> <span class='ocrx_word' id='word_1_210' title='bbox 1135 2937 1275 3016; x_wconf 84' lang='lat' dir='ltr'><strong>laqueus,</strong></span> <span class='ocrx_word' id='word_1_211' title='bbox 1297 2938 1434 3019; x_wconf 87' lang='lat' dir='ltr'><strong>utiquacl</strong></span> 
     </span>
    </p>
   </div>
   <div class='ocr_carea' id='block_1_3' title="bbox 319 3036 1434 3119">
    <p class='ocr_par' dir='ltr' id='par_1_10' title="bbox 319 3036 1434 3119">
     <span class='ocr_line' id='line_1_24' title="bbox 319 3036 1434 3119; baseline 0.001 -17"><span class='ocrx_word' id='word_1_212' title='bbox 319 3041 358 3102; x_wconf 87' lang='lat' dir='ltr'><strong>tis</strong></span> <span class='ocrx_word' id='word_1_213' title='bbox 381 3040 468 3102; x_wconf 91' lang='lat' dir='ltr'><strong>deum</strong></span> <span class='ocrx_word' id='word_1_214' title='bbox 490 3037 553 3098; x_wconf 79' lang='lat' dir='ltr'><strong>⁶⁸er</strong></span> <span class='ocrx_word' id='word_1_215' title='bbox 576 3036 759 3116; x_wconf 88' lang='lat' dir='ltr'><strong>plenitudine</strong></span> <span class='ocrx_word' id='word_1_216' title='bbox 781 3044 811 3098; x_wconf 90' lang='lat' dir='ltr'><strong>et</strong></span> <span class='ocrx_word' id='word_1_217' title='bbox 830 3037 1009 3116; x_wconf 85' lang='lat' dir='ltr'><strong>cogitatione</strong></span> <span class='ocrx_word' id='word_1_218' title='bbox 1023 3037 1135 3098; x_wconf 91' lang='lat' dir='ltr'><strong>mundi.</strong></span> <span class='ocrx_word' id='word_1_219' title='bbox 1164 3037 1284 3119; x_wconf 71' lang='lat' dir='ltr'><strong>⁰⁸dloysi</strong></span> <span class='ocrx_word' id='word_1_220' title='bbox 1307 3041 1366 3103; x_wconf 89' lang='lat' dir='ltr'><strong>erit</strong></span> <span class='ocrx_word' id='word_1_221' title='bbox 1385 3040 1434 3103; x_wconf 87' lang='lat' dir='ltr'><strong>ada</strong></span> 
     </span>
    </p>
   </div>
   <div class='ocr_carea' id='block_1_4' title="bbox 166 3133 303 3236">
    <p class='ocr_par' dir='ltr' id='par_1_11' title="bbox 166 3133 303 3236">
     <span class='ocr_line' id='line_1_25' title="bbox 192 3133 256 3176; baseline -0.031 0"><span class='ocrx_word' id='word_1_222' title='bbox 192 3133 256 3176; x_wconf 77' lang='lat' dir='ltr'><strong>Deut.</strong></span> 
     </span>
     <span class='ocr_line' id='line_1_26' title="bbox 166 3184 303 3236; baseline -0.022 -12"><span class='ocrx_word' id='word_1_223' title='bbox 166 3184 303 3236; x_wconf 78' lang='lat' dir='ltr'><strong>Vlll,12sqq.</strong></span> 
     </span>
    </p>
   </div>
   <div class='ocr_carea' id='block_1_5' title="bbox 165 3237 1434 4222">
    <p class='ocr_par' dir='ltr' id='par_1_12' title="bbox 165 3237 1434 4131">
     <span class='ocr_line' id='line_1_27' title="bbox 319 3237 1434 3318; baseline 0.003 -14"><span class='ocrx_word' id='word_1_224' title='bbox 319 3251 400 3304; x_wconf 90' lang='lat' dir='ltr'><strong>retro</strong></span> <span class='ocrx_word' id='word_1_225' title='bbox 426 3240 533 3302; x_wconf 90' lang='lat' dir='ltr'><strong>intulit.</strong></span> <span class='ocrx_word' id='word_1_226' title='bbox 585 3237 677 3299; x_wconf 87' lang='lat' dir='ltr'><strong>Erant</strong></span> <span class='ocrx_word' id='word_1_227' title='bbox 699 3247 729 3301; x_wconf 88' lang='lat' dir='ltr'><strong>et</strong></span> <span class='ocrx_word' id='word_1_228' title='bbox 749 3238 814 3300; x_wconf 89' lang='lat' dir='ltr'><strong>loca</strong></span> <span class='ocrx_word' id='word_1_229' title='bbox 836 3238 890 3299; x_wconf 87' lang='lat' dir='ltr'><strong>alia</strong></span> <span class='ocrx_word' id='word_1_230' title='bbox 919 3238 997 3318; x_wconf 89' lang='lat' dir='ltr'><strong>apud</strong></span> <span class='ocrx_word' id='word_1_231' title='bbox 1018 3238 1233 3301; x_wconf 74' lang='lat' dir='ltr'><strong>“Hierusalem</strong></span> <span class='ocrx_word' id='word_1_232' title='bbox 1255 3241 1291 3302; x_wconf 91' lang='lat' dir='ltr'><strong>ad</strong></span> <span class='ocrx_word' id='word_1_233' title='bbox 1314 3242 1434 3307; x_wconf 84' lang='lat' dir='ltr'><strong>docendr</strong></span> 
     </span>
     <span class='ocr_line' id='line_1_28' title="bbox 165 3338 1434 3420; baseline -0.006 -8"><span class='ocrx_word' id='word_1_234' title='bbox 165 3350 454 3417; x_wconf 76' lang='lat' dir='ltr'><strong>nuc.rx1‚aa.erantet</strong></span> <span class='ocrx_word' id='word_1_235' title='bbox 476 3347 557 3403; x_wconf 89' lang='lat' dir='ltr'><strong>ertra</strong></span> <span class='ocrx_word' id='word_1_236' title='bbox 580 3339 765 3400; x_wconf 83' lang='lat' dir='ltr'><strong>Hierusalem</strong></span> <span class='ocrx_word' id='word_1_237' title='bbox 788 3339 825 3400; x_wconf 91' lang='lat' dir='ltr'><strong>ad</strong></span> <span class='ocrx_word' id='word_1_238' title='bbox 847 3338 1056 3401; x_wconf 89' lang='lat' dir='ltr'><strong>secedendum.</strong></span> <span class='ocrx_word' id='word_1_239' title='bbox 1101 3339 1160 3401; x_wconf 88' lang='lat' dir='ltr'><strong>Sed</strong></span> <span class='ocrx_word' id='word_1_240' title='bbox 1184 3340 1262 3403; x_wconf 88' lang='lat' dir='ltr'><strong>enirn</strong></span> <span class='ocrx_word' id='word_1_241' title='bbox 1285 3359 1340 3420; x_wconf 88' lang='lat' dir='ltr'><strong>per</strong></span> <span class='ocrx_word' id='word_1_242' title='bbox 1359 3342 1434 3405; x_wconf 76' lang='lat' dir='ltr'><strong>dian</strong></span> 
     </span>
     <span class='ocr_line' id='line_1_29' title="bbox 166 3439 1420 3523; baseline -0.006 -11"><span class='ocrx_word' id='word_1_243' title='bbox 166 3468 298 3517; x_wconf 60' lang='lat' dir='ltr'><strong>naeuus.</strong></span> <span class='ocrx_word' id='word_1_244' title='bbox 318 3444 428 3523; x_wconf 89' lang='lat' dir='ltr'><strong>templo</strong></span> <span class='ocrx_word' id='word_1_245' title='bbox 450 3441 590 3514; x_wconf 90' lang='lat' dir='ltr'><strong>docebat,</strong></span> <span class='ocrx_word' id='word_1_246' title='bbox 614 3440 718 3520; x_wconf 90' lang='lat' dir='ltr'><strong>utqui</strong></span> <span class='ocrx_word' id='word_1_247' title='bbox 740 3458 794 3518; x_wconf 90' lang='lat' dir='ltr'><strong>per</strong></span> <span class='ocrx_word' id='word_1_248' title='bbox 816 3439 894 3501; x_wconf 89' lang='lat' dir='ltr'><strong>Osee</strong></span> <span class='ocrx_word' id='word_1_249' title='bbox 916 3440 1118 3519; x_wconf 81' lang='lat' dir='ltr'><strong>praedixerat:</strong></span> <span class='ocrx_word' id='word_1_250' title='bbox 1145 3441 1179 3502; x_wconf 95' lang='lat' dir='ltr'><strong>ln</strong></span> <span class='ocrx_word' id='word_1_251' title='bbox 1201 3442 1312 3522; x_wconf 89' lang='lat' dir='ltr'><strong>templo</strong></span> <span class='ocrx_word' id='word_1_252' title='bbox 1334 3442 1420 3521; x_wconf 66' lang='lat' dir='ltr'><strong>meo*</strong></span> 
     </span>
     <span class='ocr_line' id='line_1_30' title="bbox 166 3540 1434 3619; baseline -0.005 -7"><span class='ocrx_word' id='word_1_253' title='bbox 166 3547 510 3618; x_wconf 69' lang='lat' dir='ltr'><strong>anomianinrenorunt,</strong></span> <span class='ocrx_word' id='word_1_254' title='bbox 542 3552 572 3604; x_wconf 90' lang='lat' dir='ltr'><strong>et</strong></span> <span class='ocrx_word' id='word_1_255' title='bbox 600 3540 660 3602; x_wconf 94' lang='lat' dir='ltr'><strong>illic</strong></span> <span class='ocrx_word' id='word_1_256' title='bbox 687 3540 867 3619; x_wconf 90' lang='lat' dir='ltr'><strong>disputatum</strong></span> <span class='ocrx_word' id='word_1_257' title='bbox 896 3541 1007 3603; x_wconf 85' lang='lat' dir='ltr'><strong>estad</strong></span> <span class='ocrx_word' id='word_1_258' title='bbox 1035 3560 1101 3603; x_wconf 88' lang='lat' dir='ltr'><strong>eos.</strong></span> <span class='ocrx_word' id='word_1_259' title='bbox 1154 3541 1197 3603; x_wconf 81' lang='lat' dir='ltr'><strong>Ad</strong></span> <span class='ocrx_word' id='word_1_260' title='bbox 1227 3550 1345 3604; x_wconf 90' lang='lat' dir='ltr'><strong>noctem</strong></span> <span class='ocrx_word' id='word_1_261' title='bbox 1366 3562 1434 3607; x_wconf 83' lang='lat' dir='ltr'><strong>vera</strong></span> 
     </span>
     <span class='ocr_line' id='line_1_31' title="bbox 166 3640 1434 3718; baseline -0.004 -6"><span class='ocrx_word' id='word_1_262' title='bbox 166 3646 470 3718; x_wconf 70' lang='lat' dir='ltr'><strong>asennaaelaaonem</strong></span> <span class='ocrx_word' id='word_1_263' title='bbox 491 3642 657 3707; x_wconf 89' lang='lat' dir='ltr'><strong>secedebat.</strong></span> <span class='ocrx_word' id='word_1_264' title='bbox 702 3640 751 3702; x_wconf 91' lang='lat' dir='ltr'><strong>Sic</strong></span> <span class='ocrx_word' id='word_1_265' title='bbox 771 3641 851 3702; x_wconf 84' lang='lat' dir='ltr'><strong>enim</strong></span> <span class='ocrx_word' id='word_1_266' title='bbox 873 3641 1029 3704; x_wconf 84' lang='lat' dir='ltr'><strong>Zacharias</strong></span> <span class='ocrx_word' id='word_1_267' title='bbox 1050 3642 1287 3705; x_wconf 87' lang='lat' dir='ltr'><strong>demonstrarat:</strong></span> <span class='ocrx_word' id='word_1_268' title='bbox 1311 3644 1350 3706; x_wconf 86' lang='lat' dir='ltr'><strong>Et</strong></span> <span class='ocrx_word' id='word_1_269' title='bbox 1370 3644 1434 3709; x_wconf 75' lang='lat' dir='ltr'><strong>stab</strong></span> 
     </span>
     <span class='ocr_line' id='line_1_32' title="bbox 166 3740 1434 3825; baseline -0.003 -13"><span class='ocrx_word' id='word_1_270' title='bbox 166 3745 411 3825; x_wconf 77' lang='lat' dir='ltr'><strong>nuc.xx1‚as.pedes</strong></span> <span class='ocrx_word' id='word_1_271' title='bbox 433 3743 498 3804; x_wconf 88' lang='lat' dir='ltr'><strong>eius</strong></span> <span class='ocrx_word' id='word_1_272' title='bbox 519 3742 549 3802; x_wconf 93' lang='lat' dir='ltr'><strong>in</strong></span> <span class='ocrx_word' id='word_1_273' title='bbox 572 3753 674 3804; x_wconf 90' lang='lat' dir='ltr'><strong>monte</strong></span> <span class='ocrx_word' id='word_1_274' title='bbox 695 3740 829 3804; x_wconf 87' lang='lat' dir='ltr'><strong>elaeone.</strong></span> <span class='ocrx_word' id='word_1_275' title='bbox 866 3742 958 3804; x_wconf 86' lang='lat' dir='ltr'><strong>Erant</strong></span> <span class='ocrx_word' id='word_1_276' title='bbox 978 3742 1071 3805; x_wconf 83' lang='lat' dir='ltr'><strong>horae</strong></span> <span class='ocrx_word' id='word_1_277' title='bbox 1093 3762 1213 3823; x_wconf 83' lang='lat' dir='ltr'><strong>quoque</strong></span> <span class='ocrx_word' id='word_1_278' title='bbox 1234 3744 1383 3807; x_wconf 87' lang='lat' dir='ltr'><strong>auditorio</strong></span> <span class='ocrx_word' id='word_1_279' title='bbox 1403 3762 1434 3809; x_wconf 88' lang='lat' dir='ltr'><strong>oa</strong></span> 
     </span>
     <span class='ocr_line' id='line_1_33' title="bbox 317 3840 1434 3925; baseline 0.004 -20"><span class='ocrx_word' id='word_1_280' title='bbox 317 3854 464 3925; x_wconf 88' lang='lat' dir='ltr'><strong>petentes.</strong></span> <span class='ocrx_word' id='word_1_281' title='bbox 501 3841 633 3904; x_wconf 82' lang='lat' dir='ltr'><strong>Diluculo</strong></span> <span class='ocrx_word' id='word_1_282' title='bbox 656 3840 892 3905; x_wconf 84' lang='lat' dir='ltr'><strong>conveniendum</strong></span> <span class='ocrx_word' id='word_1_283' title='bbox 915 3852 994 3915; x_wconf 85' lang='lat' dir='ltr'><strong>erat,</strong></span> <span class='ocrx_word' id='word_1_284' title='bbox 1017 3843 1068 3924; x_wconf 89' lang='lat' dir='ltr'><strong>qui</strong></span> <span class='ocrx_word' id='word_1_285' title='bbox 1089 3862 1145 3924; x_wconf 88' lang='lat' dir='ltr'><strong>por</strong></span> <span class='ocrx_word' id='word_1_286' title='bbox 1163 3844 1283 3906; x_wconf 91' lang='lat' dir='ltr'><strong>Esaiam</strong></span> <span class='ocrx_word' id='word_1_287' title='bbox 1306 3864 1372 3908; x_wconf 87' lang='lat' dir='ltr'><strong>cum</strong></span> <span class='ocrx_word' id='word_1_288' title='bbox 1394 3846 1434 3909; x_wconf 86' lang='lat' dir='ltr'><strong>dir</strong></span> 
     </span>
     <span class='ocr_line' id='line_1_34' title="bbox 202 3941 1434 4026; baseline -0.001 -15"><span class='ocrx_word' id='word_1_289' title='bbox 202 3968 304 4021; x_wconf 56' lang='lat' dir='ltr'><strong>nana.</strong></span> <span class='ocrx_word' id='word_1_290' title='bbox 320 3953 380 4015; x_wconf 84' lang='lat' dir='ltr'><strong>set,</strong></span> <span class='ocrx_word' id='word_1_291' title='bbox 404 3941 549 4004; x_wconf 85' lang='lat' dir='ltr'><strong>Dominus</strong></span> <span class='ocrx_word' id='word_1_292' title='bbox 570 3943 621 4004; x_wconf 91' lang='lat' dir='ltr'><strong>dat</strong></span> <span class='ocrx_word' id='word_1_293' title='bbox 641 3943 713 4005; x_wconf 91' lang='lat' dir='ltr'><strong>mihi</strong></span> <span class='ocrx_word' id='word_1_294' title='bbox 735 3943 864 4022; x_wconf 90' lang='lat' dir='ltr'><strong>linguam</strong></span> <span class='ocrx_word' id='word_1_295' title='bbox 886 3942 1077 4023; x_wconf 83' lang='lat' dir='ltr'><strong>disciplinas,</strong></span> <span class='ocrx_word' id='word_1_296' title='bbox 1099 3944 1221 4020; x_wconf 84' lang='lat' dir='ltr'><strong>adiecit,</strong></span> <span class='ocrx_word' id='word_1_297' title='bbox 1248 3947 1434 4026; x_wconf 75' lang='lat' dir='ltr'><strong>Apposuit!</strong></span> 
     </span>
     <span class='ocr_line' id='line_1_35' title="bbox 316 4042 1434 4131; baseline 0.004 -26"><span class='ocrx_word' id='word_1_298' title='bbox 316 4062 403 4105; x_wconf 88' lang='lat' dir='ltr'><strong>mane</strong></span> <span class='ocrx_word' id='word_1_299' title='bbox 425 4060 527 4104; x_wconf 87' lang='lat' dir='ltr'><strong>aurem</strong></span> <span class='ocrx_word' id='word_1_300' title='bbox 548 4044 584 4104; x_wconf 89' lang='lat' dir='ltr'><strong>ad</strong></span> <span class='ocrx_word' id='word_1_301' title='bbox 607 4044 796 4106; x_wconf 86' lang='lat' dir='ltr'><strong>audiendum.</strong></span> <span class='ocrx_word' id='word_1_302' title='bbox 833 4042 867 4104; x_wconf 90' lang='lat' dir='ltr'><strong>Si</strong></span> <span class='ocrx_word' id='word_1_303' title='bbox 887 4042 947 4104; x_wconf 91' lang='lat' dir='ltr'><strong>hoc</strong></span> <span class='ocrx_word' id='word_1_304' title='bbox 966 4049 1014 4104; x_wconf 87' lang='lat' dir='ltr'><strong>est</strong></span> <span class='ocrx_word' id='word_1_305' title='bbox 1027 4043 1200 4124; x_wconf 89' lang='lat' dir='ltr'><strong>prophetias</strong></span> <span class='ocrx_word' id='word_1_306' title='bbox 1216 4045 1434 4131; x_wconf 78' lang='lat' dir='ltr'><strong>dissolverc,q</strong></span> 
     </span>
    </p>

    <p class='ocr_par' dir='ltr' id='par_1_13' title="bbox 316 4142 575 4222">
     <span class='ocr_line' id='line_1_36' title="bbox 316 4142 575 4222; baseline -0.004 -16"><span class='ocrx_word' id='word_1_307' title='bbox 316 4143 373 4207; x_wconf 87' lang='lat' dir='ltr'><strong>erit</strong></span> <span class='ocrx_word' id='word_1_308' title='bbox 392 4142 575 4222; x_wconf 72' lang='lat' dir='ltr'><strong>adimplere?</strong></span> 
     </span>
    </p>
   </div>
   <div class='ocr_carea' id='block_1_6' title="bbox 315 4327 1434 4597">
    <p class='ocr_par' dir='ltr' id='par_1_14' title="bbox 315 4327 1434 4597">
     <span class='ocr_line' id='line_1_37' title="bbox 316 4327 1434 4395; baseline 0.004 -15"><span class='ocrx_word' id='word_1_309' title='bbox 316 4330 357 4381; x_wconf 79' lang='grc'><strong>66.</strong></span> <span class='ocrx_word' id='word_1_310' title='bbox 376 4329 518 4390; x_wconf 86' lang='lat' dir='ltr'><strong>intellegant</strong></span> <span class='ocrx_word' id='word_1_311' title='bbox 534 4329 590 4379; x_wconf 77' lang='lat' dir='ltr'><strong>aaa.</strong></span> <span class='ocrx_word' id='word_1_312' title='bbox 603 4329 724 4379; x_wconf 70' lang='lat' dir='ltr'><strong>rucanas</strong></span> <span class='ocrx_word' id='word_1_313' title='bbox 740 4335 845 4392; x_wconf 62' lang='lat' dir='ltr'><strong>wana.</strong></span> <span class='ocrx_word' id='word_1_314' title='bbox 879 4328 1014 4392; x_wconf 83' lang='lat' dir='ltr'><strong>intelligent</strong></span> <span class='ocrx_word' id='word_1_315' title='bbox 1030 4332 1123 4395; x_wconf 68' lang='lat' dir='ltr'><strong>retium.</strong></span> <span class='ocrx_word' id='word_1_316' title='bbox 1165 4330 1206 4382; x_wconf 76' lang='grc'><strong>67.</strong></span> <span class='ocrx_word' id='word_1_317' title='bbox 1225 4339 1249 4382; x_wconf 87' lang='lat' dir='ltr'><strong>st</strong></span> <span class='ocrx_word' id='word_1_318' title='bbox 1265 4327 1434 4385; x_wconf 70' lang='lat' dir='ltr'><strong>concientia·</strong></span> 
     </span>
     <span class='ocr_line' id='line_1_38' title="bbox 316 4395 1434 4459; baseline 0.005 -12"><span class='ocrx_word' id='word_1_319' title='bbox 316 4397 358 4447; x_wconf 77' lang='lat'><strong>⁵8.</strong></span> <span class='ocrx_word' id='word_1_320' title='bbox 376 4397 471 4447; x_wconf 84' lang='lat' dir='ltr'><strong>arboris</strong></span> <span class='ocrx_word' id='word_1_321' title='bbox 488 4397 514 4447; x_wconf 81' lang='lat' dir='ltr'><strong>B.</strong></span> <span class='ocrx_word' id='word_1_322' title='bbox 566 4395 608 4445; x_wconf 80' lang='grc'><strong>69.</strong></span> <span class='ocrx_word' id='word_1_323' title='bbox 626 4405 663 4446; x_wconf 86' lang='lat' dir='ltr'><strong>est</strong></span> <span class='ocrx_word' id='word_1_324' title='bbox 680 4397 748 4445; x_wconf 88' lang='lat' dir='ltr'><strong>cuins</strong></span> <span class='ocrx_word' id='word_1_325' title='bbox 766 4403 804 4445; x_wconf 82' lang='lat' dir='ltr'><strong>ast</strong></span> <span class='ocrx_word' id='word_1_326' title='bbox 820 4396 855 4456; x_wconf 88' lang='lat' dir='ltr'><strong>(et</strong></span> <span class='ocrx_word' id='word_1_327' title='bbox 871 4397 936 4447; x_wconf 80' lang='lat' dir='ltr'><strong>Folo.</strong></span> <span class='ocrx_word' id='word_1_328' title='bbox 951 4397 1059 4455; x_wconf 80' lang='lat' dir='ltr'><strong>llrainoal</strong></span> <span class='ocrx_word' id='word_1_329' title='bbox 1081 4413 1121 4448; x_wconf 84' lang='lat' dir='ltr'><strong>res</strong></span> <span class='ocrx_word' id='word_1_330' title='bbox 1139 4400 1171 4459; x_wconf 69' lang='lat' dir='ltr'><strong>d„</strong></span> <span class='ocrx_word' id='word_1_331' title='bbox 1197 4415 1227 4449; x_wconf 75' lang='lat' dir='ltr'><strong>ea</strong></span> <span class='ocrx_word' id='word_1_332' title='bbox 1244 4398 1434 4453; x_wconf 60' lang='lat' dir='ltr'><strong>aaronem</strong></span> 
     </span>
     <span class='ocr_line' id='line_1_39' title="bbox 317 4461 1402 4519; baseline 0.003 -3"><span class='ocrx_word' id='word_1_333' title='bbox 317 4466 403 4516; x_wconf 79' lang='lat' dir='ltr'><strong>Ursini.</strong></span> <span class='ocrx_word' id='word_1_334' title='bbox 440 4472 477 4513; x_wconf 83' lang='lat' dir='ltr'><strong>ast</strong></span> <span class='ocrx_word' id='word_1_335' title='bbox 495 4478 534 4512; x_wconf 88' lang='lat' dir='ltr'><strong>res</strong></span> <span class='ocrx_word' id='word_1_336' title='bbox 552 4463 638 4513; x_wconf 77' lang='lat' dir='ltr'><strong>iidata.</strong></span> <span class='ocrx_word' id='word_1_337' title='bbox 691 4461 732 4511; x_wconf 87' lang='grc'><strong>60.</strong></span> <span class='ocrx_word' id='word_1_338' title='bbox 751 4463 788 4512; x_wconf 91' lang='lat' dir='ltr'><strong>cui</strong></span> <span class='ocrx_word' id='word_1_339' title='bbox 807 4464 920 4514; x_wconf 78' lang='lat' dir='ltr'><strong>latinius.</strong></span> <span class='ocrx_word' id='word_1_340' title='bbox 972 4464 1014 4515; x_wconf 81' lang='lat' dir='ltr'><strong>dl.</strong></span> <span class='ocrx_word' id='word_1_341' title='bbox 1033 4465 1180 4516; x_wconf 82' lang='lat' dir='ltr'><strong>Promiaarat</strong></span> <span class='ocrx_word' id='word_1_342' title='bbox 1196 4467 1221 4516; x_wconf 76' lang='lat' dir='ltr'><strong>B.</strong></span> <span class='ocrx_word' id='word_1_343' title='bbox 1273 4465 1315 4517; x_wconf 72' lang='lat' dir='ltr'><strong>dl.</strong></span> <span class='ocrx_word' id='word_1_344' title='bbox 1333 4475 1358 4518; x_wconf 84' lang='lat' dir='ltr'><strong>ct</strong></span> <span class='ocrx_word' id='word_1_345' title='bbox 1374 4468 1402 4519; x_wconf 74' lang='lat' dir='ltr'><strong>B.</strong></span> 
     </span>
     <span class='ocr_line' id='line_1_40' title="bbox 315 4531 1434 4597; baseline 0.004 -14"><span class='ocrx_word' id='word_1_346' title='bbox 315 4532 587 4583; x_wconf 65' lang='lat' dir='ltr'><strong>minocentaurum</strong></span> <span class='ocrx_word' id='word_1_347' title='bbox 604 4537 708 4594; x_wconf 78' lang='lat' dir='ltr'><strong>uterque.</strong></span> <span class='ocrx_word' id='word_1_348' title='bbox 749 4531 809 4580; x_wconf 90' lang='lat' dir='ltr'><strong>llnnt</strong></span> <span class='ocrx_word' id='word_1_349' title='bbox 825 4532 919 4595; x_wconf 79' lang='lat' dir='ltr'><strong>reliqui.</strong></span> <span class='ocrx_word' id='word_1_350' title='bbox 977 4531 1019 4582; x_wconf 82' lang='grc'><strong>64.</strong></span> <span class='ocrx_word' id='word_1_351' title='bbox 1042 4534 1204 4597; x_wconf 79' lang='lat' dir='ltr'><strong>pronuntiavit</strong></span> <span class='ocrx_word' id='word_1_352' title='bbox 1221 4533 1265 4585; x_wconf 80' lang='grc'><strong>66.</strong></span> <span class='ocrx_word' id='word_1_353' title='bbox 1316 4534 1358 4586; x_wconf 83' lang='grc'><strong>66.</strong></span> <span class='ocrx_word' id='word_1_354' title='bbox 1381 4548 1434 4587; x_wconf 69' lang='lat' dir='ltr'><strong>aa«</strong></span> 
     </span>
    </p>
   </div>
   <div class='ocr_carea' id='block_1_7' title="bbox 315 4596 1434 4717">
    <p class='ocr_par' dir='ltr' id='par_1_15' title="bbox 315 4596 1434 4717">
     <span class='ocr_line' id='line_1_41' title="bbox 319 4596 1434 4666; baseline 0.004 -18"><span class='ocrx_word' id='word_1_355' title='bbox 319 4600 478 4650; x_wconf 71' lang='lat' dir='ltr'><strong>vaticanorum</strong></span> <span class='ocrx_word' id='word_1_356' title='bbox 495 4599 561 4648; x_wconf 82' lang='lat' dir='ltr'><strong>altar.</strong></span> <span class='ocrx_word' id='word_1_357' title='bbox 596 4604 620 4646; x_wconf 88' lang='lat' dir='ltr'><strong>et</strong></span> <span class='ocrx_word' id='word_1_358' title='bbox 636 4599 729 4662; x_wconf 77' lang='lat' dir='ltr'><strong>reliqui.</strong></span> <span class='ocrx_word' id='word_1_359' title='bbox 780 4596 822 4649; x_wconf 87' lang='grc'><strong>66.</strong></span> <span class='ocrx_word' id='word_1_360' title='bbox 841 4597 929 4662; x_wconf 75' lang='lat' dir='ltr'><strong>llopaai</strong></span> <span class='ocrx_word' id='word_1_361' title='bbox 947 4600 981 4661; x_wconf 70' lang='lat' dir='ltr'><strong>B„</strong></span> <span class='ocrx_word' id='word_1_362' title='bbox 1001 4607 1023 4650; x_wconf 86' lang='lat' dir='ltr'><strong>et</strong></span> <span class='ocrx_word' id='word_1_363' title='bbox 1039 4609 1135 4666; x_wconf 72' lang='lat' dir='ltr'><strong>aternu</strong></span> <span class='ocrx_word' id='word_1_364' title='bbox 1156 4601 1286 4655; x_wconf 68' lang='lat' dir='ltr'><strong>lunam</strong></span> <span class='ocrx_word' id='word_1_365' title='bbox 1338 4601 1382 4653; x_wconf 74' lang='lat' dir='ltr'><strong>d&#39;l.</strong></span> <span class='ocrx_word' id='word_1_366' title='bbox 1398 4600 1434 4655; x_wconf 58' lang='lat' dir='ltr'><strong>lh</strong></span> 
     </span>
     <span class='ocr_line' id='line_1_42' title="bbox 315 4663 692 4717; baseline -0.013 0"><span class='ocrx_word' id='word_1_367' title='bbox 315 4669 346 4717; x_wconf 82' lang='lat' dir='ltr'><strong>rit</strong></span> <span class='ocrx_word' id='word_1_368' title='bbox 363 4667 408 4717; x_wconf 80' lang='lat' dir='ltr'><strong>BC.</strong></span> <span class='ocrx_word' id='word_1_369' title='bbox 459 4665 500 4715; x_wconf 83' lang='grc'><strong>66.</strong></span> <span class='ocrx_word' id='word_1_370' title='bbox 519 4663 648 4715; x_wconf 85' lang='lat' dir='ltr'><strong>israhelem</strong></span> <span class='ocrx_word' id='word_1_371' title='bbox 666 4664 692 4713; x_wconf 82' lang='lat' dir='ltr'><strong>B.</strong></span> 
     </span>
    </p>
   </div>
   <div class='ocr_carea' id='block_1_8' title="bbox 313 4791 1434 4935">
    <p class='ocr_par' dir='ltr' id='par_1_16' title="bbox 313 4791 1434 4935">
     <span class='ocr_line' id='line_1_43' title="bbox 348 4791 1434 4869; baseline 0.006 -18"><span class='ocrx_word' id='word_1_372' title='bbox 348 4801 372 4851; x_wconf 91' lang='lat' dir='ltr'><strong>d.</strong></span> <span class='ocrx_word' id='word_1_373' title='bbox 398 4801 424 4851; x_wconf 89' lang='lat' dir='ltr'><strong>la</strong></span> <span class='ocrx_word' id='word_1_374' title='bbox 448 4799 541 4863; x_wconf 86' lang='lat' dir='ltr'><strong>tempto</strong></span> <span class='ocrx_word' id='word_1_375' title='bbox 564 4792 631 4862; x_wconf 87' lang='lat' dir='ltr'><strong>meo]</strong></span> <span class='ocrx_word' id='word_1_376' title='bbox 656 4797 770 4850; x_wconf 70' lang='lat' dir='ltr'><strong>Videntur</strong></span> <span class='ocrx_word' id='word_1_377' title='bbox 793 4812 876 4849; x_wconf 82' lang='lat' dir='ltr'><strong>asam·</strong></span> <span class='ocrx_word' id='word_1_378' title='bbox 925 4813 981 4865; x_wconf 76' lang='grc' dir='ltr'><strong>μου</strong></span> <span class='ocrx_word' id='word_1_379' title='bbox 998 4791 1114 4867; x_wconf 72' lang='lat' dir='ltr'><strong>aripennis</strong></span> <span class='ocrx_word' id='word_1_380' title='bbox 1128 4806 1188 4868; x_wconf 80' lang='grc' dir='ltr'><strong>με“</strong></span> <span class='ocrx_word' id='word_1_381' title='bbox 1209 4816 1257 4868; x_wconf 83' lang='lat' dir='ltr'><strong>pro</strong></span> <span class='ocrx_word' id='word_1_382' title='bbox 1280 4816 1311 4855; x_wconf 86' lang='lat' dir='ltr'><strong>ao</strong></span> <span class='ocrx_word' id='word_1_383' title='bbox 1334 4804 1434 4869; x_wconf 75' lang='lat' dir='ltr'><strong>qnod!</strong></span> 
     </span>
     <span class='ocr_line' id='line_1_44' title="bbox 313 4857 1401 4935; baseline 0.006 -17"><span class='ocrx_word' id='word_1_384' title='bbox 313 4867 390 4933; x_wconf 84' lang='lat' dir='ltr'><strong>piaris</strong></span> <span class='ocrx_word' id='word_1_385' title='bbox 408 4867 526 4933; x_wconf 83' lang='lat' dir='ltr'><strong>quasdam</strong></span> <span class='ocrx_word' id='word_1_386' title='bbox 544 4865 658 4916; x_wconf 82' lang='lat' dir='ltr'><strong>habuisse</strong></span> <span class='ocrx_word' id='word_1_387' title='bbox 680 4857 734 4922; x_wconf 71' lang='lat' dir='ltr'><strong>„ir</strong></span> <span class='ocrx_word' id='word_1_388' title='bbox 751 4862 791 4930; x_wconf 70' lang='lat' dir='ltr'><strong>agi</strong></span> <span class='ocrx_word' id='word_1_389' title='bbox 808 4857 874 4930; x_wconf 70' lang='grc' dir='ltr'><strong>οἴκῳ</strong></span> <span class='ocrx_word' id='word_1_390' title='bbox 927 4867 1015 4931; x_wconf 81' lang='lat' dir='ltr'><strong>legitur</strong></span> <span class='ocrx_word' id='word_1_391' title='bbox 1031 4859 1121 4935; x_wconf 67' lang='lat' dir='ltr'><strong>„disp</strong></span> <span class='ocrx_word' id='word_1_392' title='bbox 1134 4860 1218 4920; x_wconf 62' lang='lat' dir='ltr'><strong>&#39;aas</strong></span> <span class='ocrx_word' id='word_1_393' title='bbox 1234 4868 1401 4934; x_wconf 63' lang='lat' dir='ltr'><strong>(rehum)</strong></span> 
     </span>
    </p>
   </div>
   <div class='ocr_carea' id='block_1_9' title="bbox 0 0 1626 5775">
    <p class='ocr_par' dir='ltr' id='par_1_17' title="bbox 0 0 1626 5775">
     <span class='ocr_line' id='line_1_45' title="bbox 0 0 1626 5775; baseline 0 0"><span class='ocrx_word' id='word_1_394' title='bbox 0 0 1626 5775; x_wconf 95' lang='lat' dir='ltr'><strong> </strong></span> 
     </span>
    </p>
   </div>
  </div>
 </body>
</html>
