3242 5775
709 641 749 686 on
770 641 872 688 ιιιιιιι.
1312 625 1376 694 teo

197 801 222 854 st
243 809 306 854 nos
328 790 493 854 secundnm
516 789 603 853 tidern
625 790 802 854 disserenda
823 809 880 856 sno
902 791 962 854 iam
982 789 1147 855 “vovimus
1161 789 1278 856 tituot.
1311 791 1375 874 dp-

197 901 284 973 paret
303 898 412 971 quanta
433 892 496 953 sint
516 909 592 971 quae
613 910 703 954 unum
725 891 841 955 animas
861 900 996 954 naturam
1025 892 1105 955 varic
1125 893 1315 967 collocarint,
1342 902 1377 958 ut

197 994 285 1074 rulgo
307 1002 432 1054 naturae
453 991 651 1073 deputentur,
672 993 790 1073 quando
814 1011 876 1055 non
898 991 1016 1074 species
1037 992 1113 1069 sint,
1135 995 1189 1058 sed
1204 1001 1305 1058 sortes
1318 1013 1375 1058 na·

197 1104 281 1158 turrae
302 1101 334 1156 ct
355 1091 538 1156 substantiae
558 1094 666 1168 unius,
688 1093 768 1157 illius
791 1094 905 1158 scilicet
925 1111 1013 1173 quam
1035 1094 1110 1158 deus
1131 1096 1164 1158 in
1184 1096 1277 1159 Adam
1298 1113 1375 1160 oon·

197 1195 262 1258 trdit
286 1203 317 1258 et
338 1194 490 1256 matricem
513 1194 646 1256 omnium
668 1195 754 1269 lerit3
775 1203 865 1275 atquc
886 1194 961 1258 adeo
984 1203 1083 1258 sortes
1098 1204 1203 1270 crunt,
1226 1215 1287 1260 non
1301 1213 1375 1276 cpe·

198 1297 257 1359 cies
280 1294 464 1358 substantiae
486 1295 592 1370 unius,
614 1294 711 1359 ¹‘itum
733 1296 860 1359 varietas
882 1297 938 1359 ista
959 1294 1125 1369 ”moralin
1147 1295 1375 1378 ”peraquanta

198 1416 276 1462 nunc
297 1405 354 1471 est,
377 1405 456 1459 taum
478 1414 539 1458 non
560 1397 650 1459 luerit
663 1398 695 1458 in
709 1397 777 1476 ipso
792 1397 926 1477 principe
940 1396 1059 1476 generis
1072 1395 1176 1460 Adam.
1206 1395 1377 1462 Debuerant

200 1500 277 1561 enim
299 1498 395 1560 luisse
416 1497 490 1560 haec
511 1498 612 1560 omnia
632 1497 665 1560 in
686 1498 755 1570 illo.
787 1501 822 1560 ut
849 1498 881 1560 in
908 1499 991 1560 fonto
1017 1505 1156 1572 naturae,
1189 1507 1277 1580 atquc
1302 1497 1374 1562 indo

201 1619 264 1662 cum
287 1607 349 1661 tota
372 1598 510 1661 varietate
531 1597 713 1672 ”manasse‚
736 1598 764 1660 si
785 1598 911 1661 varium
934 1608 1057 1660 craturae
1078 1598 1206 1662 luisset.

283 1700 402 1775 Quodsi
425 1700 582 1762 uniformis
605 1708 710 1762 natura
739 1699 855 1762 animas
883 1698 920 1761 ab
947 1698 1033 1762 initio
1060 1699 1093 1761 in
1113 1699 1207 1762 ddum
1232 1707 1302 1764 ante
1329 1708 1376 1764 tot
1390 1705 1510 1766 cram

204 1801 331 1881 ingenia,
350 1819 426 1883 ergo
450 1819 509 1862 non
532 1800 723 1862 multiformis
741 1801 812 1881 ¹per
825 1809 872 1863 tot
885 1800 1019 1881 ingenia,
1041 1800 1115 1865 'nec
1128 1819 1186 1882 qua
1200 1781 1373 1877 triformis·,

207 1912 231 1964 ut
251 1902 349 1965 adhuc
376 1902 493 1964 trinitas
515 1901 718 1964 Valentiniana
745 1902 919 1977 'caedatum
952 1919 1029 1982 quae
1054 1919 1112 1964 nec
1138 1901 1204 1983 ipsa
1229 1903 1261 1966 in
1282 1903 1374 1966 Adam

208 2003 434 2082 recognoscitur.
477 2002 556 2077 Quid
584 2003 664 2064 enirn
691 2003 824 2083 spiritale
850 2004 882 2065 in
910 2000 987 2065 illo?
1029 2001 1063 2064 si
1089 2002 1158 2082 quia
1185 2004 1374 2086 prophetavit
1401 2075 1406 2084 ,

209 2119 336 2182 magnum
357 2103 430 2166 illud
452 2112 668 2166 sacramentum
696 2104 727 2166 in
750 2104 900 2167 Christum
930 2113 960 2166 et
987 2102 1160 2166 ecclesiam:
1191 2104 1257 2170 Hoc
1277 2125 1314 2169 os
1336 2124 1372 2170 cx
1385 2103 1481 2212 „Q

211 2203 318 2266 onibus
341 2205 434 2278 meis,
463 2213 494 2266 et
514 2222 583 2267 caro
607 2224 643 2266 ex
662 2224 751 2267 carne
773 2224 854 2279 mea,
883 2204 1037 2267 vocabitur
1058 2204 1182 2281 mulicr3
1214 2214 1374 2289 propterea

212 2304 345 2386 rclinquet
366 2305 459 2367 homo
480 2314 595 2386 patrem
618 2314 648 2367 et
668 2316 809 2380 matrem,
839 2314 870 2368 et
896 2305 1123 2385 agglutinabitur
1149 2305 1372 2384 moliminum,

214 2412 337 2468 etcrnnt
357 2406 418 2468 duo
439 2407 470 2468 in
491 2406 629 2469 ⁴carnem
650 2406 773 2480 'unam3
794 2407 854 2469 hoc
871 2415 976 2487 postes
992 2405 1127 2483 obvenit,
1148 2425 1216 2471 cum
1236 2407 1269 2471 in
1289 2407 1373 2472 illum

215 2503 274 2570 deus
293 2507 452 2570 amentiam
474 2507 613 2582 immisit,
634 2506 798 2588 spiritalem
821 2508 897 2581 vim,
919 2526 977 2588 qua
992 2502 1309 2591 consuctpmptrcuc.
1339 2508 1373 2573 Si

216 2608 356 2680 emulum
367 2608 411 2670 ·in
426 2627 463 2670 co
477 2609 614 2690 apparuit
628 2609 880 2688 transgressionis
898 2608 1079 2684 admissum,
1100 2627 1157 2672 nec
1169 2608 1229 2674 hcc
1240 2609 1374 2674 naturale

216 2704 398 2788 deputandum
426 2719 489 2782 est,
521 2709 601 2789 quod
623 2709 766 2773 instinctu
792 2710 942 2791 serpentis
971 2718 1112 2790 operatus
1133 2717 1197 2783 cst,
1230 2717 1291 2774 tam
1311 2727 1376 2773 non

217 2811 328 2874 mturale
349 2829 437 2892 quam
459 2829 516 2872 nec
535 2810 720 2887 'materiale
749 2812 819 2893 quia
841 2820 870 2874 et
892 2811 1034 2874 materiae
1055 2811 1144 2876 tidem
1165 2811 1224 2874 iam
1245 2810 1375 2874 numi-

219 2912 294 2975 nosl.
328 2911 444 2987 Quodsi
467 2930 523 2975 nec
543 2912 676 2991 spiritale
696 2932 753 2976 nec
773 2915 854 2994 quod
876 2914 985 2976 dicitur
999 2913 1151 2976 materiale
1166 2913 1322 2994 proprium
1344 2913 1377 2978 iu

219 3004 255 3070 ilo
273 3014 324 3077 luit
345 3015 411 3088 (⁸et
432 3014 458 3074 si
482 3033 517 3075 ex
539 3014 677 3088 materia,
701 3017 809 3078 luisset
830 3015 1051 3092 molismen),
1073 3024 1213 3096 superest
1227 3022 1262 3077 ut
1276 3015 1375 3077 solnm

221 3104 300 3177 inito
322 3124 354 3178 ct
375 3115 493 3177 unicum
516 3115 607 3176 luerit
629 3117 759 3178 naturale
774 3117 854 3196 quod
870 3125 1010 3179 censetur
1024 3115 1161 3193 ¹animale,
1183 3116 1265 3195 quod
1278 3114 1375 3178 'statu

222 3208 324 3294 suplex
345 3224 377 3278 ct
399 3217 573 3278 ¹⁰uniforme
595 3216 791 3279 defendimus.
823 3217 867 3279 [lc
888 3217 947 3278 hoc
966 3215 1054 3295 plane
1074 3215 1251 3294 relinquitur
1271 3215 1375 3296 quaeri

222 3324 247 3369 m
265 3315 435 3380 demutabile
457 3317 563 3379 debeat
584 3318 602 3348 ¹¹
613 3316 709 3389 credi,
736 3318 816 3395 quod
838 3317 971 3379 naturale
991 3316 1115 3378 dicatur.
1160 3314 1270 3376 ¹¹ldem
1293 3314 1373 3377 enirn

222 3419 420 3495 tonrertibilem
438 3423 563 3499 negant⁰
587 3417 607 3449 ¹³
614 3426 759 3489 naturam,
782 3425 815 3479 ut
836 3417 997 3478 trinitatem
1013 3435 1097 3479 suam
1112 3416 1143 3477 in
1159 3412 1283 3492 singulis
1297 3430 1372 3494 pro·

221 3512 372 3584 lienosos
400 3519 506 3599 figant3
539 3517 607 3598 quia
635 3517 725 3578 arbor
753 3517 832 3578 bona
859 3517 955 3579 malos
982 3534 1044 3577 non
1070 3517 1147 3577 terat
1175 3515 1288 3576 lructus
1316 3530 1374 3577 noc
1397 3506 1452 3553 Lm·

221 3617 276 3679 mela
301 3620 416 3694 honos,
450 3629 480 3682 et
507 3638 595 3681 nemo
623 3619 660 3680 dc
689 3617 784 3698 spinis
813 3625 902 3680 metat
929 3616 1004 3678 lions
1034 3622 1064 3677 et
1084 3613 1261 3677 decimatis
1289 3556 1488 3678 uvanw'ffl

222 3757 250 3813 21
269 3775 369 3823 sosimus
387 3772 482 3837 litingi.
518 3771 628 3821 norimus
647 3771 703 3820 oca.
757 3768 798 3820 25.
817 3769 873 3819 item
892 3783 942 3832 ego.
980 3768 1003 3818 id
1022 3767 1151 3820 eetdlldo.
1188 3774 1213 3819 ut
1230 3774 1255 3817 ct
1272 3769 1294 3819 i.
1329 3764 1371 3818 25.

222 3838 296 3907 pato
322 3841 432 3904 Bmpdco.
475 3840 584 3889 mortalis
607 3839 651 3889 lu.
704 3837 745 3886 21.
771 3851 833 3901 quse
851 3844 939 3901 qurota
957 3852 1008 3900 ego.
1052 3850 1125 3900 quum
1144 3843 1233 3901 quintu
1250 3834 1372 3886 rotem·

221 3909 274 3956 litte.
305 3918 394 3974 quanta
412 3909 468 3957 tisri
485 3923 571 3958 omoes.
625 3905 664 3956 28.
684 3920 796 3954 munisse
814 3904 934 3955 suvrietas
951 3905 994 3966 ld.
1029 3912 1152 3954 manasset
1168 3903 1270 3953 varietas
1286 3903 1337 3967 lp.

269 3975 323 4041 Cap.
342 3975 400 4026 xil.
447 3976 468 4025 1.
489 3990 532 4039 per
549 3976 590 4024 to.
632 3975 686 4037 quia
714 3973 842 4022 uniformis
866 3985 910 4035 per
928 3970 986 4021 dcc.
1043 3970 1067 4021 2.
1086 3985 1196 4036 nectpm
1214 3970 1332 4021 triformis
1350 3971 1373 4021 t.

220 4041 431 4107 &quadriformis
448 4044 474 4092 l.
510 4042 620 4092 tannae
639 4040 883 4106 quadrilornisttorg.
919 4039 966 4088 iam
985 4053 1031 4088 nac
1048 4037 1234 4089 trilorvuisddo.
1274 4035 1300 4087 5.
1317 4051 1371 4087 cre·

220 4098 270 4158 dlii
285 4111 345 4176 lang.
398 4109 422 4159 1.
442 4125 513 4159 carne
530 4112 556 4159 A.
609 4109 632 4158 5.
652 4123 722 4158 unam
741 4109 823 4158 omit.
872 4105 895 4156 6.
915 4107 1018 4169 profetia
1034 4105 1079 4167 dd.
1120 4105 1143 4155 ’1.
1164 4103 1298 4166 materiale,
1315 4104 1372 4169 quic

219 4177 316 4229 usal.
370 4177 394 4228 8.
413 4179 475 4227 etsi
493 4177 569 4227 lota.
611 4191 666 4225 nam
684 4178 705 4226 si
724 4178 755 4237 1.,
784 4190 814 4224 ec
836 4176 949 4224 emmdot.
967 4172 1129 4225 Fulullrvivi.
1191 4172 1215 4223 9.
1233 4178 1310 4223 statos
1326 4172 1371 4222 lu.

219 4235 246 4289 ¹⁰.
261 4248 402 4297 anitormen
420 4244 464 4294 lu.
525 4245 563 4293 11.
589 4244 654 4294 credi
677 4244 742 4308 qood
767 4240 876 4292 naturale
899 4242 1008 4307 comp.
1068 4238 1256 4291 121dcnsld.
1298 4238 1373 4290 iidem

216 4310 289 4377 reliqui,
341 4312 382 4364 1³.
401 4312 534 4362 naturalem
553 4312 616 4375 llmp.

238 4445 257 4495 l.
273 4463 317 4498 soc
343 4450 390 4497 iam
416 4449 521 4497 ravimus
540 4441 630 4510 titulo]
655 4445 758 4510 Scripsit
814 4442 871 4493 ldv.
894 4439 1012 4491 valentia.
1037 4455 1090 4505 cup.
1106 4438 1148 4491 25.
1194 4441 1322 4501 Credatur,
1348 4439 1373 4490 id

212 4513 260 4563 erin
278 4516 311 4566 lte
331 4516 389 4565 Fato
408 4515 506 4574 librum,
534 4516 573 4578 qui
598 4512 757 4563 desideratur.
809 4518 847 4561 eat
871 4509 1019 4575 profligetur.
1062 4509 1099 4560 Cl.
1123 4508 1158 4558 lle
1181 4508 1281 4561 Resurr-
1300 4508 1372 4559 Caro.

207 4579 296 4633 lddncit
313 4584 453 4645 Fulgentius
472 4589 526 4646 pag.
540 4581 598 4631 561.
619 4581 689 4631 llere.
708 4580 757 4643 (Fr.
809 4592 865 4643 nvp.
877 4577 918 4627 55.

205 4646 298 4712 liuius.)
845 4647 868 4695 b.
893 4643 1006 4694 materias
1033 4642 1105 4694 tidem
1132 4644 1179 4694 iarn
1206 4634 1373 4706 exclusimus]

231 4718 289 4783 Cap.
307 4718 366 4768 tlt.
403 4734 424 4766 a.
444 4732 489 4767 nec
506 4733 553 4781 qna
572 4712 703 4782 triformis]
726 4716 761 4766 Ex
811 4713 848 4764 ct.
866 4712 922 4762 dds.
941 4711 1053 4774 llermog.
1072 4726 1125 4777 cap.
1138 4710 1177 4762 13.

200 4785 539 4850 opinioneValentinianorum
559 4786 632 4834 homo
645 4792 760 4834 eratccr·
846 4796 867 4830 c.
885 4779 1066 4831 convertibilem
1084 4773 1184 4844 negant]
1201 4779 1238 4830 Cl.
1255 4776 1312 4828 lviv.
1328 4772 1374 4825 ic·

198 4854 257 4906 uelis
276 4868 325 4906 unu
344 4862 367 4904 et
385 4853 496 4905 animalis
514 4862 538 4904 et
555 4851 680 4919 spiritalis.
722 4850 759 4901 Gt.
811 4848 897 4898 lentin.
915 4862 968 4913 cap.
983 4844 1026 4900 29.
