3242 5775
653 643 800 689 semestre
821 645 966 690 mma.
1024 689 1027 694 ,
1312 633 1399 700 ’693

223 801 318 874 purte,
341 811 398 873 qus
421 792 542 872 spiritus
565 801 638 867 eret,
660 792 707 855 dei
730 791 822 857 tilium
836 794 1049 876 pronuntiarit,
1071 812 1195 859 senens
1209 799 1290 861 semi
1304 799 1398 864 lilium

223 893 356 956 hominis
378 892 446 955 dici.
490 893 540 954 Sic
561 902 591 955 et
611 893 766 973 apostolus
789 895 878 957 etium
900 895 949 957 dei
977 904 1007 958 et
1033 893 1217 960 “hominum
1246 899 1529 981 appelleretrtmtt,t

221 992 427 1074 sequestrem*
447 995 602 1073 utriusque
617 994 799 1057 substantioe
813 994 1006 1058 confirmarit
1041 995 1211 1061 Novissime
1231 999 1283 1080 qui
1304 1000 1396 1064 fllium

221 1095 271 1156 dei
293 1112 411 1156 caruem
434 1094 656 1174 interpreteris,
680 1096 785 1157 exhibe
807 1096 856 1176 qui
880 1096 921 1157 sit
942 1096 1019 1157 illius
1042 1096 1184 1162 hominis.
1226 1095 1285 1162 hut
1304 1117 1396 1164 oum·

221 1195 293 1273 quid
322 1194 445 1274 spiritus
476 1194 555 1257 criti
599 1195 658 1257 Sed
687 1195 825 1276 spiritum
851 1206 965 1276 putrem
988 1195 1086 1277 ipsum
1108 1198 1153 1260 ris
1175 1197 1295 1276 heberi,
1327 1201 1396 1282 quir

221 1296 298 1357 deus
321 1296 461 1374 spiritus,
494 1296 579 1376 qussi
609 1315 670 1358 333
700 1306 729 1360 et
756 1297 803 1359 dei
826 1297 963 1378 spiritus,
996 1298 1075 1361 sicut
1096 1307 1127 1364 et
1147 1316 1248 1362 sermo
1268 1299 1397 1366 133331

221 1397 272 1457 dei
293 1414 403 1457 sermo.
1270 1395 1278 1406 “

306 1497 409 1575 ltaque
431 1497 580 1558 Christum
603 1498 673 1558 lacis
694 1505 826 1578 putrem,
849 1498 1041 1572 stultissime,
1068 1497 1118 1579 qui
1141 1516 1198 1562 nee
1216 1501 1313 1580 ipsum
1334 1502 1529 1580 vincemur

221 1596 362 1676 inspicies
391 1598 521 1658 neminis
549 1598 652 1670 huius,
686 1589 837 1660 si'tsmeu
866 1617 975 1660 nomeu
1007 1599 1068 1661 ¹est
1089 1599 1241 1676 christus,
1273 1608 1305 1664 et
1331 1619 1394 1666 333

221 1697 379 1778 appellatio
407 1698 524 1776 potius;
557 1709 663 1761 unctos
691 1700 769 1761 enim
797 1699 1006 1778 ’significetur
1060 1699 1172 1768 Unctus
1199 1709 1297 1766 sutem
1330 1719 1394 1765 333

221 1798 316 1876 magis
338 1817 448 1858 nonren
471 1809 517 1860 est
538 1817 624 1877 quom
648 1800 786 1871 restitus,
807 1819 895 1879 quum
917 1798 1097 1874 'calceatum
1120 1799 1257 1863 occidens
1278 1801 1394 1865 nomini

220 1918 282 1960 res.
326 1899 387 1959 ‘dn
416 1909 462 1971 tu,
499 1901 524 1960 si
553 1919 589 1961 ex
616 1901 714 1979 aliquo
742 1909 916 1980 argumento
945 1899 1069 1963 vestitus
1097 1917 1216 1980 quoque
1238 1910 1395 1966 roderetur

221 2001 326 2071 lesus,
360 2000 509 2079 quomodo
532 2002 668 2062 Christus
696 2001 732 2062 oh
763 2002 914 2062 unctionis
942 2010 1145 2074 sumomonte,
1178 2019 1272 2082 oeque
1292 2002 1394 2065 lesum

219 2101 311 2162 lilium
334 2100 381 2162 dei
404 2102 529 2175 diceres,
552 2103 690 2163 vestitum
707 2120 777 2163 rere
792 2112 905 2181 patrem
921 2099 1083 2164 crederes?
1110 2101 1196 2163 Nunc
1208 2101 1247 2164 de
1260 2099 1391 2166 Christo.

219 2202 252 2263 Si
274 2211 358 2280 puter
381 2200 516 2263 Christus
540 2211 603 2275 est,
626 2211 711 2282 poter
732 2214 841 2265 unctus
863 2211 925 2275 est,
948 2213 978 2264 et
1000 2202 1101 2281 utique
1123 2201 1160 2263 ah
1182 2200 1249 2265 elio.
1285 2200 1392 2266 dulei

218 2323 236 2364 3
258 2302 436 2382 semetipso,
459 2302 564 2379 proha.
608 2302 668 2365 Sed
691 2322 750 2366 nou
771 2303 812 2365 its
834 2304 942 2365 docent
962 2304 1031 2364 Aeta
1053 2301 1265 2382 Apostolorum
1290 2303 1322 2365 in
1344 2302 1393 2366 itt·

215 2404 447 2464 5333133311333
468 2403 609 2465 ecclesiae
630 2404 666 2466 ud
689 2405 790 2466 deum:
815 2404 1023 2466 Convenerunt
1044 2403 1123 2465 euim
1140 2402 1272 2465 universi
1285 2403 1316 2465 iu
1330 2399 1510 2504 1313*ιῆ1,ᾗῦ

218 2504 336 2566 civitate
358 2504 501 2565 adversus
523 2512 656 2566 sunctum
680 2505 770 2566 lilium
792 2504 910 2576 ⁸tuum,
938 2522 1025 2583 quem
1048 2503 1176 2577 unxisti,
1204 2503 1340 2566 11333133
1361 2511 1393 2566 et

217 2604 330 2665 Pilatus
352 2623 417 2666 cum
440 2604 621 2667 nationibus.
663 2606 706 2666 113
728 2605 870 2683 etlilium
898 2605 946 2666 dei
967 2604 1065 2666 lesum
1087 2603 1247 2667 contestati
1268 2611 1340 2666 sunt
1360 2612 1392 2667 31

217 2705 310 2766 lilium
332 2724 349 2766 a
370 2714 454 2785 putre
476 2715 607 2768 unctum.
640 2705 719 2784 Ergo
740 2704 843 2768 'lesus
864 2706 942 2767 idem
964 2708 1022 2767 erit
1035 2704 1186 2779 Christus,
1209 2704 1261 2784 qui
1274 2723 1292 2767 3
1305 2713 1392 2784 petre

218 2817 325 2868 unctus
348 2815 409 2878 est,
432 2825 493 2867 nou
515 2815 615 2887 puter,
638 2807 688 2887 qui
710 2806 801 2867 lilium
825 2807 916 2868 unxit.
949 2806 1000 2868 Sic
1012 2813 1043 2868 et
1056 2806 1180 2867 Petrus:
1203 2803 1389 2866 Firmissime
1400 2801 1508 2906 lm·

217 2908 317 2987 itaque
340 2918 500 2987 cognoscat
520 2910 617 2972 omnis
639 2910 746 2971 domus
768 2909 877 2983 lsrael,
911 2908 990 2988 quod
1018 2916 1048 2969 et
1074 2907 1228 2969 domiuum
1251 2915 1279 2969 et
1301 2905 1390 2968 Chri-

217 3018 313 3080 stum‚
342 3009 371 3070 id
395 3018 441 3071 est
463 3018 599 3085 unctum,
633 3012 734 3072 lecerit
761 3028 829 3072 eum
853 3010 943 3083 deus,
976 3009 1055 3070 huuc
1076 3008 1191 3080 lesum,
1225 3024 1313 3087 quem
1335 3024 1390 3069 ros

217 3110 416 3171 crucifixistis.
455 3111 582 3172 loannes
605 3121 701 3173 eutem
726 3110 813 3172 etiam
836 3109 1007 3171 mendaeem
1029 3117 1113 3171 notat
1134 3126 1203 3170 eum
1224 3107 1275 3188 qui
1296 3106 1529 3216 ”millitis

216 3211 293 3272 verit
313 3212 411 3273 lesum
435 3230 503 3273 osse
525 3211 693 3282 Christum,
720 3221 821 3272 contro
844 3210 960 3271 dedeo
982 3220 1083 3271 notum
1107 3226 1226 3270 emnem
1249 3208 1299 3288 qui
1322 3204 1391 3270 cre·'

215 3312 326 3373 diderit
346 3312 445 3374 lesum
468 3331 536 3374 esse
559 3312 716 3374 Christum.
766 3311 895 3390 Propter
915 3310 994 3389 quod
1017 3318 1047 3371 et
1068 3308 1207 3370 hortatur
1228 3316 1261 3369 ut
1282 3308 1388 3369 credu-
1401 3322 1523 3379 netu·

217 3432 285 3475 mus
307 3413 419 3474 nomini
442 3414 493 3474 filii
517 3413 582 3475 eius
604 3414 671 3475 lesu
696 3411 822 3482 Christi,
853 3417 885 3471 ot
913 3409 1026 3472 seilicet
1047 3407 1218 3469 commuuio
1241 3407 1282 3468 sit
1301 3405 1391 3469 nohis

216 3501 283 3576 cum
306 3523 390 3595 petre
412 3524 440 3577 et
461 3515 521 3576 lilio
544 3515 608 3576 cius
630 3514 696 3575 lesu
720 3511 850 3573 Christo.
900 3508 952 3571 Sic
977 3518 1007 3570 et
1028 3506 1137 3569 Paulus
1165 3505 1274 3585 ubique
1300 3505 1390 3569 13333

215 3626 330 3695 petrem
352 3616 438 3696 pouit
459 3624 489 3678 et
510 3616 662 3677 domiuum
685 3622 822 3674 nostrum
843 3612 942 3672 lesum
965 3606 1127 3670 Christum.
1171 3605 1244 3668 Cum
1265 3605 1303 3668 31
1324 3605 1389 3668 113-

218 3735 322 3779 33333
345 3716 461 3790 scribit,
484 3717 595 3797 gratius
617 3717 676 3795 ogit
698 3715 771 3777 'deo
793 3731 848 3793 per
862 3709 1014 3795 domiuum
1031 3716 1169 3770 oestrum
1185 3705 1283 3768 lesum
1299 3703 1519 3779 Chri-uenus.

214 3827 311 3890 stum,
341 3836 407 3879 cum
430 3817 466 3878 31
489 3817 622 3890 Colotes,
645 3833 706 3876 333
728 3814 764 3876 oh
787 3811 959 3875 hominihus
981 3828 1015 3872 se
1037 3806 1207 3889 apostolum
1228 3806 1386 3887 'praefert
1399 3824 1497 3878 33333.

217 3937 273 3980 333
294 3937 348 3998 per
369 3918 536 3990 hominem,
564 3917 615 3979 sed
646 3935 700 3996 per
721 3916 820 3977 lesum
843 3913 995 3975 Christum
1022 3919 1052 3974 et
1073 3909 1174 3972 deum
1183 3915 1309 3990 patrem
1351 3906 1391 3971 111

216 4019 309 4081 hahes
332 4020 420 4080 ¹⁰toto
443 4019 639 4080 instrumento
662 4017 754 4088 eius·,
786 4033 862 4094 quae
889 4015 919 4077 iu
941 4012 1022 4075 huuc
1042 4011 1164 4074 modum
1185 4008 1390 4092 pronuntient,

217 4129 247 4182 et
270 4121 346 4181 duos
367 4129 555 4201 proponunt,
586 4119 673 4183 deum
696 4126 725 4179 et
745 4124 876 4197 putrem,
905 4123 935 4176 et
956 4112 1109 4175 dominum
1130 4120 1268 4173 oostnrm
1287 4108 1389 4173 lesum

217 4271 259 4321 25.
279 4273 383 4322 hominis
400 4274 426 4322 d.
445 4274 508 4323 leid.
1338 4310 1343 4319 .
1362 4312 1365 4319 .

286 4341 344 4405 Csp.
362 4340 463 4391 nillil.
510 4340 531 4388 1.
550 4341 690 4390 3313331.
709 4338 774 4387 leid.
834 4333 858 4385 2.
882 4333 1002 4395 significet
1024 4332 1051 4383 Δ.
1103 4331 1109 4343 “
1190 4326 1216 4379 ³.
1232 4327 1392 4380 uicturos.

217 4409 243 4458 1.
261 4408 294 4456 lu
315 4417 340 4457 tu
358 4410 392 4470 d,
411 4424 461 4459 curu
480 4408 560 4458 Fulvio
580 4408 671 4456 Ursino.
711 4406 740 4455 tt
759 4402 971 4455 1311313131.
1029 4396 1066 4449 hs
1078 4398 1110 4447 tri·
1131 4395 1252 4449 madeus
1274 4394 1394 4447 scelestos

217 4476 247 4526 31
267 4476 338 4525 deum
356 4478 411 4527 ded.
430 4477 503 4535 leid,
526 4476 685 4525 Votiearoruor
702 4487 771 4535 3333,
798 4478 819 4523 et
837 4470 863 4521 B.
881 4472 907 4519 io
922 4482 1005 4533 33333,
1015 4456 1023 4479 ’
1033 4480 1063 4517 ea
1079 4462 1132 4516 ort
1148 4460 1312 4528 113333313ιεί
1326 4469 1393 4541 purtet

217 4543 392 4593 euelemotioue
416 4543 445 4592 31
464 4543 535 4592 deum
555 4543 610 4592 tot.
669 4539 693 4592 6.
712 4548 779 4590 tuem
798 4538 878 4588 lesum
897 4548 969 4600 quem
986 4534 1026 4587 31.
1080 4530 1110 4583 ·’1·.
1127 4528 1268 4583 teretes.
1289 4530 1393 4580 13133333
1441 4588 1448 4597 ,

217 4619 273 4671 tres,
293 4619 315 4662 et
333 4610 359 4659 B.
377 4614 402 4661 ie
418 4627 501 4673 moro„
521 4626 551 4659 ec
569 4609 739 4673 llirsaupr'errsr',
757 4613 822 4671 pote,
841 4605 942 4656 cedite·
963 4596 1148 4661 1331333131.
1166 4597 1252 4659 (leid.)
1301 4594 1325 4646 8.
1344 4595 1391 4646 133

217 4679 301 4728 dicens
320 4693 364 4743 per
381 4683 405 4729 l.
425 4679 489 4728 leid.
541 4677 565 4727 9.
584 4678 678 4741 protect
694 4678 719 4726 1.
738 4675 801 4724 leid
858 4672 895 4721 to.
914 4677 991 4721 totum
1008 4662 1195 4719 instrumentum
1211 4665 1256 4717 rt.
1273 4664 1338 4719 ted.

250 4781 267 4828 l.
291 4777 456 4844 3333331333]
484 4779 521 4828 ct.
551 4777 641 4827 oduott
668 4775 697 4825 31
721 4775 778 4827 hdr.
863 4771 922 4836 Cup.
941 4768 1039 4821 mill.
1063 4766 1314 4843 etoteirrstrumeute
1323 4755 1391 4828 3133]

215 4846 334 4897 Valentio.
353 4862 406 4911 cop.
417 4845 460 4896 25.
829 4839 916 4890 ’131333
933 4838 1080 4904 scriptore·
1097 4832 1203 4901 epostolr
1218 4844 1317 4896 eorpus,
1333 4828 1392 4895 ool·
