3242 5775
316 607 380 674 448
572 618 675 671 oumrr
690 611 838 660 'snrrnru
849 613 1015 658 rcouenrrs
1038 612 1236 658 renuentum

316 768 434 838 orantia
455 766 534 848 apud
554 755 710 846 parentum
732 764 889 845 sepulchra
911 751 1098 827 mansitando
1119 770 1253 842 captare,
1276 771 1311 825 ut
1324 762 1474 827 normis

278 867 280 875 ’
316 872 421 938 scribit
441 868 488 930 vei
508 861 778 947 ”Nymphodorus
792 866 837 927 rel
859 863 1046 938 Herodotus,
1078 871 1109 926 et
1130 862 1228 925 Celtas
1256 864 1337 943 apud
1364 865 1476 927 viroruu

315 971 436 1036 tortium
464 968 553 1030 busta
583 966 686 1028 eadem
718 967 756 1029 do
784 985 872 1029 causa
899 966 1087 1038 abnoctnre⁰‚
1120 972 1155 1026 ut
1175 964 1324 1027 Nicander
1345 966 1474 1040 aidrmat).

314 1080 377 1135 noir
399 1068 492 1148 magis
514 1075 651 1129 mortuos
673 1085 743 1129 rere
764 1066 923 1148 ”patimur
953 1068 986 1128 in
1014 1064 1131 1128 somnis
1160 1082 1248 1144 quem
1277 1066 1379 1139 rivos,
1410 1063 1475 1128 ”sed

316 1170 420 1235 eadem
441 1169 558 1232 rationo
580 1175 717 1229 mortuos
739 1186 796 1246 qua
820 1176 850 1229 et
870 1167 953 1228 viros
969 1167 1029 1227 ⁴⁰et
1043 1166 1142 1227 omnia
1154 1185 1230 1245 quae
1246 1165 1393 1229 ridentur.
1423 1166 1474 1229 Nou

316 1272 396 1351 enim
418 1269 487 1350 quia
506 1268 644 1330 ridentur
664 1275 834 1341 recinunt,
858 1267 911 1330 sed
927 1268 995 1348 quia
1009 1266 1216 1346 adimplentur.
1250 1267 1341 1329 Fides
1357 1268 1475 1330 somnio·

315 1390 382 1434 rum
405 1371 443 1432 ds
465 1371 586 1442 effectu,
609 1385 671 1430 non
692 1368 730 1430 de
751 1375 916 1448 conspectu
936 1367 1134 1430 renuntiatur.
1171 1365 1248 1429 Nulli
1264 1376 1364 1430 eutem
1379 1369 1477 1431 emmer

164 1472 440 1541 cu0.xn.ns.omnino
462 1468 576 1532 inferos
596 1477 699 1548 petere
721 1466 794 1541 satrb
817 1469 957 1531 dominus
985 1469 1016 1529 in
1045 1477 1219 1547 argumento
1248 1468 1328 1530 “illo
1356 1468 1478 1551 pauperis

316 1569 533 1651 requiescentis
555 1576 585 1631 ct
607 1568 705 1632 divitis
727 1568 979 1648 ”ingemiscentis
1008 1588 1045 1630 ex
1072 1587 1202 1648 persona
1224 1570 1361 1633 Abrabae
1390 1568 1478 1639 senui.

316 1690 378 1735 non
406 1689 499 1752 posse
527 1668 626 1731 ⁴'inde
658 1668 785 1748 relegari
807 1668 1081 1752 &renuntiatorem
1109 1669 1318 1750 dispositionis
1353 1672 1480 1741 iniemro.
1520 1755 1522 1763 Ι

317 1772 397 1853 quod
418 1770 465 1833 vei
487 1779 558 1832 tuuc
578 1770 668 1832 licere
694 1769 860 1850 potuisset,
894 1778 927 1833 ut
947 1770 1041 1851 Moysi
1072 1780 1101 1832 et
1128 1771 1283 1851 prophetis
1312 1772 1481 1835 crederetur.

316 1873 378 1937 Sed
398 1871 455 1934 etsi
478 1870 619 1950 quasdam
647 1871 795 1933 revocavit
821 1872 852 1932 in
880 1889 1006 1951 corpora
1035 1871 1082 1933 dei
1111 1871 1222 1945 virtus,
1255 1871 1286 1932 in
1316 1873 1482 1936 documenti

316 1973 391 2036 iuris
414 1972 478 2045 sui,
507 1989 569 2032 non
591 1970 701 2034 idcireo
730 1972 997 2035 communicabitur
1023 1971 1092 2033 fidei
1121 1981 1152 2034 et
1178 1973 1318 2035 audaciae
1340 1988 1483 2053 magorum

318 2081 348 2135 et
373 2072 503 2134 fallaciae
531 2072 717 2134 somniorum
752 2082 782 2135 et
806 2073 943 2134 licentiae
974 2078 1143 2153 poetarum.
1192 2073 1300 2152 Atquin
1331 2075 1363 2137 in
1392 2091 1484 2137 resm-

316 2172 459 2235 rectionis
492 2173 653 2253 exemplis‚
685 2193 751 2235 mm
780 2173 828 2235 dei
862 2174 955 2237 virtus
984 2173 1046 2235 sive
1074 2192 1128 2253 per
1154 2175 1319 2253 propbetas
1350 2176 1415 2239 sire
1443 2187 1488 2257 per

317 2272 467 2337 Christum
489 2273 551 2336 sive
572 2293 628 2355 per
648 2274 803 2354 apostolos
826 2274 857 2336 in
879 2293 1006 2355 corpore
1028 2274 1141 2336 enimes
1156 2284 1377 2354 repraesentet,
1402 2275 1497 2339 sotiis

316 2384 348 2437 et
368 2375 572 2438 contrectabili
594 2382 624 2437 et
644 2374 749 2438 setieta
770 2375 895 2437 veritate
915 2375 1148 2454 praeiudicatum
1170 2385 1217 2437 est
1237 2375 1315 2437 banc
1336 2396 1410 2440 esse
1432 2380 1504 2440 ior*

316 2494 395 2539 mem
428 2475 578 2549 veritatis,
610 2484 644 2539 ut
672 2494 791 2538 omnem
819 2485 1005 2542 mortuorum
1035 2474 1246 2538 exhibitionem
1275 2477 1521 2559 incorporalem!

317 2576 494 2656 praestigias
517 2576 642 2638 iudices.

165 2697 299 2759 murm.
396 2676 411 2736 .¹
420 2676 532 2740 Omnes
555 2694 626 2755 ergo
647 2675 781 2738 ¹animae
802 2693 896 2756 penes
917 2676 1048 2749 inferos,
1070 2674 1211 2755 'inquiri
1245 2678 1325 2739 vebs
1348 2698 1383 2742 ac
1406 2681 1509 2743 nolio

164 2762 304 2869 mfssssfl,
319 2786 350 2839 et
370 2776 513 2857 supplicia
535 2776 595 2837 ium
614 2775 675 2838 illic
696 2783 727 2837 et
746 2775 917 2855 refrigeria;
939 2776 1032 2838 babes
1054 2795 1213 2857 pauperem
1236 2787 1267 2839 et
1287 2778 1424 2844 divitem.
1461 2772 1521 2844 a}

316 2877 385 2959 quia
407 2876 508 2940 distuli
529 2877 632 2940 nescio
654 2875 725 2957 quid
747 2876 784 2939 ad
806 2876 883 2940 banc
904 2887 1036 2958 partem,
1058 2878 1115 2940 iam
1137 2878 1321 2959 ⁴opportune
1343 2880 1375 2943 in
1393 2882 1522 2946 ‘etan‘

316 2979 381 3041 sula
401 2977 534 3040 reddam.
577 2978 638 3039 Cur
659 2978 738 3039 enim
761 2995 821 3038 non
843 2985 930 3057 putes
959 2980 1086 3041 animam
1115 2988 1151 3040 et·
1172 2980 1270 3059 puniri
1292 2990 1322 3042 et
1344 2982 1443 3046 ioreri
1465 2986 1522 3047 ia

315 3079 421 3141 inieris
443 3076 560 3140 interim
583 3078 640 3139 sub
662 3079 866 3159 expectatione
893 3079 1050 3160 utriusque
1077 3080 1177 3142 iudicii
1199 3082 1229 3142 in
1251 3082 1379 3161 quadarn
1402 3104 1522 3148 usura

315 3179 436 3260 petione
458 3187 489 3242 et
502 3179 627 3242 candida
641 3176 746 3242 eius·i
783 3179 860 3253 Quia
882 3179 993 3243 salvum
1016 3180 1105 3243 debet
1126 3200 1210 3256 esse,
1233 3181 1349 3261 inquis,
1372 3184 1422 3246 ‘in
1446 3187 1522 3249 iu*

315 3280 395 3344 dicio
417 3280 518 3343 divino
539 3280 692 3361 negotium
715 3297 802 3341 suum
825 3279 891 3343 sino
905 3281 964 3345 ulla
978 3282 1190 3362 praelibatione
1206 3284 1387 3359 sententium
1412 3285 1522 3350 ⁷tunt

315 3380 384 3461 quia
405 3390 436 3445 et
457 3380 555 3444 carnis
577 3379 757 3462 'operienda
779 3390 828 3443 est
849 3381 1000 3445 restitutio
1017 3391 1050 3444 ut
1063 3383 1213 3447 consortis
1232 3401 1386 3464 operarum
1401 3372 1522 3466 atque

314 3481 496 3545 mercedum.
533 3481 612 3556 Quid
633 3500 705 3561 ergo
727 3481 779 3543 fiet
799 3482 830 3543 in
853 3490 989 3562 tempore
1010 3481 1095 3546 isto?
1118 3482 1323 3547 dormiemus?
1359 3485 1397 3546 At
1410 3487 1522 3550 eninfl

315 3583 430 3646 animno
451 3602 507 3646 nec
528 3584 560 3646 in
587 3582 753 3644 virentibus
781 3582 949 3659 dormiunt3
983 3603 1143 3664 corporum
1171 3573 1249 3647 e'nim
1278 3594 1325 3647 est
1352 3604 1522 3663 somnus..

315 3701 443 3763 quorum
465 3686 582 3764 etipsa
603 3702 686 3746 mors
709 3702 777 3766 oum
804 3684 926 3764 speculo
956 3702 1011 3745 suo
1041 3703 1159 3749 somno.
1201 3687 1258 3748 dut
1280 3685 1356 3748 nibil
1377 3688 1424 3749 ris
1445 3678 1522 3768 agii

314 3782 388 3860 iliic,
410 3783 630 3863 quouniversa
651 3784 819 3847 humanitas
841 3784 983 3858 trabitur,
1013 3803 1072 3864 quo
1099 3805 1170 3867 spes
1193 3786 1291 3849 omnis
1315 3799 1522 3868 sequestra·-

314 3933 357 3985 at.
374 3934 549 3998 uympbidorus
566 3935 592 3984 Α.
644 3933 686 3984 38.
705 3937 795 3998 patitur
811 3938 892 4000 ΑΒΜ.
945 3935 986 3988 39.
1005 3938 1025 3987 si
1044 3937 1129 3987 sudem
1146 3939 1173 3988 d.
1225 3937 1266 3987 40.
1285 3946 1309 3989 st
1327 3941 1410 3991 omnia
1429 3956 1492 4006 qne

314 4001 433 4051 ridentur.
457 4001 511 4051 Nou
529 4001 593 4050 euim
611 4003 667 4066 quis
685 4002 794 4053 ridentur
811 4012 943 4065 rorarunt,
961 4005 1004 4055 scd
1017 4006 1072 4070 quis
1083 4008 1124 4056 tt.
1160 4013 1183 4054 et
1201 4006 1283 4055 omniu
1300 4021 1364 4071 quae
1381 4009 1494 4060 ridentur

313 4083 370 4118 reru
387 4075 452 4118 sunt.
475 4067 528 4119 Nou
547 4069 611 4119 cuim
629 4071 684 4134 quia
702 4071 812 4121 ridentur
829 4086 883 4121 reru
901 4081 966 4132 suut,
983 4072 1027 4121 sed
1045 4074 1101 4137 quie
1119 4072 1145 4122 B.
1179 4074 1207 4122 tr
1224 4074 1319 4123 somnia
1331 4089 1396 4139 quur
1408 4076 1493 4127 rides·

315 4143 355 4186 tur
371 4150 425 4186 reru
443 4143 507 4187 sunt.
542 4136 596 4189 Non
614 4137 678 4188 enim
696 4139 752 4202 quir
770 4138 879 4189 ridentur
896 4154 951 4190 verr
968 4149 1024 4190 sont
1042 4142 1135 4205 reticui.
1187 4139 1229 4190 41.
1246 4140 1290 4190 ilio
1308 4144 1414 4209 omdm.
1448 4142 1492 4195 42

315 4203 500 4266 ingemescentis
517 4204 568 4270 Ap.
619 4204 662 4256 43.
680 4206 736 4255 inde
754 4206 848 4257 mdo.
901 4207 942 4257 44.
961 4208 1147 4257 renuetietorem
1165 4209 1209 4268 id.

382 4271 441 4335 Cap.
459 4272 538 4325 biiii.
574 4272 597 4322 i.
614 4273 654 4322 tn
673 4273 840 4323 evntstttvn
857 4274 931 4324 tntu
951 4275 1079 4325 rutenos
1097 4276 1217 4336 antuus.
1241 4275 1333 4327 Omnes
1351 4277 1492 4339 (Omnisd.)

315 4337 359 4389 ts.
392 4339 431 4388 ΛΝ
455 4340 574 4399 44104Ιῦ
598 4340 724 4390 ΙΝΤΕΒΙΜ
750 4340 916 4390 t‘utttttnvn
941 4342 1016 4392 netu
1042 4343 1170 4394 INFEROS
1193 4343 1314 4394 unibat.
1355 4346 1448 4396 Omnes
1468 4346 1492 4398 d.

314 4405 339 4455 2.
359 4406 437 4456 rnimr
454 4408 480 4457 d.
532 4406 556 4456 3.
575 4407 651 4472 inquit
668 4413 693 4458 A.
745 4407 770 4457 4.
789 4410 969 4472 oportuuctd.
1028 4411 1051 4459 5.
1070 4411 1178 4461 ciausuir
1196 4414 1238 4462 Ab.
1278 4411 1414 4464 eleusuirm
1432 4414 1491 4466 dds.

314 4472 339 4550 ⁶:
358 4473 383 4590 ip¹
406 4474 466 4603 dact
482 4474 547 4524 fuir.
567 4475 672 4525 Ursinus.
730 4475 754 4524 i.
773 4482 824 4525 tum
844 4475 897 4525 Coi.
940 4484 964 4527 et
981 4485 1038 4528 tunc
1055 4478 1080 4527 B.
1116 4479 1167 4530 Non
1191 4481 1259 4530 iubet
1276 4482 1302 4530 d.
1362 4481 1386 4532 8.
1411 4496 1491 4548 oppe-

314 4555 398 4591 rrcna
451 4575 459 4590 .

348 4689 371 4724 o.
390 4670 533 4737 abnoctare]
560 4674 596 4723 Gi.
620 4674 681 4726 Ptin.
705 4676 734 4726 Η.
752 4675 781 4726 ii.
805 4676 832 4739 V,
847 4677 872 4727 5.
924 4677 979 4728 didi
1003 4675 1068 4746 eius]
1102 4680 1288 4744 Usurpationem
1313 4682 1408 4745 explico
1427 4679 1489 4734 'eum

313 4741 396 4799 t'tt.2.
415 4741 516 4798 md.
534 4741 640 4803 mvii,
651 4742 692 4792 30.
923 4745 1041 4796 retento
1060 4749 1255 4810 anticipationem
1275 4749 1310 4799 rei
1330 4752 1489 4814 praelibatio·

347 4811 404 4874 Cup.
423 4808 501 4859 tttttt.
544 4823 565 4858 a.
592 4811 748 4875 usurpetioue
772 4821 796 4865 et
813 4827 872 4864 can·
923 4827 986 4865 uem.
1013 4816 1226 4868 beroeeroudido
1244 4817 1322 4881 deque
1340 4821 1393 4868 eius
1411 4819 1490 4880 sigui·
