3242 5775
478 670 626 716 morasus
648 672 821 716 mucronata
843 673 902 716 nra.
917 673 956 718 rr.
1112 649 1116 656 ’
1247 665 1310 730 235

197 824 296 904 *ignoti
322 832 402 886 retro
433 834 463 885 et
492 821 599 885 oeurlti
628 823 839 884 revelationem
868 833 899 885 et
927 824 1182 904 ‘adagnitionem'
1210 831 1310 894 inten-

197 945 217 998 t,
249 945 312 988 sum
339 924 466 987 subiciat
493 924 582 986 etiam
609 942 686 1003 quae
716 924 794 985 inter
822 944 856 987 se
883 925 1095 989 'mussitarent
1121 930 1168 991 vel
1196 940 1306 995 tracta-

197 1037 218 1101 t,
242 1028 353 1090 scilieet
373 1044 466 1107 super
487 1026 555 1106 ipso
579 1024 729 1099 dieentes,
763 1025 819 1087 llic
845 1044 906 1087 non
929 1028 1049 1107 expellit
1071 1030 1226 1093 daemonia
1248 1034 1306 1096 nisi
1325 1048 1459 1107 uuexun.

198 1129 378 1203 beelzebub,
401 1127 432 1190 in
454 1134 589 1207 apertum
612 1133 806 1206 processura,
841 1127 921 1189 etin
945 1147 998 1191 ore
1019 1130 1175 1193 hominum
1196 1134 1305 1209 lutura,

203 1231 343 1310 evangelii
364 1228 613 1310 promulgatione.
651 1226 764 1289 [lebino
786 1246 950 1290 conversus
972 1231 1007 1291 ad
1030 1231 1211 1311 discipulos,
1234 1234 1306 1297 nioo
1320 1247 1450 1306 taetus

197 1351 235 1406 m.
258 1332 371 1411 inquit.
394 1331 498 1404 vobis,
522 1328 670 1402 ¹⁰aurisia,
692 1328 785 1390 nolite
808 1330 914 1391 terreri
937 1330 973 1391 ab
996 1332 1039 1393 eis
1055 1332 1104 1411 qui
1119 1352 1174 1394 ros
1190 1334 1306 1396 solum-

197 1453 214 1496 e
235 1433 568 1518 ooodmflpossunt,
591 1449 646 1492 noo
667 1439 739 1510 post
760 1431 819 1492 boe
840 1430 928 1492 ullam
950 1431 981 1492 in
1004 1431 1090 1493 vobis
1112 1432 1224 1496 babent
1244 1455 1304 1515 po·

198 1547 270 1597 tem.
316 1534 377 1596 Sed
407 1533 470 1595 ¹²iis
498 1532 554 1594 en't
574 1528 678 1593 Esaias
705 1531 895 1611 praedicens:
925 1531 997 1593 Vide
1026 1535 1177 1612 quomodo
1208 1535 1456 1606 iustusaauvna.

197 1646 269 1709 tm,
294 1644 326 1696 et
340 1653 429 1696 nemo
445 1632 581 1696 advertit.
614 1631 832 1696 Demonstrabo
855 1641 953 1694 autem
976 1633 1061 1695 robis
1084 1653 1172 1713 quem
1195 1637 1468 1708 timeat-tuente.¹

205 1737 324 1799 Timete
347 1755 414 1798 eum
437 1735 488 1815 qui
509 1742 667 1814 postquam
689 1733 847 1806 occiderit,
879 1742 1058 1814 potestatem
1089 1734 1206 1797 1³babet
1231 1739 1303 1800 mit-

197 1839 248 1900 lin
264 1837 452 1918 geliennam
473 1844 638 1896 creatorem
653 1835 781 1914 “utique
794 1835 982 1914 significans:
1004 1834 1107 1915 ltaque
1126 1836 1192 1898 dioo
1207 1838 1304 1915 vobis,

197 1940 336 2002 :timete
380 1938 419 1999 Et
439 1937 498 1998 lroo
519 1937 549 1997 in
570 1936 638 1997 loeo
660 1937 811 1998 sufficeret
840 1936 912 1998 mibi
942 1937 968 1998 si
990 1955 1078 2015 quem
1099 1937 1200 1998 timeri
1221 1939 1305 2001 iubet

197 2040 234 2102 ui
255 2048 354 2111 vetat,
392 2047 422 2100 et
444 2057 530 2117 quem
554 2038 665 2099 olleudi
692 2045 773 2099 vetat
799 2036 946 2098 demereri
975 2036 1072 2109 iubet,
1106 2039 1208 2117 etqui
1230 2039 1303 2103 baec

197 2141 244 2203 det
263 2141 361 2222 ipsius
389 2148 438 2200 est
465 2140 513 2201 eui
541 2139 672 2201 timendo
703 2146 734 2199 et
762 2157 824 2200 non
856 2139 1035 2199 offendendo
1066 2147 1097 2200 et
1123 2139 1303 2203 demerendo

197 2251 274 2304 urat.
311 2242 372 2305 Sed
395 2239 490 2302 babeo
512 2241 600 2302 etde
623 2240 818 2319 sequentibus
843 2258 971 2301 sumere.
1009 2237 1081 2301 [lieo
1104 2241 1183 2302 anim
1205 2240 1461 2314 robietuexna..

197 2343 294 2423 'equi
316 2342 507 2405 confitebitur
529 2342 584 2402 ¹⁵in
607 2361 655 2403 mo
676 2361 775 2403 eoram
799 2341 991 2413 bominibus‚·
1010 2341 1175 2403 eontitebor
1197 2342 1228 2402 in
1250 2342 1301 2404 illo

197 2463 226 2506 aa
246 2445 313 2506 deo.
359 2444 419 2518 Qui
440 2442 658 2505 confitebuntur
685 2451 782 2504 autem
805 2444 836 2503 in
859 2442 996 2514 Christo,
1030 2442 1124 2504 ooeidi
1152 2441 1304 2505 habebunt

197 2545 433 2617 numinibus,
463 2544 535 2606 nibil
557 2544 658 2623 utique
679 2543 805 2624 amplius
829 2544 947 2623 passuri
969 2552 1039 2624 post
1060 2543 1242 2606 occisionem
1264 2544 1301 2607 ab
1407 2607 1411 2615 ,

197 2691 201 2708 .
240 2646 301 2709 ¹‘lli
324 2664 396 2725 ergo
418 2653 506 2708 erunt
526 2664 602 2725 quos
630 2664 720 2726 supra
748 2655 924 2725 praemonet
951 2663 989 2706 ne
1016 2646 1141 2707 timeant
1168 2653 1299 2708 tantum·

197 2746 349 2821 booridi3
371 2748 441 2809 ideo
463 2747 654 2827 praemittens
676 2764 738 2806 non
761 2746 921 2807 timendam
942 2746 1143 2819 occisionem,
1168 2756 1202 2809 ut
1224 2748 1298 2809 sub-

197 2859 263 2928 pret
282 2850 302 2882 ¹⁷
313 2849 518 2912 sustinendam
541 2846 777 2909 confessionem:
810 2847 848 2908 Et
875 2848 972 2910 omnis
1001 2848 1051 2928 qui
1081 2849 1231 2928 negaverit
1253 2867 1301 2912 me
1319 2858 1448 2914 anenno.

197 2970 232 3013 rm
252 2951 435 3024 bominibus,
466 2949 658 3028 denegabitur
679 2968 778 3010 coram
801 2950 874 3021 deo,
903 2948 939 3010 ab
962 2968 998 3010 eo
1021 2950 1123 3028 utique
1143 2952 1193 3031 qui
1217 2952 1299 3014 illum
1337 2940 1374 3038 J

198 3052 316 3115 filantem
349 3054 540 3114 confessurus
574 3052 689 3112 luisset.
749 3051 781 3111 Si
816 3051 895 3111 enirn
931 3052 1136 3112 consessorem
1173 3054 1300 3116 conlite-

197 3171 230 3225 ιτ,
256 3155 320 3234 ipse
352 3163 400 3216 est
432 3154 481 3232 qui
516 3161 545 3213 et
579 3161 747 3231 negatorem
778 3152 906 3231 negabit.
963 3153 1060 3213 Porro
1091 3153 1116 3214 si
1144 3156 1302 3216 eonlessor

214 3256 254 3317 mi
281 3256 353 3317 nihil
387 3254 548 3316 timendum
582 3263 629 3315 est
660 3262 730 3332 post
767 3254 965 3326 occisionem,
1009 3262 1134 3332 negator
1165 3254 1223 3315 erit
1255 3254 1303 3316 cui

197 3356 289 3419 &om
313 3366 359 3419 est
381 3357 468 3418 etiam
490 3362 719 3436 postmortem.
769 3358 871 3435 ltaque
899 3373 964 3415 cunr
994 3354 1138 3415 creatoris
1160 3354 1201 3415 sit
1222 3355 1302 3432 quod

197 3457 290 3519 dum
312 3457 359 3520 e'st
380 3465 451 3537 pust
477 3465 620 3528 mortem,
656 3458 806 3536 gehennae
836 3456 949 3517 scilieet
975 3473 1088 3534 poena,
1123 3463 1153 3515 et
1180 3464 1305 3533 negator

197 3559 364 3621 arreatoris
387 3567 442 3646 est.
474 3558 505 3620 Si
529 3567 624 3619 autem
648 3558 815 3636 ¹'negatum
839 3568 869 3618 et
890 3557 1064 3628 confessor,
1088 3554 1138 3635 qui
1160 3564 1230 3635 post
1249 3574 1302 3617 oo-

197 3675 273 3721 oaem
300 3660 374 3722 nibil
403 3660 441 3721 ab
467 3659 595 3735 bomine
614 3678 759 3739 passurus
789 3666 849 3730 est,
882 3658 977 3720 adeo
1000 3657 1086 3736 plane
1108 3674 1254 3736 passurus
1276 3657 1303 3718 si

197 3770 261 3833 tet
301 3762 397 3840 Atque
418 3761 458 3821 ita
481 3760 616 3821 Christus
639 3760 782 3821 creatoris
811 3765 875 3830 est,
906 3759 957 3837 qui
987 3758 1119 3819 ostendit
1146 3765 1304 3837 negatores

197 3864 372 3925 ecastoria
401 3862 566 3941 gehennam
594 3862 698 3924 timere
726 3859 848 3921 debere.
902 3860 977 3920 Post
1003 3860 1175 3921 deterritam
1205 3860 1304 3939 itaque

197 3961 316 4036 mam
345 3964 481 4043 sequitur
508 3971 538 4024 et
565 3962 765 4043 blasphemiae
793 3960 997 4021 formidandae
1029 3960 1211 4021 admonitio:
1244 3957 1454 4033 pugnantum.

198 4062 295 4125 nitio
322 4064 415 4126 filium
442 4064 587 4136 bominis,
623 4063 817 4124 ¹⁹remittetur
844 4061 902 4136 illi,
934 4061 985 4140 qui
1013 4071 1110 4122 autem
1138 4059 1247 4121 dixerit
1273 4060 1305 4121 ia

197 4160 270 4227 aa·
290 4174 441 4238 mauro,
463 4182 524 4225 non
546 4165 713 4226 remittetur
733 4162 800 4224 ”ei
845 4161 959 4234 Quodsi
983 4159 1041 4220 iam
1064 4168 1094 4221 et
1115 4159 1254 4221 remissio
1276 4167 1307 4220 et

197 4315 316 4375 diesem
334 4317 359 4368 B.
412 4316 438 4367 l.
465 4317 619 4366 mussitarent
644 4314 679 4365 rel
707 4323 838 4365 tractarent
856 4331 875 4365 e.
937 4311 961 4362 8.
980 4310 1121 4361 beelzebule
1145 4313 1199 4365 ed„
1224 4310 1307 4359 belae·

197 4386 245 4433 Μ.
276 4385 388 4436 belzebul
408 4386 432 4434 G.
468 4384 587 4433 Belaabob
606 4384 632 4432 ll.
683 4383 708 4432 9.
727 4398 754 4432 ea
773 4385 841 4434 obed.
861 4382 1001 4431 doratensis.
1037 4388 1060 4429 et
1078 4379 1122 4429 oc.
1164 4378 1203 4427 to.
1223 4377 1308 4427 amicta

197 4453 248 4501 tad
288 4453 329 4502 ll.
346 4454 444 4517 possint
461 4454 483 4502 l.
529 4450 568 4500 12.
587 4451 633 4500 biis
651 4450 689 4500 Co.
733 4450 772 4500 13.
792 4448 1185 4511 διδοῑΒοιὶ.ΥαίὲοαηιιειιΙινφιε.
1221 4445 1309 4494 babeat

197 4519 229 4578 β’
275 4520 314 4571 lt
331 4523 416 4584 atique
433 4520 588 4580 significaram
607 4519 687 4582 itaque
705 4520 772 4568 abed.
792 4519 923 4568 dorilensis
941 4517 1008 4565 liber.
1043 4515 1142 4577 atique;
1166 4514 1246 4575 itaque
1263 4509 1308 4560 rc.

202 4583 327 4639 ‘nen-BC.
371 4587 412 4637 ltl.
431 4587 476 4636 llic
493 4588 517 4637 d.
560 4587 601 4636 l'l.
618 4586 785 4636 sustinendam
798 4584 881 4644 dcet„
893 4585 932 4633 Fr.
942 4584 1030 4633 luatur.
1065 4580 1252 4631 substroerrdam
1271 4578 1308 4626 ed.

197 4658 377 4707 malt«.
432 4653 471 4705 to.
489 4662 514 4704 at
531 4661 631 4715 negator
649 4656 686 4704 ed
723 4653 763 4703 to.
781 4652 918 4702 remittetur
936 4651 981 4709 illi,
1007 4650 1047 4714 qui
1066 4658 1145 4698 autem
1164 4649 1189 4698 d.
1224 4642 1309 4695 ramlt·

197 4732 208 4777 t.
221 4722 252 4775 tu·
268 4732 349 4775 auum
368 4724 410 4788 qui
429 4722 514 4773 roua
567 4721 608 4771 20.
626 4721 649 4770 oi
666 4721 789 4771 remissio.
814 4718 907 4778 Quodsi
924 4718 971 4767 iam
990 4726 1014 4767 at
1032 4718 1134 4767 retentio
1153 4714 1197 4764 bc.

197 4836 225 4885 ¹!-
246 4824 347 4876 ffllll.
394 4839 416 4875 a.
443 4820 640 4886 adagnitionem]
667 4822 693 4871 st
745 4818 882 4886 pretaberla
905 4832 951 4883 qua
979 4817 1039 4867 deos
1057 4817 1154 4879 ignotae
1172 4812 1215 4862 illa
1232 4820 1309 4870 agno·

197 4898 247 4945 tn
269 4900 309 4947 eet
325 4906 393 4955 aare,
421 4893 594 4956 adamum
616 4892 693 4940 inter·
745 4885 878 4949 aeatorad,
895 4885 1057 4951 impune,
1074 4891 1159 4935 natan
1176 4884 1202 4929 at
1216 4886 1309 4927 aaran.
