3242 5775
736 1259 800 1325 DE

180 1461 948 1583 RESURRECTIONE
1003 1473 1353 1600 CARNIS.

610 1737 930 1752 ---.-..--—......-

270 1936 399 2028 Fiducia
414 1965 649 2030 Christianorum
670 1970 852 2032 resurrectio
875 1979 1070 2038 mortuorum.
1109 1974 1176 2040 ¹llla
1198 1978 1354 2044 medentes
1372 2000 1456 2070 sagr.

185 2083 298 2127 sumus.
347 2067 411 2127 llos
438 2067 577 2130 credero·
605 2069 714 2133 ueritas
742 2070 836 2149 cogit,
871 2072 1023 2135 sensatam
1053 2075 1127 2138 deus
1156 2078 1267 2156 aperit,
1299 2080 1353 2144 sed

184 2166 285 2245 vulgus
307 2165 432 2240 inridet,
455 2168 628 2231 existimans
650 2170 723 2232 nibil
745 2189 904 2249 superesse
925 2181 998 2253 post
1018 2184 1155 2240 martem.
1194 2176 1233 2239 m
1254 2188 1353 2244 tamen

188 2265 329 2330 ieiunatis
350 2270 536 2346 parentanrb,
571 2271 740 2349 etquidem
767 2270 992 2351 impensissimo
1020 2275 1118 2341 officio
1139 2295 1202 2357 pro,
1216 2277 1353 2342 moribus

189 2382 302 2440 earum,
335 2385 390 2446 pro
421 2368 886 2448 temporibus’esculentorum
919 2382 953 2434 ut
980 2392 1057 2454 quos
1084 2376 1211 2455 'negant
1240 2378 1354 2442 sentire

191 2466 354 2547 quicquam,
388 2468 477 2530 etiam
506 2470 676 2532 desiderare
696 2470 934 2550 ³¹’praesumant
976 2474 1015 2536 At
1035 2494 1090 2555 ego
1112 2476 1205 2556 mame
1227 2477 1351 2542 ‘ridebo

192 2565 302 2645 tulgus,
324 2576 396 2629 tunc
417 2587 550 2648 quoque,
574 2589 638 2631 cum
661 2570 745 2650 ipsos
768 2572 1125 2637 defunctos-atrocissime
1140 2577 1251 2650 exurit,
1275 2596 1352 2658 quos

191 2667 370 2739 postmodum
392 2669 581 2749 gulosissime
603 2670 712 2744 nutrit,
734 2671 846 2733 ⁵isalern
862 2672 980 2752 ignibus
1002 2683 1033 2735 et
1053 2694 1229 2754 promerens
1252 2686 1282 2740 et
1303 2679 1352 2742 oi-

173 2761 315 2840 ¹leutlens⁰
350 2769 528 2847 Opietatem
552 2770 588 2831 de
610 2772 781 2834 crudelitate
803 2771 969 2834 ludentem!
1007 2757 1157 2838 Sacrificat
1177 2775 1233 2838 ⁸an
1247 2758 1364 2841 'insu'

106 2912 107 2921 ,
191 2868 505 2941 tat,cum⁷ere1naris
528 2870 676 2933 cremavi
712 2872 802 2935 Plane
825 2893 890 2935 cum
913 2874 999 2954 vulgo
1022 2874 1169 2938 interdum
1185 2884 1215 2938 et
1229 2877 1351 2959 sapien·

187 2967 229 3027 tes
255 2971 432 3031 sententiam
461 2971 562 3032 ⁸suam
592 2973 726 3051 iungunt.
779 2974 857 3034 Nihil
886 2994 952 3036 esse
982 2985 1052 3053 post
1079 2985 1206 3038 mortem
1233 2977 1352 3057 Epicuri

181 3065 279 3130 schola
302 3079 358 3131 est.
391 3071 456 3131 ”Ait
478 3081 507 3133 et
522 3073 633 3134 Seneca
657 3074 754 3135 omnia
777 3083 846 3154 past
867 3083 995 3135 mortem
1011 3075 1099 3148 liniri,
1123 3078 1210 3138 etiam
1226 3078 1350 3157 ipsaml.

249 3253 306 3318 Cap.
325 3256 343 3304 1.
381 3256 403 3305 1.
422 3255 514 3306 irtaco.
543 3257 608 3306 illam
626 3259 718 3321 reliqui.
754 3257 777 3306 2.
794 3257 972 3307 esculentorum
984 3258 1352 3319 (abrenuntiaremuuacacu.

169 3309 229 3369 ''ts
240 3322 349 3373 Vaticani.
384 3324 534 3386 sepultorum
553 3329 635 3387 amgb„
656 3327 723 3388 Gaep.
733 3326 864 3388 Scioppius.
916 3324 938 3373 3.
959 3333 1029 3384 negat
1046 3324 1107 3374 ABG.
1126 3325 1293 3375 laurentianus
1311 3344 1352 3376 co-

165 3372 229 3436 d‘z
244 3405 267 3438 s.
281 3389 319 3438 ¹2.
333 3392 392 3454 plut.
406 3390 447 3439 26.
482 3393 563 3441 Probat
584 3393 716 3439 Fulunius.
761 3390 806 3439 3b.
826 3399 965 3453 praesumat
983 3390 1044 3439 ABG.
1062 3391 1238 3440 Laurentianus.
1268 3393 1352 3442 Probat
1396 3431 1403 3446 a

159 3435 318 3547 gunnas.
362 3457 386 3506 t.
405 3458 472 3507 elaea
491 3474 550 3508 aaut
570 3461 598 3507 aa
618 3460 741 3507 rurscam.
785 3458 809 3505 a.
829 3457 904 3506 noem
925 3458 948 3506 a.
984 3457 1076 3505 unum
1094 3459 1119 3506 r.
1155 3458 1240 3506 ruram
1258 3460 1351 3522 aeraque

184 3542 194 3555 ·
224 3538 251 3571 sn
271 3525 373 3574 liGabarl.
414 3527 452 3574 eui
470 3528 495 3574 l.
515 3526 630 3584 laurent,
657 3533 677 3574 et
702 3532 748 3573 tres
771 3526 880 3573 Vaticani.
933 3524 956 3571 ¹l.
976 3532 1095 3572 crematos
1115 3523 1174 3586 (ἕως.
1233 3523 1257 3574 8.
1281 3539 1350 3574 suam

155 3564 280 3652 'ungunt
298 3593 374 3652 allam,
394 3594 422 3641 ae
440 3595 507 3642 codd.
527 3594 645 3656 Gaagneii.
682 3592 782 3653 iungunt
799 3592 892 3654 reliqui,
913 3598 934 3640 el
951 3591 1059 3640 laurent.
1111 3590 1134 3639 9.
1154 3589 1216 3639 Dicit
1233 3591 1258 3641 B.

213 3724 301 3788 Capi.
328 3740 348 3775 a.
370 3725 420 3774 lloo
438 3721 551 3789 eredere]
570 3726 620 3774 llo'c
638 3735 674 3774 est
687 3740 740 3775 crs·
792 3724 874 3788 quiin
894 3724 945 3787 ipss
970 3738 1022 3772 vera
1047 3723 1162 3785 religiono
1186 3724 1353 3787 superstitiosi

146 3766 236 3841 αέα
264 3800 374 3840 mortuos
400 3806 456 3840 esse
484 3801 672 3842 resurrecturas.
706 3792 741 3842 ld
791 3799 855 3841 sunt.
890 3792 948 3840 Nori
973 3790 1061 3839 multos
1086 3805 1141 3840 esso
1166 3790 1351 3853 sepulchrorum

150 3842 228 3907 ’ἕω
249 3860 281 3908 ci.
300 3858 403 3922 Cyrillus
422 3859 516 3908 llieros.
537 3860 631 3908 Caterb.
654 3860 692 3909 18.
793 3867 816 3907 et
840 3860 986 3922 picturarum
1011 3858 1162 3918 adoratores,
1186 3859 1238 3907 novi
1263 3858 1353 3910 multas

211 3928 233 3974 lr.
261 3925 381 3975 defunctis
406 3923 544 3989 parentant]
570 3927 620 3976 llac
644 3926 740 3990 quidem
792 3927 832 3989 quui
851 3939 921 3989 quam
941 3925 1131 3975 luxuriosissime
1152 3939 1226 3987 super
1244 3933 1353 3975 mortuos

142 3981 276 4043 *liniet
321 3993 367 4042 Seri
398 4002 421 4043 et
445 3993 594 4058 Christianos
618 3993 740 4054 Augustini
792 3994 877 4041 bibunt
895 4001 918 4041 et
936 3993 1020 4055 epulas
1039 3993 1192 4041 cadaueribus
1210 3993 1352 4041 exhibentes

138 4048 234 4109 Qtro
254 4060 398 4123 quibusdam
424 4062 446 4109 in
466 4060 526 4116 locis
545 4061 599 4109 talia
620 4062 742 4109 lectitasse
792 4073 867 4122 super
885 4059 994 4120 sepultos
1007 4073 1033 4106 se
1045 4059 1267 4121 ipsassepelinot.“
1285 4058 1352 4107 ldem

145 4118 256 4190 “tgna
275 4135 371 4176 octavus
396 4128 542 4176 sanctissimi
568 4129 609 4176 riri
630 4128 690 4176 liber
708 4127 742 4175 lle
794 4128 871 4175 Serm.
891 4124 924 4174 43
952 4125 1004 4183 „Tu
1023 4124 1100 4173 demis
1118 4133 1141 4174 et
1159 4125 1280 4173 subtrahis
1298 4131 1353 4186 gut·

145 4173 278 4245 (liniare
303 4195 343 4243 liei
369 4194 472 4258 cap.27.
518 4195 607 4257 Epulas
632 4209 688 4243 sum
713 4194 742 4242 ad
794 4194 841 4242 turi
861 4201 911 4252 tuo,
930 4191 971 4240 ilie
990 4193 1060 4250 forte,
1076 4206 1129 4240 cum
1149 4191 1352 4249 mortunslucris‚

148 4252 311 4323 ¹1lartyrum
329 4263 459 4310 memorias
475 4262 623 4321 deferebant,
642 4262 744 4311 arabant
795 4260 895 4309 calicem
913 4272 987 4320 super
1004 4266 1027 4306 ts
1046 4266 1188 4320 nonpouet‚
1206 4257 1354 4306 narsitano
1451 4273 1452 4277 ¹

146 4323 202 4372 ²1
221 4328 356 4378 offerebant
378 4338 582 4386 cressementum
607 4328 641 4377 rel
662 4343 689 4378 ex
708 4327 743 4376 eis
795 4335 869 4390 ponet
895 4324 1004 4384 calicem,
1037 4325 1088 4385 ipss
1112 4324 1252 4382 inebrisiun
1276 4323 1304 4373 arl
1329 4331 1353 4375 ts

147 4390 251 4444 elram
269 4397 431 4458 indigentibus
450 4396 619 4456 largiebantur.
655 4395 743 4454 ..Quod
795 4390 1118 4443 nullastilladesesndet.“
1150 4391 1186 4440 (ΙΙ.
1205 4390 1285 4439 llesid.
1304 4390 1354 4439 tta-

150 4459 288 4521 (luttere,
308 4465 392 4527 iuquit,
414 4464 583 4512 aCbristianis
603 4463 743 4511 melioribus
795 4461 856 4510 reid.
876 4459 995 4508 llnimadr.
1015 4459 1044 4508 ad
1062 4457 1160 4507 Aruabii
1178 4455 1355 4516 inlinunt„

154 4524 233 4575 ¹²mu
251 4530 283 4589 ut,
309 4540 332 4580 et
355 4532 378 4578 in
398 4531 522 4593 plerisque
541 4540 658 4579 terrarum
678 4529 743 4578 nulla
795 4526 887 4592 ΜΘ.

152 4585 239 4642 (alis
256 4605 293 4647 est
310 4599 488 4646 cousuetudo.“
507 4598 611 4658 (Rigalt.)
640 4597 676 4646 Cl.
689 4596 744 4645 Λᾶν.
831 4608 913 4643 ccum
925 4586 1353 4655 crematiscramaillllecastquum

209 4675 255 4711 arc.
273 4664 331 4723 Η.
367 4665 516 4714 naussum.
535 4663 633 4713 Animae
652 4663 743 4726 capi.
796 4663 898 4710 mortuis
925 4660 1052 4708 eacrillcst
1088 4658 1166 4709 Utitur
1191 4656 1269 4706 verbis
1292 4667 1357 4714 quas

160 4719 250 4777 Atitle
267 4733 389 4793 Angustia.
409 4731 441 4780 [ie
453 4731 631 4781 lloribusEccl.
652 4729 746 4793 capili
797 4741 888 4777 marem
907 4726 1122 4788 ostonduutmagis
1137 4722 1272 4774 ridiculum.
1283 4719 1356 4784 (Rig.)

165 4789 281 4846 „ltalia
307 4800 442 4850 consectari
467 4800 549 4849 turbas
569 4799 744 4863 imperitorum,
830 4788 1139 4860 rl.atiamipsam.]Ssueos
1149 4784 1357 4850 tragisusl'raatls

1144 4868 1202 4922 ³0*
