3242 5775
300 622 343 685 92
551 635 652 686 nutant
675 634 805 677 stertunt
827 632 993 676 renaturus
1016 632 1213 678 TRR'I'ULHAM

301 789 402 860 sitate,
435 784 615 865 usurpabilis
644 785 731 846 etiam
759 783 836 845 maio
859 785 976 846 tuturus
999 792 1081 846 esset
1102 803 1138 845 ex
1160 783 1332 845 infirmbate
1357 781 1481 858 servitii,

301 886 428 967 proinde
451 893 481 946 et
502 885 579 946 maio
602 885 680 946 sicut
700 883 780 945 bono
804 886 942 946 famulus.
976 884 1051 945 Tota
1075 903 1146 964 ergo
1168 883 1289 946 libertas
1312 884 1461 947 arbitrii
1450 903 1493 947 sn
1513 858 1523 901 ¹

301 997 456 1066 utramque
478 992 592 1066 partem
614 1004 756 1046 concessa
778 992 826 1045 est
847 984 905 1057 illi,
934 993 968 1046 ιιι
997 984 1044 1046 sui
1067 985 1206 1046 dominns
1228 994 1407 1047 constanter
1427 1003 1478 1048 oo-
1484 960 1523 1005 ²

302 1094 436 1151 curreret
457 1094 487 1147 et
507 1085 588 1146 bono
612 1093 719 1164 sponte
744 1085 889 1147 servando
914 1093 944 1146 et
957 1085 1034 1146 malo
1055 1093 1163 1166 sponte
1179 1086 1314 1161 vitando,
1339 1069 1517 1167 quonian-¹

302 1198 333 1251 et
353 1188 425 1250 alias
447 1186 578 1266 positum
599 1186 750 1247 bominem
780 1186 836 1247 sub
863 1186 972 1248 indicio
1006 1186 1053 1247 dei
1084 1186 1241 1265 oportebat
1266 1188 1381 1250 iustum
1409 1187 1479 1252 ittet
1508 1164 1523 1214 ¹

218 1344 224 1353 .
302 1290 419 1351 efficere
442 1288 480 1349 de
501 1286 615 1348 arbitrii
645 1286 689 1347 sui
719 1286 850 1360 meritis,
884 1286 970 1348 tiberi
999 1286 1121 1348 scilicet.
1170 1287 1308 1349 Ceterum
1330 1307 1389 1351 nec
1408 1272 1523 1352 bort³

301 1409 357 1452 nec
377 1388 445 1450 mali
468 1406 584 1449 merces
607 1388 671 1449 iure
691 1396 870 1467 pensaretur
891 1388 918 1448 ei
941 1387 991 1466 qui
1014 1396 1064 1449 aut
1078 1388 1176 1450 bonus
1194 1396 1244 1449 aut
1259 1389 1356 1451 maius
1371 1408 1476 1453 neon·

301 1491 389 1552 sitate
411 1490 516 1551 suisset
538 1488 691 1560 inventus,
714 1506 775 1549 non
797 1489 958 1572 voluntate.
995 1489 1029 1549 in
1050 1489 1109 1550 hoo
1130 1497 1160 1550 et
1179 1488 1227 1549 lex
1242 1490 1406 1551 constituta
1421 1491 1476 1566 est,
1502 1477 1523 1522 ᾖ

300 1610 361 1653 non
390 1589 563 1661 excludens,
597 1589 650 1648 sed
676 1587 806 1666 probans
835 1589 1000 1650 libertatem
1029 1589 1066 1650 de
1089 1589 1234 1668 obsequio
1256 1598 1366 1670 sponte
1388 1579 1523 1671 prro-³·

222 1720 225 1729 ·
301 1691 407 1755 stando
430 1690 476 1750 vel
496 1688 735 1767 transgressione
757 1699 867 1768 sponte
888 1689 1115 1765 committenda;
1135 1691 1176 1751 ita
1190 1690 1221 1751 in
1237 1699 1398 1770 utrumque
1412 1689 1476 1755 ori·
1500 1688 1523 1729 ²¹

300 1801 362 1855 tum
384 1792 504 1853 libertas
520 1788 614 1869 patuit
628 1788 752 1849 arbitrii.
784 1790 878 1869 igitur
900 1790 927 1851 si
949 1799 978 1852 et
997 1789 1116 1851 bonitas
1139 1792 1265 1852 stratio
1288 1790 1337 1852 dei
1359 1791 1476 1855 invent-
1498 1785 1516 1829 ⁸

301 1902 349 1954 tur
371 1893 447 1954 circa
468 1882 635 1952 libertatem
658 1889 772 1950 arbitrii
794 1909 969 1952 concessam
992 1890 1120 1964 homini,
1143 1909 1204 1952 non
1228 1899 1349 1970 oportet
1362 1894 1478 1958 omiss·
1499 1885 1523 1936 ²¹

299 1994 395 2075 prima
417 1992 588 2053 definitione
610 1989 752 2052 bonitatis
775 1999 863 2069 atque
886 1992 1027 2064 rationis,
1050 2010 1125 2072 quae
1147 2001 1215 2054 ante
1230 2010 1351 2055 omnem
1365 2002 1476 2057 ιιιοιι·
1497 1983 1523 2039 ⁵¹

300 2104 362 2157 tum
385 2091 591 2155 constituenda
614 2099 675 2164 est,
704 2100 775 2171 post
796 2092 881 2154 tactis
903 2092 1106 2171 praeiudicare
1127 2111 1188 2155 non
1210 2094 1250 2154 ita
1273 2093 1360 2154 deum
1384 2094 1476 2157 iusti·
1498 2081 1523 2140 ii

299 2204 383 2256 tuere
416 2193 571 2265 debuisse,
611 2191 706 2270 ¹⁸quia
738 2190 824 2252 aliter
856 2211 944 2272 quam
977 2193 1092 2254 ¹⁰doum
1122 2194 1242 2256 deceret
1273 2194 1383 2269 evasit,
1421 2187 1477 2260 sod
1499 2190 1523 2247 *t

300 2296 449 2376 dispecto,
473 2293 540 2372 quia
563 2292 601 2353 ita
625 2291 761 2354 debuerit
781 2292 953 2366 instituere,
977 2294 1058 2355 salvo
1081 2313 1117 2355 eo
1141 2295 1220 2374 quod
1239 2295 1406 2385 dispectum
1428 2283 1477 2362 ost
1495 2289 1523 2352 ‘t'

299 2407 398 2458 cetera
413 2394 575 2474 explorare.
609 2392 767 2454 Ceterum⁸
782 2393 866 2455 tacite
888 2403 935 2456 cst
958 2394 1143 2456 attendentes
1167 2395 1266 2456 statim
1288 2396 1319 2456 in
1341 2396 1474 2462 bominis
1493 2393 1523 2455 'ta

299 2498 430 2570 ruinam,
460 2503 617 2572 antequam
644 2493 847 2556 conditionem
873 2495 938 2556 eius
960 2494 1160 2572 inspexerint,
1193 2496 1225 2556 in
1247 2505 1402 2558 auctorem
1421 2515 1474 2560 rc·
1494 2495 1523 2558 ti

298 2598 376 2658 terre
398 2595 477 2675 quod
500 2594 620 2667 accidit,
644 2594 712 2672 quia
734 2614 789 2655 nec
810 2595 941 2656 auctoris
964 2596 1127 2656 examinata
1151 2596 1190 2657 sit
1211 2597 1298 2657 ratio.
1340 2596 1476 2679 Deniqu
1491 2594 1523 2678 *b

249 2747 252 2751 .
297 2704 327 2758 et
348 2695 466 2757 bonitas
489 2694 535 2755 dei
564 2694 768 2774 aprimordio
797 2713 923 2773 operum
950 2704 1107 2775 perspecta
1135 2696 1326 2774 persuadebit
1353 2698 1431 2761 nibil
1451 2715 1475 2766 a
1497 2711 1523 2782 ts

296 2797 353 2858 deo
375 2796 443 2857 mali
467 2795 585 2857 evenire
606 2795 757 2875 potuisse,
785 2803 816 2856 et
835 2795 957 2857 libertas
978 2796 1110 2858 hominis
1133 2797 1291 2877 recogitata
1315 2816 1349 2860 se
1371 2798 1474 2879 potin
1499 2817 1516 2864 ιι

296 2918 377 2961 ream
401 2899 420 2930 ¹⁷
429 2898 568 2959 ostendet
590 2896 700 2976 quod
691 2916 757 2976 apsa
779 2896 956 2959 commisit.
1491 2912 1518 2964 ai

150 2998 224 3070 ’.οιρ
233 3011 321 3060 vu.
380 2974 442 3060 Hac
463 2997 636 3059 definitione
659 2997 757 3058 omnia
780 2997 837 3057 deo
861 2997 940 3059 salva
963 3005 1048 3070 sunt,
1077 3006 1107 3060 et
1138 3007 1243 3060 natura
1271 2977 1416 3063 bonitatis
1442 3006 1475 3064 rt
1492 3015 1523 3078 m

296 3102 370 3163 ratio
392 3097 600 3180 dispositionis
623 3105 653 3158 et
673 3096 888 3176 praescientiae
915 3105 946 3158 et
966 3099 1117 3177 potentiae
1138 3099 1234 3179 copia.
1277 3099 1405 3179 Exigere
1424 3109 1491 3164 ta·
1489 3122 1523 3196 ig

294 3222 363 3264 mon
385 3221 402 3263 a
424 3202 480 3262 deo
503 3197 593 3260 debes
617 3207 648 3259 et
674 3199 846 3277 gravitatem
875 3217 1021 3261 summam
1049 3209 1079 3260 et
1106 3199 1194 3261 fidem
1222 3200 1414 3280 praecipuam
1439 3198 1473 3265 in
1490 3220 1516 3282 ι,Ι

296 3303 376 3364 omni
398 3301 584 3364 institutione
607 3299 688 3372 eius,
717 3298 766 3360 ¹ut
798 3299 919 3359 desinas
948 3317 1093 3378 quaerere
1123 3319 1161 3361 an
1189 3301 1245 3361 deo
1268 3301 1392 3363 notente
1412 3316 1475 3382 po-
1489 3326 1519 3383 t:

295 3405 385 3465 tuerit
406 3403 476 3483 quid
497 3400 625 3462 evenire.
680 3399 800 3460 Tenens
830 3399 909 3461 enim
935 3399 1108 3479 gravitatem
1136 3410 1167 3461 et
1194 3400 1283 3462 tidem
1312 3402 1359 3464 dei
1388 3398 1471 3477 bom‘,
1486 3421 1523 3485 z„

295 3505 349 3566 sed
372 3503 563 3565 rationalibus
585 3492 864 3563 institutionibus'
839 3520 903 3561 erus
917 3500 1123 3574 vindicandas,
1145 3520 1200 3563 nec
1213 3500 1285 3562 iilud
1301 3501 1472 3577 mutaberis
1486 3534 1523 3587 ι.

295 3602 375 3683 quod
399 3603 472 3662 deus
495 3621 556 3663 non
585 3601 792 3663 intercesserit
824 3600 968 3661 adversus
997 3620 1031 3662 en
1059 3618 1135 3680 quae
1165 3601 1260 3662 noluit
1288 3604 1409 3665 evenire
1436 3608 1523 3721 ιι,η

295 3710 485 3764 conservaret
507 3720 636 3780 eaquae
658 3701 759 3763 voluit
793 3701 824 3762 Si
847 3700 926 3762 enim
949 3700 1041 3762 semel
1064 3702 1177 3762 bomini
1196 3703 1374 3781 permiserat
1456 3682 1511 3789 'fa

295 3804 343 3865 trii
365 3802 534 3867 libertatem
554 3809 583 3861 et
597 3809 791 3879 potestatem
815 3809 846 3862 et
859 3801 948 3879 digne
962 3801 1155 3880 permiserat
1179 3801 1256 3865 sicut
1271 3790 1523 3890 ostendimus&

295 3905 396 3984 utique
428 3902 567 3964 fruendas
596 3920 647 3962 eas
678 3921 713 3963 ex
746 3902 811 3988 ipsa
843 3901 1039 3964 institutionis
1072 3903 1247 3964 auctoritate
1279 3902 1523 3991 permiserstffi

292 4005 432 4066 fruendas
455 4010 569 4076 autem,
593 4012 733 4080 quantum
755 4002 890 4082 inipso,
914 4003 1077 4064 secundum
1100 4003 1216 4083 ipsum,
1238 4003 1268 4064 id
1290 4013 1338 4065 cst
1358 4020 1473 4067 aeonas
1486 4040 1523 4087 ¹3

296 4106 365 4167 dum
394 4106 497 4176 deum,
530 4102 559 4162 id
589 4112 636 4163 est
662 4105 692 4163 in
721 4104 833 4166 bonnm
869 4103 947 4182 (quis
977 4104 1053 4164 enim
1083 4103 1225 4165 adversus
1254 4123 1288 4164 sc
1317 4104 1485 4184 perannat,
1515 4142 1523 4179 :-

294 4203 454 4284 aliquidi),
489 4211 631 4282 quantum
658 4222 728 4264 vero
757 4205 787 4265 in
819 4203 955 4277 bomine,
993 4205 1155 4265 secundum
1189 4208 1289 4265 motus
1323 4202 1516 4285 libertatis,-

293 4305 388 4385 ipsius
418 4305 497 4383 (quis
526 4304 605 4363 enim
632 4322 693 4364 non
723 4304 781 4365 hoc
807 4311 940 4384 praestat
972 4303 998 4364 ei
1022 4305 1068 4366 cui
1090 4304 1160 4384 quid
1182 4305 1276 4366 semel
1297 4306 1356 4366 trui
1376 4320 1466 4385 pras·

295 4490 335 4540 to.
354 4491 409 4553 quia
428 4491 461 4551 d.,
480 4490 594 4539 ictarius.
635 4489 675 4550 qni
694 4487 798 4539 tddobr.
858 4488 897 4540 tt.
915 4490 961 4540 deo
979 4490 1042 4541 Add.
1106 4490 1144 4540 tt.
1163 4490 1275 4541 ostendet
1299 4491 1332 4553 d,
1352 4491 1462 4551 betisias,
1478 4498 1523 4523 ··-=

293 4559 429 4609 Fniomm.
463 4556 569 4605 ostendit
584 4555 688 4605 ramae.
1455 4556 1459 4561 '

362 4626 420 4689 Cap.
439 4624 485 4672 th.
523 4623 545 4671 l
563 4631 589 4672 nt
606 4624 677 4684 (ΑΜ,
697 4624 810 4673 Latinius.
845 4630 870 4673 ct
886 4623 973 4675 atnoe.

1454 4686 1523 4707 v·-

326 4759 350 4809 d
369 4754 493 4822 Ceteram]
512 4757 631 4820 alioquin.
658 4757 695 4807 Ct
711 4758 804 4810 adnott.
823 4758 854 4809 sd
939 4773 960 4807 c.
980 4758 1076 4821 qnod
1070 4773 1122 4836 ipss
1141 4755 1283 4827 commisit]
1317 4759 1376 4811 Eius
1402 4748 1523 4824 qut·

292 4826 327 4877 Dc
345 4828 434 4890 Fuga
427 4842 452 4877 rn
470 4827 593 4876 Persecut.
611 4841 664 4892 cap.
676 4825 716 4875 ii
904 4825 958 4892 ipsa
976 4826 1103 4878 commisit.
