3242 5775
320 646 381 710 184
574 658 674 732 curura
698 655 829 700 serrum
850 656 1016 699 ruouunrrs
1040 643 1237 698 ranruuuraru

316 808 536 892 pronuntiatam
560 826 576 867 a
598 816 733 868 creatore
754 806 924 868 constiterit
949 806 979 866 iu
1002 804 1121 866 Cbristo
1144 823 1204 865 non
1227 822 1298 864 esse

315 913 355 976 Et
376 910 544 990 oportuerit
564 908 664 987 utique
686 908 768 987 prius
791 906 880 967 alium
902 906 989 966 deum
1019 905 1143 985 exponi,
1175 914 1280 984 postea

317 1013 383 1075 eius
406 1011 520 1082 induci,
554 1010 622 1088 quia
644 1009 718 1069 deus
741 1008 945 1069 auctoritatem
972 1015 1105 1087 praestet
1132 1007 1306 1087 discipliuae

317 1112 487 1193 disciplina3
519 1110 577 1173 nisi
600 1111 625 1171 si
648 1120 678 1171 et
699 1110 830 1171 Marcion
857 1108 944 1188 plaue
973 1117 1031 1168 tam
1059 1126 1215 1186 perversas
1239 1127 1300 1168 non

318 1225 411 1280 strum
434 1213 547 1274 litteras
569 1211 685 1285 didicit,
718 1210 771 1271 sed
792 1229 848 1290 per
868 1210 982 1270 litteras
1005 1209 1189 1288 magistrum.
1235 1209 1304 1270 Cete

317 1317 386 1378 bato
409 1315 448 1376 ita
470 1313 576 1392 dirigo.
615 1312 647 1373 Si
670 1312 825 1374 sabbatum
842 1311 979 1372 Christus
1000 1310 1181 1381 intervertit,
1205 1329 1306 1370 secun«

317 1417 398 1497 plum
421 1414 489 1476 lacit
510 1412 672 1487 creatoris,
705 1413 853 1491 siquidem
882 1412 912 1472 in
940 1411 1097 1473 obsidione
1127 1411 1253 1471 civitatis
1276 1411 1306 1471 ὅΙ

318 1516 486 1580 circumlata
508 1533 562 1595 per
584 1533 686 1575 muros
709 1533 775 1574 arca
800 1513 967 1574 testamenti
990 1513 1074 1574 uocto
1098 1512 1220 1582 diebuS,
1248 1513 1306 1572 etia

319 1637 354 1680 ex
376 1625 534 1697 praecepto
558 1615 702 1676 creaturis
725 1615 880 1676 sabbatum
903 1615 1076 1693 operatione
1092 1613 1253 1684 destruxit,
1278 1623 1306 1674 ut

317 1720 376 1780 boc
398 1718 485 1781 etde
508 1716 624 1777 Christo
648 1716 832 1785 existimant,
855 1715 1027 1793 ignorantes
1049 1734 1145 1794 neque
1167 1714 1306 1776 Christun

319 1818 501 1882 destruxisse
524 1836 620 1895 neque
642 1824 823 1888 creatorem,
857 1824 890 1875 ut
918 1835 985 1877 mox
1014 1814 1198 1875 docebimus.
1248 1815 1286 1875 Et

318 1921 417 1982 lesum
441 1930 511 1980 tunc
532 1937 649 1997 quoque
671 1936 849 1978 concussum
878 1926 924 1978 est
946 1916 1117 1990 sabbatum,
1151 1924 1185 1978 ut
1211 1926 1240 1976 et
1267 1918 1306 1977 bo

319 2030 398 2083 stum
427 2019 662 2092 renuntiaretur3
699 2019 785 2080 ctiam
816 2018 842 2078 si
871 2018 939 2079 odio
974 2018 1126 2078 insecutus
1156 2028 1203 2077 est
1229 2017 1306 2079 solie.

318 2122 496 2186 ludaeorum
519 2121 613 2192 diem,
637 2128 667 2182 ut
684 2119 820 2180 Christus
844 2138 904 2180 non
919 2118 1111 2190 ludaeorum,
1135 2118 1172 2178 de
1194 2118 1263 2178 odio
1286 2138 1305 2198 q

320 2223 380 2286 bati
412 2224 567 2303 protessus
600 2204 792 2291 creator-ean,
825 2229 858 2281 ut
883 2219 1018 2282 Christus
1044 2220 1156 2299 ipsius,
1184 2220 1306 2298 sequeba

197 2351 305 2402 niqra,
321 2333 449 2386 manteau
474 2342 526 2383 ore
547 2323 668 2396 Esaiae,
700 2321 879 2383 Neomenias
901 2331 930 2382 et
951 2321 1072 2382 sabbata
1095 2330 1192 2381 vestra
1215 2321 1306 2381 adita

164 3187 315 3239 uuam—4.

318 2426 378 2487 Sed
401 2434 431 2485 et
452 2425 525 2485 baec
545 2424 682 2502 ⁷quoquo
711 2423 800 2484 modo
825 2422 900 2483 dicta
929 2422 1004 2495 siut,
1039 2422 1149 2483 scimus
1177 2421 1303 2482 adbiben

319 2526 350 2587 iu
372 2526 427 2586 lrac
448 2523 546 2602 specio
570 2524 656 2583 etiam
679 2522 834 2602 abruptam
857 2524 1060 2583 defensionem
1083 2523 1225 2584 adversus
1246 2523 1306 2583 abra

318 2624 513 2685 uocationem.
556 2622 641 2683 Nunc
662 2633 691 2683 et
711 2624 763 2683 ⁸ad
786 2625 880 2702 ipsam
903 2624 1053 2684 materiam
1082 2623 1271 2703 disceptabo,
1299 2624 1306 2684 i

318 2733 366 2786 est
386 2723 541 2784 destruere
563 2723 714 2784 sabbatum
738 2723 849 2784 Christi
872 2723 1036 2803 disciplina.
1079 2724 1254 2785 Esurierant
1276 2724 1305 2786 di

318 2825 366 2886 die
389 2824 487 2904 spicas
510 2823 664 2903 decerptas
683 2823 820 2884 manibus
836 2822 1046 2899 “elilixerantb
1069 2823 1166 2884 cibum
1189 2825 1303 2904 operati

317 2932 444 3004 peraut.·
477 2924 606 2985 Excusat
627 2925 694 2985 illos
718 2924 854 2985 Christus
878 2934 907 2985 et
928 2944 998 2986 reus
1023 2936 1068 2986 est
1091 2926 1203 2986 sabbati
1226 2927 1301 2988 laesi

317 3024 482 3104 pharisaei,
511 3025 641 3085 llarciou
664 3033 761 3103 captat
783 3033 877 3085 status
900 3027 1120 3087 controuersiae
1142 3027 1215 3100 (¹⁰ut
1236 3027 1306 3106 aliqu

318 3144 383 3187 cum
405 3125 465 3186 mei
488 3124 599 3186 domiui
621 3126 786 3202 veritate‘),
816 3126 946 3204 ¹²scripti
976 3136 1006 3186 et
1034 3127 1224 3189 voluntariae.
1274 3129 1307 3190 llr

176 3241 290 3346 xppqqd·
318 3226 396 3313 euim
419 3225 575 3288 ¹'sumitur
596 3225 740 3288 creatoris
763 3226 851 3288 etde
874 3227 982 3288 Christi
1005 3229 1155 3291 vuluntate
1177 3229 1287 3303 color·,

317 3348 342 3398 5.
360 3348 523 3397 lliericbontis
542 3348 595 3398 Gai.
631 3345 754 3396 iericoutis
773 3347 797 3396 B.
850 3346 986 3410 6.septeu1
1006 3350 1040 3397 ed.
1094 3347 1117 3396 Ι.
1138 3363 1234 3412 quoque
1253 3351 1279 3399 B.

317 3419 427 3467 antissam
445 3418 470 3465 in
488 3417 540 3465 cdd.
550 3416 646 3465 Semleri
657 3423 678 3465 et
689 3416 807 3479 leupoldi.
854 3414 878 3464 9.
898 3415 1034 3464 effrixerant
1051 3432 1071 3464 c.
1121 3416 1158 3464 10.
1178 3418 1247 3479 quasi
1266 3425 1292 3465 ut

320 3485 449 3535 Vaticanus.
474 3484 578 3533 Probabit
597 3484 734 3532 Fnlnnius.
781 3482 819 3531 ll.
839 3483 920 3532 ludam
939 3498 988 3544 epo.
1024 3483 1117 3531 cludam
1138 3485 1173 3533 cd.
1196 3485 1306 3533 Vaticana

317 3552 371 3601 dam
389 3553 483 3614 reliqui.
539 3551 576 3600 ll.
594 3553 677 3614 scripti
696 3550 860 3600 noluntatelt.
915 3549 953 3598 13.
972 3559 1097 3599 rumantnr
1115 3550 1139 3601 B.
1194 3551 1231 3600 ll.
1251 3552 1306 3615 quia

351 3649 409 3711 Cap.
428 3648 477 3698 llll.
525 3665 547 3698 a.
578 3651 704 3712 protessus
729 3649 875 3715 creatorem]
929 3651 1061 3701 inluniae
1080 3653 1171 3701 clodum
1188 3661 1268 3702 tuetur
1286 3668 1306 3703 rr

316 3716 422 3764 Rescribi
442 3715 511 3765 facile
529 3726 614 3778 posset
632 3719 788 3780 „professum
807 3734 875 3768 crea·
928 3728 1049 3782 prelatus:
1075 3720 1134 3779 Onia
1160 3720 1188 3768 ud
1215 3736 1253 3768 res
1272 3722 1306 3771 ccl

316 3783 422 3832 torem.“
446 3784 493 3831 Sed
513 3797 559 3831 non
579 3799 640 3846 opus
660 3793 718 3833 erat.
745 3787 792 3834 Sed
803 3789 875 3835 etiarn
927 3788 1035 3848 graditur
1058 3788 1126 3850 quasi
1153 3788 1286 3851 pueriliter,

314 3854 345 3899 de
362 3850 517 3900 distinctione
536 3849 646 3900 laborant
665 3852 724 3903 baec
741 3853 821 3913 rerba,
840 3854 875 3902 nel
926 3847 998 3914 πείᾳ,
1019 3853 1102 3903 diceus
1114 3855 1259 3919 „utaliquid
1274 3856 1306 3905 ela

315 3918 378 3980 apud
397 3917 534 3978 nigritiam,
561 3933 600 3981 qur
625 3919 732 3969 distinxit
759 3921 875 3980 „doeebl-
928 3921 998 3970 liceat
1022 3921 1078 3969 mibi
1104 3923 1126 3969 in
1157 3923 1221 3972 bunc
1245 3923 1306 3973 modi

315 3997 377 4032 mus.
419 3984 448 4033 Et
471 3990 550 4032 tamen
579 4011 612 4021 -
637 4011 670 4021 —
689 3991 875 4049 renuntiaretur,
926 3990 1025 4038 teebuas
1045 3988 1144 4049 Pontici,
1164 3992 1306 4052 etsuliragr

314 4051 385 4101 etiam
404 4052 424 4100 ri
444 4076 520 4086 --
538 4053 748 4105 nauludaearuua.
774 4056 876 4107 ueouto
927 4065 983 4107 tate.
1019 4056 1060 4106 Sic
1083 4065 1168 4120 postea
1195 4061 1295 4110 colorem

314 4117 429 4182 quoque“
448 4126 503 4167 cett.
794 4142 796 4146 ¹
926 4121 1016 4188 ρικῶς.

347 4184 370 4233 b.
390 4186 500 4235 manibur
515 4184 659 4253 afflixerant]
677 4189 749 4238 Nihili
760 4197 798 4238 est
810 4193 875 4256 epri-
959 4193 983 4241 d.
1003 4191 1107 4240 llareian
1119 4199 1198 4254 captat
1213 4200 1306 4242 statuo«

312 4260 403 4314 mant,
424 4253 488 4317 quad
499 4253 618 4304 Panaetius
637 4271 664 4305 ex
682 4258 886 4307 runconiectnra·
926 4259 1008 4322 scripti
1027 4268 1051 4308 et
1068 4256 1220 4324 uoluntatis]
1241 4259 1306 4325 sqrq

313 4320 402 4381 paruit.
439 4322 487 4369 liet.
507 4320 587 4371 Gloss.
606 4323 705 4383 Eriurt,
732 4340 802 4373 ome
822 4326 873 4375 edi·
925 4320 1176 4388 decaniactltigalt.)
1202 4328 1306 4378 ennittuu

313 4386 728 4452 tam,p.328:„usatnn,attiau.“
746 4392 872 4443 illidendo
925 4395 1030 4443 lorensis
1049 4394 1141 4444 rabula.
1182 4395 1261 4445 Statua
1285 4395 1306 4445 rl

312 4461 392 4503 aotam
411 4464 435 4505 et
452 4454 561 4505 fricando
579 4457 705 4507 solvuntur
722 4473 803 4520 grana.
924 4463 1034 4525 quaestio
1058 4476 1120 4525 quae
1138 4476 1165 4511 er
1184 4463 1261 4526 prima
1280 4477 1306 4511 ca

346 4535 368 4571 c„
387 4529 413 4572 ut
429 4522 518 4586 aliquid
538 4523 618 4573 ludam
643 4519 697 4574 ciam
716 4526 806 4576 domiui
826 4529 873 4578 mei
925 4530 1030 4578 tlietione
1048 4532 1162 4579 nascitur.
1197 4529 1306 4580 tutet

311 4585 422 4657 raritate]
441 4589 546 4653 llepaaui
564 4591 644 4641 iudana
661 4607 706 4655 pro
725 4597 818 4644 eludam
836 4596 872 4645 rel
925 4597 987 4645 Part.
1007 4612 1059 4659 cap.
1069 4595 1109 4646 29.
1147 4597 1260 4655 Quinctil.
1284 4597 1306 4646 ΙΙ

311 4656 419 4721 eludam·
437 4659 872 4726 quarumscripturarumatteraqui·
924 4663 966 4723 ΙΙΙ,
981 4663 1004 4713 6.
1046 4664 1139 4714 Dicitur
1161 4666 1233 4714 etiam
1252 4678 1306 4717 rana

311 4722 367 4774 deur
390 4726 483 4778 cloden
504 4725 561 4789 quid
585 4727 631 4775 sibi
656 4727 695 4777 bic
719 4728 790 4778 veltet
808 4730 872 4793 apud
923 4732 1002 4793 ipsum
1015 4732 1190 4781 Tertullianum
1209 4733 1243 4781 lia
1261 4732 1305 4783 Ρη

311 4797 404 4842 tutoraa
435 4793 501 4852 einr,
532 4793 663 4844 rumetum
687 4802 710 4844 et
734 4796 871 4857 lligaltium,
924 4800 992 4848 ratic.
1012 4798 1128 4863 cupid..
1147 4800 1186 4849 nbi
1205 4801 1236 4850 ei.
1255 4799 1306 4851 adu

311 4870 342 4907 ar
365 4859 523 4913 coniectando
551 4861 647 4926 quidem
674 4864 773 4928 assequi
795 4866 872 4928 potui.
957 4880 979 4915 e.
997 4862 1077 4932 calor]
1106 4867 1174 4918 Color
1196 4866 1254 4933 qaid
1276 4868 1306 4919 rit
