3242 5775
272 640 315 703 96
532 652 632 704 onmrr
657 651 787 695 ssrrruu
809 651 975 696 rnoasnrrs
998 650 1194 695 resarsurum

272 804 331 868 iam
352 804 445 865 rideri
466 809 567 882 potest
587 801 684 863 anima
706 801 865 880 deliquisse
888 802 968 879 quod
990 800 1031 861 illi
1053 818 1120 862 cum
1142 800 1199 862 deo
1221 799 1311 861 altine
1334 808 1399 874 est,
1420 799 1452 864 id

272 913 319 967 est
339 924 393 984 per
414 906 559 974 alllatum,
581 902 633 964 sed
655 920 710 981 per
731 901 801 963 illud
825 901 902 979 quod
920 901 1102 962 substantiae
1119 901 1262 974 accessit,
1284 901 1315 961 id
1332 909 1382 963 est
1396 920 1452 982 pu·

270 1006 398 1068 liberum
419 1003 588 1076 arbitrium,
612 1021 629 1064 a
651 1003 707 1064 deo
730 1002 849 1082 quidem
864 1002 1047 1062 rationaliter
1061 1000 1250 1074 attributum,
1272 1002 1311 1063 ah
1327 1003 1452 1066 homine

269 1125 342 1168 sero
371 1124 428 1185 qua
449 1105 542 1166 voluit
569 1103 718 1182 agitatum.
763 1103 878 1175 Quodsi
901 1103 941 1163 ita
963 1122 996 1163 se
1017 1102 1162 1175 ‘’hahent,
1196 1103 1295 1164 omnis
1318 1103 1378 1165 iam
1399 1103 1447 1166 dei

272 1207 431 1287 dispositio
454 1206 491 1267 de
512 1204 581 1266 mali
604 1204 859 1283 ¹⁰exprohratioue
880 1212 1032 1283 purgatur.
1071 1202 1207 1266 Libertas
1229 1203 1311 1265 euim
1332 1203 1448 1266 arbitrii

251 1327 333 1374 ,non
355 1308 383 1369 ei
404 1307 519 1386 culpam
541 1324 624 1368 suam
645 1312 769 1384 respuet
790 1324 806 1365 a
833 1323 892 1383 quo
921 1305 988 1365 data
1014 1311 1077 1377 est,
1110 1306 1163 1366 sed
1191 1323 1209 1365 a
1235 1323 1295 1384 quo
1326 1323 1390 1366 non
1416 1311 1449 1368 ut

151 1392 164 1409 ”
271 1408 374 1471 debuit
394 1407 597 1469 administrata
620 1414 676 1467 est.
727 1405 814 1478 Quod
842 1405 969 1483 denique
991 1405 1099 1466 malum
1122 1404 1272 1467 describes
1296 1395 1448 1468 creatori?

271 1510 303 1573 Si
325 1509 464 1572 delictum
485 1507 631 1580 hominis,
655 1524 716 1567 uon
738 1506 796 1568 erit
817 1507 864 1567 dei
885 1506 966 1585 quod
989 1513 1036 1566 est
1050 1506 1197 1580 hominis,
1219 1525 1276 1567 nec
1289 1505 1370 1569 idem
1393 1506 1448 1569 ha·

269 1611 387 1674 hendus
409 1616 457 1670 est
478 1607 576 1669 delicti
598 1615 701 1669 auctor
722 1607 772 1687 qui
795 1605 943 1668 invenitur
970 1606 1160 1680 interdictor,
1193 1607 1285 1668 immo
1315 1617 1346 1668 et
1373 1626 1447 1670 oon·

271 1713 436 1774 demontor.
476 1708 509 1769 Si
531 1726 614 1769 mors
636 1707 761 1780 malum,
784 1726 842 1770 uec
863 1725 946 1769 mors
969 1707 1176 1770 comminatori
1198 1727 1271 1781 suo,
1295 1709 1350 1771 sed
1371 1727 1447 1772 con·

271 1810 412 1891 temptori
433 1809 519 1870 laciet
541 1808 708 1881 innotans,
731 1816 764 1870 ut
785 1808 909 1869 auctori.
944 1808 1167 1870 Contemnendo
1192 1809 1269 1871 enim
1286 1828 1352 1873 eam
1367 1811 1446 1886 lecit,

271 1931 333 1975 nou
356 1912 456 1989 utique
478 1912 605 1972 futuram
627 1910 653 1969 si
676 1927 736 1971 non
759 1909 999 1988 contempsisset.

166 2029 254 2088 capr.
358 2014 417 2075 Sed
441 2012 486 2072 ¹et
499 2012 525 2071 si
547 2010 583 2071 ab
605 2009 726 2071 homine
748 2010 779 2070 iu
800 2009 949 2071 diabolum
966 2009 1190 2089 transcripseris
1205 2010 1274 2072 mali
1289 2011 1447 2091 elogiumt,

271 2114 323 2177 'ut
343 2113 374 2174 in
395 2111 602 2174 instinctorem
624 2110 737 2184 delicti,
759 2111 801 2171 uti
825 2111 869 2171 sic
890 2129 1009 2191 quoque
1030 2111 1061 2171 in
1076 2120 1240 2173 creatorem
1255 2112 1367 2192 dirigas
1381 2113 1448 2175 oul-

270 2233 339 2298 pam
366 2221 399 2275 ut
426 2213 457 2273 in
484 2222 633 2274 auctorem
662 2210 787 2283 diaboli,
821 2211 870 2291 qui
905 2210 992 2273 ³lacit
1023 2212 1145 2291 angelos
1181 2212 1340 2292 ‘spiritus,
1375 2231 1447 2294 ergo

271 2316 351 2396 quod
374 2317 467 2377 lactus
490 2314 585 2375 adeo
608 2321 667 2385 est,
690 2313 718 2374 id
741 2321 788 2373 est
802 2311 942 2391 angelus,
965 2313 995 2374 id
1018 2313 1076 2373 erit
1097 2314 1162 2375 eius
1184 2313 1235 2393 qui
1257 2315 1342 2389 lecit,
1366 2314 1448 2395 quod

270 2426 369 2478 autem
392 2418 486 2477 iactus
509 2432 524 2475 a
547 2415 603 2476 deo
626 2432 686 2474 non
709 2420 769 2483 est,
792 2412 823 2473 id
839 2422 884 2474 est
899 2413 1052 2486 diabolus,
1075 2414 1105 2474 id
1121 2422 1169 2476 est
1183 2415 1312 2489 delator,
1336 2434 1448 2497 super·

272 2526 318 2579 est
345 2524 377 2577 ut
403 2516 469 2593 ipse
497 2534 566 2576 sese
594 2515 711 2586 lecerit,
742 2511 903 2576 dele'rendo
931 2515 968 2575 de
997 2515 1084 2588 deol,
1118 2525 1149 2576 et
1178 2515 1297 2595 quidem
1325 2516 1447 2592 laisum,

269 2617 378 2697 primo,
401 2615 480 2695 quod
503 2614 577 2675 deus
600 2614 666 2675 illos
689 2633 725 2675 ex
747 2615 828 2681 omni
843 2614 923 2693 ligno
940 2615 1027 2676 edere
1045 2616 1198 2689 vetuisset,
1220 2616 1337 2690 dehinc,
1360 2618 1449 2699 quasi

269 2716 406 2780 morituri
429 2733 489 2777 non
512 2723 633 2788 esseut,
656 2715 682 2776 si
704 2715 853 2789 edissent,
876 2716 980 2788 tertio,
1007 2717 1090 2795 quasi
1112 2717 1186 2778 deus
1208 2717 1266 2778 illis
1289 2717 1450 2782 invidisset

270 2817 462 2880 divinitatem.
493 2815 576 2877 Unde
590 2815 679 2896 igitur
694 2816 820 2890 ³malitia
842 2816 985 2877 mendacii
1008 2825 1037 2877 et
1058 2817 1188 2879 fallaciae
1209 2819 1240 2879 in
1254 2819 1396 2881 homines
1416 2827 1450 2882 et

268 2920 407 2983 infamiae
428 2919 459 2980 in
482 2916 594 2980 deum?
636 2920 659 2978 ll
682 2919 737 2979 deo
759 2918 862 2996 utique
885 2936 962 2990 non,
995 2920 1045 2997 qui
1074 2929 1104 2980 et
1132 2920 1267 2998 angelum
1290 2939 1327 2982 ex
1348 2922 1447 2985 forma

273 3040 397 3103 operum
419 3020 567 3081 honorum
589 3019 715 3081 instituit
735 3019 857 3080 bonurn.
894 3019 1027 3099 lienique
1050 3020 1290 3099 sapientissimus
1313 3012 1465 3085 omniunt*

273 3122 385 3194 editur,
408 3131 564 3201 antequam
586 3120 738 3193 diabolus;
759 3120 818 3180 uisi
841 3119 949 3181 malurn
971 3129 1017 3181 est
1039 3121 1193 3199 sapientia.
1229 3120 1269 3183 Et
1283 3123 1311 3185 si
1326 3123 1456 3187 evolvas·

268 3222 431 3285 Ezechielis
453 3222 655 3302 prophetiam,
683 3220 767 3282 lacile
794 3220 1010 3283 animadvertes
1040 3232 1098 3283 tam
1120 3223 1309 3285 institutione
1329 3223 1446 3287 bonurn

268 3324 404 3403 angelum
426 3323 507 3384 illum
529 3341 616 3402 quam
639 3331 747 3402 sponte
768 3328 952 3401 corruptum.
989 3323 1021 3382 ln
1037 3321 1184 3402 “persona
1199 3324 1278 3385 enim
1300 3325 1447 3405 principis

165 3418 256 3521 335&
270 3426 329 3488 Sor
349 3425 386 3486 ad
408 3425 556 3487 diabolum
579 3423 801 3503 pronuntiatur,
835 3421 874 3483 lit
894 3422 987 3485 lactus
1009 3432 1056 3483 est
1077 3442 1176 3485 sermo
1199 3425 1316 3487 domini
1337 3426 1375 3487 ad
1397 3445 1448 3489 me

170 3522 390 3588 ¹¹·¹⁶·dicens:
425 3525 481 3586 Fili
502 3525 648 3598 hominis,
682 3543 766 3586 sume
798 3521 949 3602 planctum
976 3541 1067 3602 super
1094 3524 1257 3604 principem
1283 3526 1359 3600 Sor,
1395 3527 1447 3591 ’et

267 3626 365 3698 dices,
388 3625 467 3685 llaec
487 3625 558 3686 dicit
579 3625 733 3687 domiuus:
762 3623 808 3684 Τιι
831 3641 863 3684 es
885 3624 1120 3702 resignaculum‘
1142 3626 1362 3701 similitudinis,
1391 3627 1444 3707 qui

137 3742 140 3747 ·
200 3773 203 3778 -
267 3725 381 3788 scilicet
402 3724 599 3803 integritatem
621 3724 757 3804 imaginis
785 3731 815 3784 et
843 3722 1045 3786 similitudinis
1067 3724 1297 3805 'resignaveris
1329 3746 1447 3791 corona

267 3826 384 3889 decoris
407 3826 477 3903 (hoc
498 3832 531 3886 ut
552 3825 789 3887 eminentissimo
805 3825 988 3902 angelorum,
1011 3834 1044 3886 ut
1058 3827 1245 3906 archangelo,
1268 3834 1301 3890 ut
1318 3829 1446 3908 sapien-

265 3926 382 3987 tissimo
411 3925 556 4001 omnium)
584 3925 615 3986 iu
641 3926 754 3988 deliciis
782 3925 914 4005 paradisi
935 3927 984 3987 dei
1006 3927 1048 3987 tui
1072 3935 1158 3989 natus
1181 3947 1232 4004 es,
1268 3927 1329 3991 illic
1350 3918 1448 4007 enirn,

265 4075 534 4128 commessator.
554 4076 641 4154 ¹hahet
659 4079 797 4157 Leopotdur.
852 4077 892 4127 10.
911 4074 1083 4156 enprobatione
1101 4083 1135 4140 A,
1149 4096 1197 4156 pro
1214 4096 1298 4160 more·

307 4143 860 4290 ..tntl·..‘²t.⁰t.til.t2uttt⁶·
882 4147 1445 4290 ..lllltltt'l'ltffl‘dilatauit*

263 4279 407 4329 tieoaiduo.
442 4280 500 4329 lecit
518 4280 571 4329 doh.
622 4280 647 4330 d
666 4296 709 4343 spe
727 4281 770 4330 ts.
817 4280 841 4329 5.
859 4281 963 4328 maturae
981 4288 1006 4330 et
1022 4281 1134 4331 fallaciae
1150 4282 1192 4330 lt.
1235 4281 1260 4332 6.
1278 4297 1385 4345 persona
1403 4286 1443 4335 ed.

267 4345 372 4400 Vaticani
389 4347 442 4395 duo.
478 4361 607 4410 personam
625 4349 717 4411 reliqui.
764 4347 787 4395 t.
807 4354 830 4396 et
846 4347 911 4397 dices
923 4349 953 4406 ei,
973 4348 1038 4398 llaec
1055 4349 1114 4399 dicit
1131 4348 1308 4408 dominus-Tu
1326 4351 1442 4415 resigna·

264 4412 344 4462 eninm
361 4414 476 4463 Latinius.
527 4413 551 4463 8.
570 4415 736 4476 resignaveris,
753 4414 841 4477 plenus
860 4415 987 4478 sapientia,
1007 4430 1097 4466 corona
1116 4416 1212 4465 decoris
1230 4418 1267 4467 ed.

296 4527 319 4575 g.
338 4512 408 4562 laciet
425 4511 548 4576 insidiam]
572 4513 609 4563 Cl.
628 4514 718 4564 adnott.
737 4515 767 4564 ad
785 4515 820 4564 lls
906 4516 929 4563 h.
949 4516 1080 4566 deierando
1107 4511 1214 4581 dedeo]
1242 4516 1356 4567 ldlertur
1373 4519 1439 4570 ratio

263 4577 329 4630 Orat.
348 4595 401 4643 cap.
412 4580 436 4630 5.
455 4580 524 4632 etad
542 4581 643 4645 lpolog.
662 4582 768 4644 capto.
873 4597 915 4632 cnr
933 4575 1060 4646 διάβολος
1086 4583 1180 4633 delator
1197 4585 1335 4648 appelletur
1352 4594 1378 4635 et
1394 4601 1440 4637 se·

296 4647 355 4712 Cep.
372 4649 399 4697 Χ.
442 4664 463 4697 ι.
489 4649 672 4712 transcripseris
690 4650 747 4699 mali
766 4649 820 4698 elo·
873 4651 1002 4714 questibus
1020 4652 1184 4700 conllrmatur.
1202 4652 1368 4712 (Fuluuins.)

260 4712 337 4777 giem}
363 4715 399 4765 Cl.
417 4731 490 4779 snpra
510 4716 580 4764 lihl.
604 4732 656 4780 cap.
666 4715 699 4765 22
725 4725 819 4776 „totum
907 4733 927 4767 c.
954 4713 1143 4780 resignaculum]
1173 4719 1205 4767 lle
1235 4719 1282 4768 hac
1312 4719 1437 4782 scripture

259 4780 363 4845 denique
382 4784 498 4833 creatoris
523 4783 627 4845 elogium
651 4786 675 4835 io
692 4784 761 4834 illum
779 4799 820 4834 re·
872 4783 951 4848 deque
970 4787 1021 4835 eius
1039 4786 1237 4847 interpretatione
1264 4786 1294 4835 el.
1314 4787 1437 4850 Hieronp-

258 4850 406 4900 scrihetnr.“
873 4865 939 4901 muns
958 4853 988 4903 ad
1006 4853 1066 4903 haec
1083 4852 1154 4903 rerba
1173 4853 1314 4903 Ezechielis.
