3242 5775
408 644 556 690 annaeus
577 647 749 721 mucronata
771 650 830 695 uta.
846 653 885 697 rr.
1176 647 1239 712 205

197 794 385 870 induceret,
408 795 497 858 solidi
519 798 655 878 corporis
678 800 846 876 veritatem,
868 822 930 864 non
951 804 1125 884 phantasma
1140 809 1239 885 inane,

197 895 252 985 '⁵²¹2
283 908 314 959 et
335 905 368 958 ut
388 898 561 978 peccatricis
589 899 768 978 paenitentia
797 904 960 965 secundum
983 914 1149 970 creatorem
1171 929 1237 972 me·

197 999 307 1069 amam,
329 1017 518 1078 praeponere
540 1000 661 1062 solitum
682 1002 838 1065 sacrificio.
875 1004 934 1066 Sed
949 1014 979 1067 et
997 1007 1023 1067 si
1038 1009 1237 1085 paenitentiae

218 1119 255 1162 ex
277 1100 336 1161 fite
358 1101 521 1175 acciderat,
547 1119 602 1181 per
622 1101 832 1182 paenitentiam
854 1123 889 1167 ex
911 1106 968 1167 fide
990 1107 1176 1172 iustificatam
1199 1113 1236 1174 ab

198 1210 225 1272 t,
246 1202 338 1263 Fides
360 1210 408 1263 tua
432 1210 460 1262 te
483 1201 595 1264 salvam
617 1205 704 1278 iecit,
732 1205 782 1284 qui
802 1225 858 1285 per
879 1206 996 1270 Abacuc
1016 1210 1232 1287 pronuntiarat,
1240 1224 1324 1272 uuae.
1332 1230 1384 1281 ut.

198 1322 216 1363 ι
238 1303 297 1364 iide
319 1322 373 1365 sua
395 1302 510 1364 ”vivet

197 1405 230 1465 ad
252 1404 360 1466 divites
382 1404 501 1466 Christo
525 1405 664 1467 mulieres
687 1406 901 1482 adhaerebant,
931 1425 1007 1485 quae
1029 1409 1117 1471 etde
1139 1412 1232 1474 iacui·
1251 1432 1368 1490 capnt.

197 1506 253 1567 inis
276 1505 486 1567 ministrabant
508 1505 551 1578 oi,
574 1506 651 1568 inter
672 1526 745 1586 quas
768 1515 799 1569 et
820 1525 896 1569 uxor
916 1508 995 1587 regis
1017 1513 1231 1588 procuratoris,
1246 1493 1360 1589 ”1¹3⁰ss

197 1606 272 1667 betia
295 1615 351 1668 est
395 1607 456 1668 Has
480 1606 558 1668 euim
581 1606 705 1669 vocabat
728 1627 783 1689 per
804 1609 921 1671 Esaiam
943 1608 1085 1671 mulieres
1107 1611 1231 1674 divites:

197 1706 386 1769 ostendite
409 1726 510 1769 vocem
533 1726 645 1781 meam,
673 1717 706 1771 ut
733 1709 893 1789 discipulas
919 1710 1033 1791 primo.
1071 1710 1219 1774 debiocu

197 1818 263 1870 set
284 1807 437 1869 ministras
466 1808 652 1871 ostenderet:
685 1809 777 1871 Filiae
806 1810 836 1871 in
865 1830 920 1891 spe
948 1811 1047 1874 audite
1074 1829 1231 1874 sermones

197 1909 242 1970 die
261 1908 351 1970 anni·
374 1917 553 1970 mementote
575 1928 642 1971 curn
662 1909 765 1973 labore
787 1911 818 1972 in
833 1930 904 1991 spe3
926 1930 994 1974 curn
1015 1910 1118 1973 labore
1139 1913 1230 1985 enim,

197 2010 371 2090 mobeatur,
405 2018 435 2071 et
456 2010 494 2071 ob
518 2030 602 2090 spem
630 2011 848 2073 ministrabant.
897 2013 999 2091 deque
1020 2010 1058 2074 de
1078 2012 1229 2092 parabolis

197 2112 298 2173 afficiat
319 2110 476 2190 probatum
498 2113 556 2173 hoc
577 2130 670 2191 genus
693 2112 802 2192 eloquii
824 2131 841 2173 a
863 2122 996 2175 creatore
1017 2113 1228 2193 ’promissum

212 2213 259 2274 iila
282 2231 401 2292 quoqne
427 2213 629 2298 pronuntiatio
658 2213 721 2275 eius
750 2213 787 2274 ad
808 2214 967 2294 populum,
1002 2213 1082 2277 dure
1102 2214 1229 2276 audietis
1243 2226 1364 2281 tanao.

197 2315 342 2388 audietis,
356 2313 437 2375 dedit
450 2314 569 2374 Christo
584 2316 755 2394 frequenter
768 2315 932 2389 inculcare,
955 2315 1117 2406 Quibabet
1130 2333 1229 2389 aures,
1243 2328 1381 2382 sacruto.

197 2414 262 2476 Non
284 2416 369 2495 quasi
391 2434 428 2477 ex
450 2414 618 2476 diversitate
634 2416 765 2477 auditum
780 2417 966 2495 permitteret
980 2415 1117 2479 Christus
1140 2435 1229 2496 quem

197 2524 218 2577 at
238 2525 372 2588 creator,
402 2515 455 2575 sed
477 2516 544 2594 quia
567 2516 827 2578 conaminationem
849 2517 1016 2578 exhortatio
1038 2516 1226 2597 sequebatur.

205 2636 276 2678 aure
299 2617 425 2677 audietis
454 2624 483 2676 et
510 2634 572 2677 non
600 2617 741 2692 audietis;
777 2617 899 2691 dehinc,
933 2618 984 2698 qui
1010 2618 1100 2681 habet
1127 2637 1227 2692 aures,

206 2718 272 2779 Non
295 2718 375 2778 enirn
396 2716 554 2778 audiebant
575 2709 652 2777 ultro
675 2719 724 2796 qni
746 2736 832 2780 aures
855 2718 1017 2793 habebant,
1043 2719 1097 2780 sed
1120 2728 1226 2781 osten-

197 2838 252 2880 ues
275 2818 376 2879 cordis
399 2817 582 2887 necessarias
591 2855 606 2892 ,·
621 2803 730 2897 quibus
753 2817 819 2881 iilos
835 2819 989 2881 audituros
1007 2829 1127 2901 negarat
1141 2837 1226 2881 mea·

207 2921 274 2982 ideo
296 2939 352 3000 per
371 2901 523 2981 Christum
545 2920 647 2981 adicit:
670 2920 771 2981 Videte
793 2921 946 2999 quomodo
966 2922 1092 2984 audiatis
1115 2930 1146 2983 et
1165 2935 1378 2990 nonmeunas.

197 3070 199 3085 .
225 3041 284 3083 uon
308 3022 399 3082 corde
423 3021 535 3081 scilicet
556 3019 738 3094 audientes(
756 3020 808 3081 sed
831 3040 912 3083 anre.
955 3023 986 3084 Si
1010 3023 1130 3103 dignum
1153 3042 1225 3084 sen·

197 3123 372 3185 nuntiationi
388 3123 595 3184 accommodes
607 3141 662 3201 pro
675 3114 767 3183 sensu
783 3122 847 3184 eius
861 3123 911 3202 qui
926 3123 1037 3184 auditui
1054 3123 1225 3196 suscitabat,

197 3225 304 3297 cando,
328 3224 431 3284 Videte
454 3224 603 3301 quomodo
626 3224 767 3295 audiatis,
798 3243 858 3284 non
881 3224 1026 3285 audituris
1048 3224 1225 3285 minabatur.

197 3325 300 3387 iinatur
322 3324 501 3385 mitissimus
524 3325 612 3398 deus,
634 3326 701 3403 qnia
723 3342 779 3384 ncc
793 3325 902 3386 iudicat
915 3343 972 3385 nec
985 3325 1134 3385 irascitur.
1163 3323 1228 3385 Hoc

197 3426 267 3488 etiam
289 3426 449 3487 subiacens
473 3444 592 3486 sensus.
623 3425 657 3485 Ei
681 3425 730 3503 qui
753 3425 841 3487 habet
863 3424 995 3495 dabitur,
1018 3424 1054 3484 ab
1076 3443 1112 3483 eo
1128 3431 1379 3489 autemtucuutao.

210 3527 297 3589 babet
319 3528 406 3588 etiam
431 3526 511 3605 quod
533 3526 640 3587 habere
663 3545 696 3586 se
718 3533 801 3603 putat
822 3526 972 3585 auferetur
994 3523 1031 3585 ei.
1072 3522 1149 3595 Quid
1173 3521 1226 3584 da-

197 3628 321 3690 bdiectio
343 3628 411 3688 tidei
434 3628 480 3687 vel
502 3628 668 3688 intellectus
691 3626 736 3686 vel
752 3624 832 3687 salus
847 3624 924 3704 ipsa.
958 3623 1036 3696 Quid
1052 3622 1227 3687 auferetur?

197 3730 263 3807 tood
283 3729 413 3790 dabitur.
457 3729 560 3806 dqno
583 3727 699 3788 dabitur
727 3734 757 3787 et
783 3724 956 3788 auferetur?
999 3725 1033 3787 Si
1056 3744 1071 3785 a
1094 3733 1228 3786 creatore
1339 3770 1344 3780 .

197 3848 222 3904 r,
248 3831 284 3892 ab
307 3851 345 3893 eo
368 3831 416 3891 *ει
437 3828 563 3890 dabitur.
609 3828 640 3888 Si
662 3848 679 3889 a
701 3828 758 3888 deo
780 3827 938 3889 Marcionis
968 3826 1099 3897 dabitur,
1132 3826 1168 3886 ab
1191 3843 1227 3886 eo

197 3940 263 3992 aar.
308 3932 439 4010 Quoquo
463 3941 559 3990 tamen
583 3929 701 3990 nomine
723 3929 918 3990 comminator
944 3927 1138 4000 ablationem,
1165 3943 1227 3986 non

197 4032 269 4093 idei
289 4033 341 4112 qui
363 4032 459 4093 nescit
481 4030 669 4102 comminari,
701 4030 768 4109 quia
797 4048 857 4090 non
886 4028 968 4090 norit
989 4028 1086 4090 irasci.
1134 4026 1228 4088 Miror

197 4150 242 4194 nm
262 4133 413 4194 lucernam
442 4130 698 4210 negat-abscondi
729 4130 844 4202 solere,
877 4129 925 4208 qui
949 4148 982 4189 sc
1005 4137 1085 4190 tanto
1109 4126 1378 4201 saeculocuenutis.

198 4245 253 4295 ent
272 4235 368 4296 mains
392 4240 422 4294 et
443 4233 632 4293 necessarius
653 4232 767 4305 lumen,
791 4248 857 4292 cum
880 4229 978 4291 omnia
1000 4229 1037 4291 de
1060 4229 1174 4290 occulto
1196 4227 1227 4289 in

201 4350 248 4401 tet.
267 4354 370 4404 Vaticani
389 4354 445 4401 duo.
482 4352 533 4399 sirit
551 4352 643 4412 reiipui.

209 4418 259 4470 ut
295 4422 317 4471 1.
336 4436 413 4479 meos,
433 4419 486 4467 dies
505 4419 559 4466 anni
579 4420 614 4467 cd.
656 4418 703 4476 dei,
722 4414 867 4467 anniacat.
921 4410 1227 4479 2.prcsequebantanr.

203 4482 382 4552 &permissum
400 4488 426 4537 B.
488 4485 513 4536 4.
533 4488 595 4534 Sane
614 4485 718 4534 minatur
736 4498 785 4546 epo.
829 4497 888 4533 sane
906 4484 1043 4531 nominatur
1068 4483 1123 4532 iibri
1141 4494 1226 4529 omnes.
1254 4521 1257 4535 ,

197 4554 224 4605 d·

211 4654 340 4719 thuana
369 4658 443 4707 inane
469 4650 616 4718 tractaverit]
670 4649 737 4714 anni}
767 4651 800 4700 ita
825 4655 925 4703 correxi.
971 4649 1083 4710 Magister
1100 4648 1141 4710 qni
1165 4644 1226 4719 scri·-

197 4726 323 4787 U'prttstic
346 4734 386 4776 est
402 4723 534 4787 Epipbauii
553 4722 616 4769 ilae-
670 4729 765 4784 pturam
793 4720 914 4769 invenerat
937 4721 974 4768 dei
1000 4732 1045 4780 pro
1069 4718 1114 4773 die,
1141 4711 1228 4760 delent

197 4782 283 4843 [laist.
303 4795 333 4844 to
351 4802 376 4842 et
395 4793 437 4842 il.
671 4802 752 4838 rocem
770 4802 841 4836 neca.

197 4850 233 4907 bl
263 4877 283 4911 a.
304 4873 439 4914 sumaim
464 4870 549 4906 meos:
579 4855 618 4905 dis
