3242 5775
279 581 321 678 ⁴³8
537 598 637 647 omitit
660 598 790 640 scrutatu
810 597 977 640 rtonunrts
1000 595 1195 638 rsnrutttant

278 769 363 823 mes3
396 749 434 809 ita
463 747 499 807 ab
527 746 752 808 humanioribus
782 746 866 807 iretis
895 748 1009 806 nostris
1037 745 1120 824 quasi
1150 745 1280 824 quodam
1301 744 1338 805 ba

281 869 352 913 suae
379 848 494 930 pudore
523 848 659 910 secessit.
709 848 820 908 Gentes
849 847 1052 908 ferocissimae
1081 846 1263 918 inhabitant3
1300 845 1328 906 si

280 950 429 1012 habitatur
450 949 481 1010 iu
502 950 642 1028 plaustro.
678 931 772 1009 Sedes
795 949 923 1021 incerta,
948 949 1004 1008 vita
1025 947 1148 1020 ⁷cruda,
1171 947 1262 1007 libido
1285 965 1338 1025 prro

231 1051 235 1059 '
281 1059 312 1113 et
331 1050 492 1130 plurimum
513 1049 608 1122 nuda,
631 1050 719 1110 etiam
742 1067 808 1108 cum
831 1048 1043 1120 abscondunt·,
1067 1049 1222 1127 suspensis
1240 1048 1276 1107 de
1291 1048 1338 1126 lup

280 1151 368 1212 retris
391 1149 572 1222 'indicibus,
602 1149 658 1210 ⁰ne
681 1159 793 1210 temera
817 1149 879 1227 qui,
898 1148 1086 1210 intercedat.
1134 1149 1177 1209 lta
1200 1167 1255 1209 neo
1276 1166 1338 1208 arm

280 1252 487 1314 erubescunt‘.
505 1239 678 1311 'Parentum
701 1251 840 1311 cadavera
863 1268 928 1310 cum
944 1248 1106 1329 pecudibus
1125 1268 1210 1310 caesa
1226 1249 1338 1310 convivi

280 1361 395 1414 rorant.
439 1351 497 1423 Qui
520 1368 582 1425 non
605 1351 644 1411 ita
666 1350 866 1422 decesserint,
900 1357 934 1409 ut
956 1350 1119 1412 ¹⁰esoatiles
1142 1351 1269 1423 luerint,
1299 1368 1338 1410 mr

281 1472 364 1515 mors
379 1461 434 1515 est.
472 1452 534 1512 Nec
554 1451 681 1512 leminae
703 1470 774 1512 saxu
799 1451 969 1529 mitigantur
992 1452 1155 1513 secundum
1177 1451 1338 1530 pudorem3

282 1554 453 1626 excludunt,
476 1569 602 1631 pensum
625 1550 780 1613 securibus
796 1552 936 1624 lacincti,
960 1551 1074 1613 malunt
1086 1551 1213 1613 militare
1227 1569 1316 1630 quam
1332 1569 1339 1611 ι

281 1655 393 1717 Duritia
424 1653 461 1714 de
494 1651 574 1714 caelo
608 1670 735 1731 quoque.
790 1652 859 1713 Dies
891 1671 1039 1730 nunquam
1068 1662 1190 1731 patens,
1227 1653 1272 1713 sol
1304 1671 1338 1713 nr

284 1754 429 1829 ¹¹tibenaff,
463 1754 567 1814 ”unus
590 1759 642 1813 aer
663 1752 787 1826 nebula,
820 1761 902 1814 totus
931 1771 1026 1814 annus
1055 1752 1228 1824 hibernum,
1264 1771 1335 1813 omn

282 1856 396 1918 llaverit
417 1854 515 1933 aquilo
537 1863 593 1915 est.
629 1853 774 1931 Liquores
796 1853 915 1932 ignibus
937 1854 1093 1927 redeunti,
1116 1872 1219 1914 amnes
1234 1852 1328 1931 glacie

283 1966 347 2028 tur,
377 1964 495 2017 montes
515 1955 622 2035 pruina
645 1963 867 2033 exaggerantur.
912 1953 1018 2015 Omnia
1048 1962 1184 2034 torpent,
1217 1955 1316 2014 omnia

281 2058 355 2119 nibil
377 2057 436 2118 illic
456 2056 516 2117 nisi
537 2056 639 2116 ieritas
662 2055 752 2128 calet,
776 2056 824 2115 illa
847 2055 957 2115 scilicet
980 2074 1054 2134 quae
1076 2054 1190 2116 labulas
1209 2053 1338 2115 scenici

282 2158 435 2221 sacrificiis
447 2156 613 2221 Taurorum
636 2165 666 2219 et
686 2156 839 2218 amoribus
851 2155 1030 2217 Colchorum
1052 2164 1085 2232 ct,
1096 2155 1233 2217 crucibus
1245 2155 1338 2216 Cauca

283 2260 341 2323 Sed
369 2259 443 2322 nibil
469 2255 531 2321 tam¹
551 2256 707 2319 barbarum
730 2277 765 2320 ac
792 2257 877 2320 triste
904 2257 982 2335 apud
1010 2258 1139 2318 Pontum
1171 2239 1338 2335 quamque

281 2361 413 2425 Marcion
434 2368 521 2421 uatus
544 2368 606 2433 est,
629 2358 735 2439 Scytha
758 2359 879 2431 tetrior,
901 2357 1083 2419 Hamaxobio
1105 2357 1288 2429 instabilior,
1312 2355 1334 2388 ¹⁸

283 2469 349 2540 geta
377 2460 584 2534 inhumanior,
617 2455 805 2521 ’ἋιιιιιοιιιΙ
836 2459 991 2532 audacior,
1024 2458 1127 2520 nubilo
1156 2458 1329 2532 obscurior,

282 2560 427 2639 frigidior,
450 2560 516 2639 gelu
531 2560 671 2638 bagilior,
694 2561 799 2622 ¹⁵lstro
815 2560 955 2634 fallacior,
978 2559 1108 2620 Caucaso
1124 2560 1286 2639 abruptior.
1322 2558 1338 2629 ζ

283 2677 377 2739 penes
392 2678 481 2739 quern
500 2678 589 2721 rerus
603 2660 801 2722 Prometheus
824 2660 898 2722 dous
922 2660 1112 2739 omnipotens
1127 2659 1320 2739 blasphemiis

274 2758 407 2823 batur&
439 2761 501 2822 lam
523 2768 553 2821 et
573 2759 679 2822 bestiis
701 2760 780 2821 illius
804 2760 982 2823 ¹⁷barbariae
997 2762 1197 2840 importunior
1210 2760 1338 2821 Marcion

284 2861 362 2927 enim
386 2870 444 2925 tam
467 2868 612 2925 castrator
633 2862 730 2924 carnia
751 2869 869 2924 castor⁰
891 2879 979 2943 quam
1002 2863 1053 2943 qui
1068 2863 1187 2943 nuptias
1202 2860 1338 2924 abstulitl

284 3049 308 3098 7.
327 3048 478 3098 crudelrtndo
496 3049 634 3113 prorniscue
652 3050 695 3100 tr.
746 3049 771 3099 8.
790 3058 816 3099 nt
830 3050 950 3099 indicibus
967 3051 1029 3101 Aac.
1076 3050 1100 3100 9.
1116 3065 1145 3111 ne
1163 3057 1254 3099 temere
1273 3050 1312 3113 qui
1331 3051 1338 3110 l

283 3115 416 3167 intercedat
433 3118 500 3167 obed.
534 3124 648 3165 notentur
665 3132 695 3167 ue
713 3118 753 3179 qui
771 3116 881 3181 (quiec.)
900 3119 1031 3178 intercedat
1042 3118 1104 3167 loc.
1151 3118 1190 3166 to.
1209 3117 1338 3166 extatiios.

283 3184 362 3235 libens
379 3184 471 3235 tamt.
489 3185 563 3235 codes
574 3184 670 3234 Pitboei.
706 3183 769 3234 liber
785 3187 937 3244 e.,Lotr’aioa.
973 3185 1069 3249 liquens
1085 3183 1258 3235 looWonrrei
1301 3184 1338 3233 luc

280 3253 375 3316 poldoa.
420 3251 459 3301 tt.
478 3267 525 3301 uua
543 3259 580 3301 est
598 3266 640 3301 aer
656 3252 743 3301 uebula
761 3253 876 3302 ldearrr'oa
890 3254 1044 3303 luctl‘iilol.
1055 3252 1163 3317 cupid,
1181 3252 1270 3316 pluo.
1290 3260 1336 3302 tom

284 3318 325 3369 1³.
344 3329 465 3382 managein
483 3320 526 3370 tu.
571 3318 609 3368 ld
627 3320 745 3368 amazon·
763 3321 823 3370 liber
838 3321 934 3371 Pitlroea'.
961 3321 1067 3370 botrata
1085 3321 1205 3382 liipultioa.
1241 3320 1338 3367 Amator

282 3389 403 3437 Amazone
420 3390 443 3437 d.
483 3387 682 3437 amazouiorAB.
744 3388 782 3436 15.
801 3387 882 3438 llistro
902 3389 954 3438 dub.
996 3388 1078 3449 bystro
1096 3388 1139 3438 AB.
1194 3386 1232 3437 ld.
1251 3387 1337 3436 lacinia

196 3446 202 3455 ⁸
284 3454 325 3505 l'l.
344 3455 465 3504 barbariei
483 3454 509 3505 d.
543 3454 662 3504 barbarici
679 3454 724 3505 ts.

316 3601 338 3635 e.
357 3583 519 3718 abscondunt?
537 3587 679 3638 libidinem.
892 3586 947 3647 gelu
978 3594 1143 3645 concrescunt,
1172 3601 1217 3637 uec
1245 3587 1290 3636 nisi
1320 3602 1338 3636 ar

318 3654 335 3703 l.
359 3654 498 3703 intercedat.
530 3655 685 3718 importunos
708 3655 842 3719 appropia·
893 3653 989 3715 ignibus
1007 3655 1117 3714 redeunt,
1135 3655 1183 3704 boc
1203 3663 1241 3704 est
1259 3654 1339 3705 resolr

283 3727 341 3786 quet
359 3728 382 3770 et
399 3721 544 3785 interpellet.
894 3721 1009 3785 liquores.
1027 3722 1135 3783 illigarit.)

318 3802 340 3849 g.
364 3788 399 3837 lta
427 3802 472 3838 nac
497 3789 572 3836 armis
597 3789 649 3837 suis
675 3786 841 3850 erubescunt}
927 3790 944 3838 l.
967 3784 1098 3854 Amazona]
1129 3790 1210 3853 lipgio.
1234 3805 1254 3838 c.
1270 3788 1329 3840 241.

282 3855 349 3905 llaec
365 3856 429 3905 euim
447 3856 524 3918 turpis
542 3862 566 3905 et
582 3855 725 3919 propatulae
743 3856 841 3904 Veneria
892 3856 954 3906 Stat.
974 3856 1294 3919 „lntiopamlmasoranru.“
1320 3857 1338 3907 Ρ

282 3937 342 3973 auae
359 3923 427 3985 sigua
446 3923 600 3986 prostituunt.
617 3922 725 3985 turgeu.)
742 3923 776 3972 lla
789 3936 841 3972 ura·
891 3925 1047 3987 Apologetico
1055 3925 1195 3974 Tertulliani
1215 3924 1299 3986 capi.
1311 3940 1338 3988 pa

282 3991 451 4040 trimouioruur
476 3992 645 4040 commuuione
668 3991 731 4054 apud
751 3990 843 4040 nassa·
894 4005 947 4041 rum
966 3992 1112 4055 scriptorum
1130 4000 1153 4041 et
1171 3993 1290 4042 editorum
1309 4001 1338 4042 tu

283 4065 351 4119 getas
368 4057 446 4121 deque
463 4071 532 4110 more
549 4072 633 4107 eorum
656 4072 742 4108 sennan
769 4058 843 4108 cada-
894 4073 958 4107 mam
977 4060 1110 4110 Simorum
1128 4074 1171 4123 pro
1191 4062 1303 4110 Sirenum.

283 4139 338 4174 asra
356 4124 486 4175 devorandi
504 4125 629 4175 cl.Strabo
644 4125 733 4185 ttulit,
751 4125 842 4190 pbl'a'.
893 4141 935 4175 ιιι
960 4128 1074 4190 Antiquae
1104 4128 1182 4177 editae
1207 4128 1236 4177 ab
1261 4128 1319 4187 bug.

318 4192 341 4240 b.
360 4206 462 4256 pensum
484 4192 611 4243 securibus
634 4191 735 4257 iaciunt]
762 4194 845 4243 idest
892 4193 970 4243 Aoctt.
989 4194 1067 4244 Clusa.
1086 4195 1202 4253 romili,
1220 4194 1321 4258 pcto:

284 4258 371 4308 medea
394 4259 477 4309 colunt
501 4275 547 4324 pro
573 4261 629 4311 laun
654 4270 678 4311 et
701 4261 763 4312 colo.
792 4262 843 4322 (Fr.
892 4262 978 4311 umbra
999 4263 1022 4311 in
1041 4262 1110 4321 mari,
1129 4263 1175 4311 boc
1193 4261 1338 4311 estlarnia.⁸¹

282 4324 386 4386 inuios.)
890 4345 943 4390 aare,
963 4329 1054 4378 bestiae
1073 4330 1232 4380 electissimae
1243 4328 1338 4379 maris.‘'

317 4394 334 4444 i.
352 4394 390 4444 sol
408 4407 529 4457 uunquam
549 4389 638 4460 libana]
657 4395 697 4444 Sic
715 4396 786 4445 babet
803 4410 844 4446 re·
890 4413 972 4447 norom
990 4405 1083 4458 mutua,
1109 4397 1154 4446 boc
1178 4398 1240 4447 iusta
1266 4396 1338 4461 playai

282 4467 323 4511 tna
346 4461 476 4526 exemplar.
520 4462 589 4512 liicas
608 4463 670 4512 baoc
687 4464 810 4524 regionem
829 4479 842 4513 a
894 4464 976 4514 dicunt
994 4466 1089 4515 Sirenas
1106 4479 1162 4515 esse
1180 4466 1318 4515 mortilaras

282 4527 337 4579 sola
353 4527 418 4579 baud
436 4529 539 4579 libenter
556 4530 641 4596 aspici,
658 4537 706 4580 tam
716 4532 779 4581 male
792 4530 844 4582 illic
895 4531 1062 4583 clamitantes·‘
1079 4540 1136 4582 cett.

283 4594 354 4645 lucet
372 4595 480 4658 (Rigalt.)
927 4614 959 4649 m.
978 4596 1133 4667 lancinatori}
1152 4599 1287 4650 Ctadnott.
1303 4599 1334 4650 ad

316 4662 340 4712 k.
357 4662 475 4727 biquoras
492 4662 587 4726 ignibus
604 4659 719 4729 redeunt]
738 4665 764 4714 ln
778 4666 842 4716 Pou-
893 4667 959 4728 ll‚'l.

280 4729 328 4782 oca
345 4729 388 4781 illa
405 4731 509 4793 irritata,
526 4732 611 4795 inquit,
629 4747 701 4782 omne
717 4735 782 4798 qaod
798 4735 843 4784 ssa·
927 4749 949 4782 o.
969 4739 1087 4783 castrator
1104 4736 1184 4785 carnia
1202 4730 1296 4801 castor]
1314 4734 1338 4785 Pl

279 4796 342 4849 serit
357 4796 440 4864 aquilo
457 4805 502 4848 ast
531 4798 615 4865 ltaque
632 4800 739 4866 liquores
756 4816 842 4853 omnes
891 4801 945 4853 ilat.
964 4800 1023 4863 llll,
1034 4799 1076 4851 30.
1093 4803 1183 4866 llllllll‚
1197 4803 1222 4853 3.
