<?xml version="1.0" encoding="UTF-8"?>
<!DOCTYPE html PUBLIC "-//W3C//DTD XHTML 1.0 Transitional//EN"
    "http://www.w3.org/TR/xhtml1/DTD/xhtml1-transitional.dtd">
<html xmlns="http://www.w3.org/1999/xhtml" xml:lang="en" lang="en">
 <head>
  <title>
</title>
<meta http-equiv="Content-Type" content="text/html;charset=utf-8" />
  <meta name='ocr-system' content='tesseract 3.04.00' />
  <meta name='ocr-capabilities' content='ocr_page ocr_carea ocr_par ocr_line ocrx_word'/>
</head>
<body>
  <div class='ocr_page' id='page_1' title='image "./quaesupersuntom00oehlgoog_0529.png"; bbox 0 0 3242 5775; ppageno 0'>
   <div class='ocr_carea' id='block_1_1' title="bbox 317 644 1237 710">
    <p class='ocr_par' dir='ltr' id='par_1_1' title="bbox 317 644 1237 710">
     <span class='ocr_line' id='line_1_1' title="bbox 317 644 1237 710; baseline -0.009 -3"><span class='ocrx_word' id='word_1_1' title='bbox 317 648 380 710; x_wconf 79' lang='grc'><strong>514</strong></span> <span class='ocrx_word' id='word_1_2' title='bbox 570 659 671 710; x_wconf 83' lang='lat' dir='ltr'><strong>ouuuru</strong></span> <span class='ocrx_word' id='word_1_3' title='bbox 695 657 826 701; x_wconf 76' lang='lat' dir='ltr'><strong>susurrum</strong></span> <span class='ocrx_word' id='word_1_4' title='bbox 849 657 1015 700; x_wconf 80' lang='lat' dir='ltr'><strong>ruensnuus</strong></span> <span class='ocrx_word' id='word_1_5' title='bbox 1038 644 1237 700; x_wconf 79' lang='lat' dir='ltr'><strong>reaucuunuu</strong></span> 
     </span>
    </p>
   </div>
   <div class='ocr_carea' id='block_1_2' title="bbox 164 804 1511 4100">
    <p class='ocr_par' dir='ltr' id='par_1_2' title="bbox 164 804 1511 4100">
     <span class='ocr_line' id='line_1_2' title="bbox 317 804 1478 886; baseline -0.008 -13"><span class='ocrx_word' id='word_1_6' title='bbox 317 827 489 873; x_wconf 85' lang='lat' dir='ltr'><strong>sermonem</strong></span> <span class='ocrx_word' id='word_1_7' title='bbox 512 808 593 878; x_wconf 90' lang='lat' dir='ltr'><strong>eius,</strong></span> <span class='ocrx_word' id='word_1_8' title='bbox 617 807 702 886; x_wconf 90' lang='lat' dir='ltr'><strong>quasi</strong></span> <span class='ocrx_word' id='word_1_9' title='bbox 724 825 792 867; x_wconf 87' lang='lat' dir='ltr'><strong>vere</strong></span> <span class='ocrx_word' id='word_1_10' title='bbox 815 825 933 868; x_wconf 89' lang='lat' dir='ltr'><strong>carnem</strong></span> <span class='ocrx_word' id='word_1_11' title='bbox 957 825 1041 868; x_wconf 88' lang='lat' dir='ltr'><strong>suam</strong></span> <span class='ocrx_word' id='word_1_12' title='bbox 1057 805 1115 867; x_wconf 92' lang='lat' dir='ltr'><strong>illis</strong></span> <span class='ocrx_word' id='word_1_13' title='bbox 1132 804 1277 866; x_wconf 77' lang='lat' dir='ltr'><strong>edendam</strong></span> <span class='ocrx_word' id='word_1_14' title='bbox 1293 804 1478 866; x_wconf 84' lang='lat' dir='ltr'><strong>determinas·</strong></span> 
     </span>
     <span class='ocr_line' id='line_1_3' title="bbox 189 904 1477 985; baseline -0.008 -12"><span class='ocrx_word' id='word_1_15' title='bbox 189 918 377 981; x_wconf 81' lang='lat' dir='ltr'><strong>10.ru,su.set,</strong></span> <span class='ocrx_word' id='word_1_16' title='bbox 401 918 434 969; x_wconf 91' lang='lat' dir='ltr'><strong>ut</strong></span> <span class='ocrx_word' id='word_1_17' title='bbox 455 909 484 969; x_wconf 92' lang='lat' dir='ltr'><strong>in</strong></span> <span class='ocrx_word' id='word_1_18' title='bbox 507 907 665 985; x_wconf 78' lang='lat' dir='ltr'><strong>³spiritum</strong></span> <span class='ocrx_word' id='word_1_19' title='bbox 688 907 860 985; x_wconf 81' lang='lat' dir='ltr'>disponeret</span> <span class='ocrx_word' id='word_1_20' title='bbox 881 915 989 968; x_wconf 90' lang='lat' dir='ltr'><strong>statum</strong></span> <span class='ocrx_word' id='word_1_21' title='bbox 1012 905 1133 977; x_wconf 89' lang='lat' dir='ltr'><strong>salutis,</strong></span> <span class='ocrx_word' id='word_1_22' title='bbox 1161 904 1335 985; x_wconf 79' lang='lat' dir='ltr'><strong>praemisit,</strong></span> <span class='ocrx_word' id='word_1_23' title='bbox 1365 905 1477 984; x_wconf 77' lang='lat' dir='ltr'><strong>Spiritus</strong></span> 
     </span>
     <span class='ocr_line' id='line_1_4' title="bbox 317 992 1477 1098; baseline -0.005 -28"><span class='ocrx_word' id='word_1_24' title='bbox 317 1017 365 1071; x_wconf 92' lang='lat' dir='ltr'><strong>est</strong></span> <span class='ocrx_word' id='word_1_25' title='bbox 386 1009 435 1087; x_wconf 91' lang='lat' dir='ltr'><strong>qui</strong></span> <span class='ocrx_word' id='word_1_26' title='bbox 456 1008 594 1077; x_wconf 80' lang='lat' dir='ltr'><strong>uiuificat,</strong></span> <span class='ocrx_word' id='word_1_27' title='bbox 617 1015 704 1098; x_wconf 77' lang='lat' dir='ltr'><strong>atque</strong></span> <span class='ocrx_word' id='word_1_28' title='bbox 727 1008 765 1067; x_wconf 90' lang='lat' dir='ltr'><strong>ita</strong></span> <span class='ocrx_word' id='word_1_29' title='bbox 788 1007 957 1079; x_wconf 83' lang='lat' dir='ltr'><strong>subiunxit,</strong></span> <span class='ocrx_word' id='word_1_30' title='bbox 982 1006 1055 1066; x_wconf 89' lang='lat' dir='ltr'><strong>Caro</strong></span> <span class='ocrx_word' id='word_1_31' title='bbox 1080 1006 1151 1067; x_wconf 90' lang='lat' dir='ltr'><strong>nihil</strong></span> <span class='ocrx_word' id='word_1_32' title='bbox 1172 1006 1316 1085; x_wconf 88' lang='lat' dir='ltr'><strong>prodest,</strong></span> <span class='ocrx_word' id='word_1_33' title='bbox 1340 992 1396 1066; x_wconf 78' lang='lat' dir='ltr'><strong>⁴iut</strong></span> <span class='ocrx_word' id='word_1_34' title='bbox 1418 1004 1477 1065; x_wconf 88' lang='lat' dir='ltr'><strong>riui·</strong></span> 
     </span>
     <span class='ocr_line' id='line_1_5' title="bbox 316 1106 1477 1186; baseline -0.007 -15"><span class='ocrx_word' id='word_1_35' title='bbox 316 1110 461 1171; x_wconf 84' lang='lat' dir='ltr'><strong>ficandum</strong></span> <span class='ocrx_word' id='word_1_36' title='bbox 485 1108 607 1169; x_wconf 88' lang='lat' dir='ltr'><strong>scilicet.</strong></span> <span class='ocrx_word' id='word_1_37' title='bbox 657 1107 837 1186; x_wconf 79' lang='lat' dir='ltr'><strong>Exsequitur</strong></span> <span class='ocrx_word' id='word_1_38' title='bbox 866 1108 954 1168; x_wconf 90' lang='lat' dir='ltr'><strong>etiam</strong></span> <span class='ocrx_word' id='word_1_39' title='bbox 982 1106 1052 1185; x_wconf 91' lang='lat' dir='ltr'><strong>quid</strong></span> <span class='ocrx_word' id='word_1_40' title='bbox 1081 1106 1152 1167; x_wconf 88' lang='lat' dir='ltr'><strong>velit</strong></span> <span class='ocrx_word' id='word_1_41' title='bbox 1177 1106 1307 1185; x_wconf 79' lang='lat' dir='ltr'><strong>intellegi</strong></span> <span class='ocrx_word' id='word_1_42' title='bbox 1338 1106 1477 1186; x_wconf 84' lang='lat' dir='ltr'><strong>spiritum:</strong></span> 
     </span>
     <span class='ocr_line' id='line_1_6' title="bbox 227 1206 1477 1287; baseline -0.005 -17"><span class='ocrx_word' id='word_1_43' title='bbox 227 1226 282 1270; x_wconf 77' lang='lat' dir='ltr'><strong>niu.</strong></span> <span class='ocrx_word' id='word_1_44' title='bbox 315 1210 427 1283; x_wconf 87' lang='lat' dir='ltr'><strong>Verba,</strong></span> <span class='ocrx_word' id='word_1_45' title='bbox 450 1228 524 1287; x_wconf 90' lang='lat' dir='ltr'><strong>quae</strong></span> <span class='ocrx_word' id='word_1_46' title='bbox 546 1208 661 1269; x_wconf 88' lang='lat' dir='ltr'><strong>locutus</strong></span> <span class='ocrx_word' id='word_1_47' title='bbox 684 1226 749 1268; x_wconf 89' lang='lat' dir='ltr'><strong>sum</strong></span> <span class='ocrx_word' id='word_1_48' title='bbox 772 1207 875 1280; x_wconf 85' lang='lat' dir='ltr'><strong>uobis,</strong></span> <span class='ocrx_word' id='word_1_49' title='bbox 899 1208 1022 1286; x_wconf 87' lang='lat' dir='ltr'><strong>spiritus</strong></span> <span class='ocrx_word' id='word_1_50' title='bbox 1046 1216 1132 1273; x_wconf 86' lang='lat' dir='ltr'><strong>sunt,</strong></span> <span class='ocrx_word' id='word_1_51' title='bbox 1155 1206 1213 1267; x_wconf 84' lang='lat' dir='ltr'><strong>uita</strong></span> <span class='ocrx_word' id='word_1_52' title='bbox 1236 1216 1318 1267; x_wconf 90' lang='lat' dir='ltr'><strong>sunt.</strong></span> <span class='ocrx_word' id='word_1_53' title='bbox 1356 1206 1439 1268; x_wconf 90' lang='lat' dir='ltr'><strong>Sicut</strong></span> <span class='ocrx_word' id='word_1_54' title='bbox 1457 1214 1477 1265; x_wconf 86' lang='lat' dir='ltr'><strong>et</strong></span> 
     </span>
     <span class='ocr_line' id='line_1_7' title="bbox 201 1307 1475 1390; baseline -0.005 -18"><span class='ocrx_word' id='word_1_55' title='bbox 201 1327 422 1390; x_wconf 74' lang='lat' dir='ltr'><strong>10.u,2s.supra:</strong></span> <span class='ocrx_word' id='word_1_56' title='bbox 446 1310 502 1382; x_wconf 87' lang='lat' dir='ltr'><strong>Qui</strong></span> <span class='ocrx_word' id='word_1_57' title='bbox 527 1309 608 1369; x_wconf 91' lang='lat' dir='ltr'><strong>audit</strong></span> <span class='ocrx_word' id='word_1_58' title='bbox 629 1326 784 1369; x_wconf 83' lang='lat' dir='ltr'><strong>sermones</strong></span> <span class='ocrx_word' id='word_1_59' title='bbox 808 1326 909 1379; x_wconf 89' lang='lat' dir='ltr'><strong>meos,</strong></span> <span class='ocrx_word' id='word_1_60' title='bbox 938 1317 969 1367; x_wconf 90' lang='lat' dir='ltr'><strong>et</strong></span> <span class='ocrx_word' id='word_1_61' title='bbox 996 1307 1087 1368; x_wconf 89' lang='lat' dir='ltr'><strong>credit</strong></span> <span class='ocrx_word' id='word_1_62' title='bbox 1111 1307 1141 1367; x_wconf 93' lang='lat' dir='ltr'><strong>in</strong></span> <span class='ocrx_word' id='word_1_63' title='bbox 1164 1326 1231 1367; x_wconf 91' lang='lat' dir='ltr'><strong>eum</strong></span> <span class='ocrx_word' id='word_1_64' title='bbox 1255 1307 1305 1385; x_wconf 93' lang='lat' dir='ltr'><strong>qui</strong></span> <span class='ocrx_word' id='word_1_65' title='bbox 1330 1326 1379 1369; x_wconf 90' lang='lat' dir='ltr'><strong>me</strong></span> <span class='ocrx_word' id='word_1_66' title='bbox 1400 1307 1475 1376; x_wconf 80' lang='lat' dir='ltr'><strong>misit,</strong></span> 
     </span>
     <span class='ocr_line' id='line_1_8' title="bbox 316 1390 1495 1482; baseline -0.008 -9"><span class='ocrx_word' id='word_1_67' title='bbox 316 1412 406 1473; x_wconf 87' lang='lat' dir='ltr'><strong>habet</strong></span> <span class='ocrx_word' id='word_1_68' title='bbox 426 1410 515 1471; x_wconf 88' lang='lat' dir='ltr'><strong>uitam</strong></span> <span class='ocrx_word' id='word_1_69' title='bbox 539 1411 704 1482; x_wconf 78' lang='lat' dir='ltr'><strong>aeternam,</strong></span> <span class='ocrx_word' id='word_1_70' title='bbox 738 1417 767 1468; x_wconf 92' lang='lat' dir='ltr'><strong>et</strong></span> <span class='ocrx_word' id='word_1_71' title='bbox 795 1409 826 1468; x_wconf 94' lang='lat' dir='ltr'><strong>in</strong></span> <span class='ocrx_word' id='word_1_72' title='bbox 856 1408 995 1468; x_wconf 91' lang='lat' dir='ltr'><strong>iudicium</strong></span> <span class='ocrx_word' id='word_1_73' title='bbox 1020 1426 1079 1466; x_wconf 92' lang='lat' dir='ltr'><strong>nou</strong></span> <span class='ocrx_word' id='word_1_74' title='bbox 1102 1407 1233 1478; x_wconf 70' lang='lat' dir='ltr'><strong>⁶reniet,</strong></span> <span class='ocrx_word' id='word_1_75' title='bbox 1266 1407 1320 1468; x_wconf 90' lang='lat' dir='ltr'><strong>sed</strong></span> <span class='ocrx_word' id='word_1_76' title='bbox 1349 1390 1495 1469; x_wconf 48' lang='lat' dir='ltr'><strong>‘transiet&#39;</strong></span> 
     </span>
     <span class='ocr_line' id='line_1_9' title="bbox 201 1507 1472 1590; baseline -0.003 -19"><span class='ocrx_word' id='word_1_77' title='bbox 201 1526 297 1590; x_wconf 64' lang='lat' dir='ltr'><strong>ruunt.</strong></span> <span class='ocrx_word' id='word_1_78' title='bbox 316 1511 353 1572; x_wconf 93' lang='lat' dir='ltr'><strong>de</strong></span> <span class='ocrx_word' id='word_1_79' title='bbox 382 1518 478 1572; x_wconf 89' lang='lat' dir='ltr'><strong>morte</strong></span> <span class='ocrx_word' id='word_1_80' title='bbox 499 1509 551 1569; x_wconf 88' lang='lat' dir='ltr'><strong>⁷ad</strong></span> <span class='ocrx_word' id='word_1_81' title='bbox 574 1509 673 1569; x_wconf 82' lang='lat' dir='ltr'><strong>vitam.</strong></span> <span class='ocrx_word' id='word_1_82' title='bbox 725 1508 826 1586; x_wconf 89' lang='lat' dir='ltr'><strong>ltaque</strong></span> <span class='ocrx_word' id='word_1_83' title='bbox 855 1525 1025 1568; x_wconf 90' lang='lat' dir='ltr'><strong>sermonem</strong></span> <span class='ocrx_word' id='word_1_84' title='bbox 1057 1507 1243 1567; x_wconf 90' lang='lat' dir='ltr'><strong>constituens</strong></span> <span class='ocrx_word' id='word_1_85' title='bbox 1268 1507 1472 1576; x_wconf 68' lang='lat' dir='ltr'><strong>vivificatorem,</strong></span> 
     </span>
     <span class='ocr_line' id='line_1_10' title="bbox 316 1607 1473 1691; baseline -0.006 -19"><span class='ocrx_word' id='word_1_86' title='bbox 316 1612 384 1691; x_wconf 90' lang='lat' dir='ltr'><strong>quia</strong></span> <span class='ocrx_word' id='word_1_87' title='bbox 407 1609 531 1688; x_wconf 88' lang='lat' dir='ltr'><strong>spiritus</strong></span> <span class='ocrx_word' id='word_1_88' title='bbox 555 1615 584 1670; x_wconf 88' lang='lat' dir='ltr'><strong>et</strong></span> <span class='ocrx_word' id='word_1_89' title='bbox 604 1608 662 1669; x_wconf 86' lang='lat' dir='ltr'><strong>uita</strong></span> <span class='ocrx_word' id='word_1_90' title='bbox 684 1625 800 1680; x_wconf 89' lang='lat' dir='ltr'><strong>sermo,</strong></span> <span class='ocrx_word' id='word_1_91' title='bbox 824 1609 950 1669; x_wconf 88' lang='lat' dir='ltr'><strong>eundern</strong></span> <span class='ocrx_word' id='word_1_92' title='bbox 974 1608 1061 1668; x_wconf 89' lang='lat' dir='ltr'><strong>etiam</strong></span> <span class='ocrx_word' id='word_1_93' title='bbox 1079 1625 1197 1669; x_wconf 91' lang='lat' dir='ltr'><strong>carnem</strong></span> <span class='ocrx_word' id='word_1_94' title='bbox 1213 1626 1297 1669; x_wconf 88' lang='lat' dir='ltr'><strong>suam</strong></span> <span class='ocrx_word' id='word_1_95' title='bbox 1314 1609 1401 1681; x_wconf 85' lang='lat' dir='ltr'><strong>dixit,</strong></span> <span class='ocrx_word' id='word_1_96' title='bbox 1422 1607 1473 1686; x_wconf 85' lang='lat' dir='ltr'><strong>quia</strong></span> 
     </span>
     <span class='ocr_line' id='line_1_11' title="bbox 317 1707 1472 1788; baseline -0.007 -16"><span class='ocrx_word' id='word_1_97' title='bbox 317 1720 347 1772; x_wconf 90' lang='lat' dir='ltr'><strong>et</strong></span> <span class='ocrx_word' id='word_1_98' title='bbox 369 1728 469 1771; x_wconf 92' lang='lat' dir='ltr'><strong>sermo</strong></span> <span class='ocrx_word' id='word_1_99' title='bbox 492 1727 560 1770; x_wconf 88' lang='lat' dir='ltr'><strong>caro</strong></span> <span class='ocrx_word' id='word_1_100' title='bbox 583 1717 647 1769; x_wconf 91' lang='lat' dir='ltr'><strong>erat</strong></span> <span class='ocrx_word' id='word_1_101' title='bbox 666 1710 776 1778; x_wconf 88' lang='lat' dir='ltr'><strong>laetus,</strong></span> <span class='ocrx_word' id='word_1_102' title='bbox 809 1708 935 1787; x_wconf 91' lang='lat' dir='ltr'><strong>proinde</strong></span> <span class='ocrx_word' id='word_1_103' title='bbox 962 1708 993 1769; x_wconf 93' lang='lat' dir='ltr'><strong>in</strong></span> <span class='ocrx_word' id='word_1_104' title='bbox 1016 1726 1134 1768; x_wconf 87' lang='lat' dir='ltr'><strong>causam</strong></span> <span class='ocrx_word' id='word_1_105' title='bbox 1157 1707 1232 1768; x_wconf 87' lang='lat' dir='ltr'><strong>ritae</strong></span> <span class='ocrx_word' id='word_1_106' title='bbox 1255 1707 1437 1788; x_wconf 88' lang='lat' dir='ltr'><strong>adpetendus</strong></span> <span class='ocrx_word' id='word_1_107' title='bbox 1452 1713 1472 1766; x_wconf 86' lang='lat' dir='ltr'><strong>et</strong></span> 
     </span>
     <span class='ocr_line' id='line_1_12' title="bbox 317 1807 1470 1887; baseline -0.007 -15"><span class='ocrx_word' id='word_1_108' title='bbox 317 1810 505 1872; x_wconf 87' lang='lat' dir='ltr'><strong>devorandus</strong></span> <span class='ocrx_word' id='word_1_109' title='bbox 539 1809 640 1870; x_wconf 92' lang='lat' dir='ltr'><strong>auditu</strong></span> <span class='ocrx_word' id='word_1_110' title='bbox 669 1816 700 1869; x_wconf 91' lang='lat' dir='ltr'><strong>et</strong></span> <span class='ocrx_word' id='word_1_111' title='bbox 726 1808 921 1869; x_wconf 88' lang='lat' dir='ltr'><strong>ruminandus</strong></span> <span class='ocrx_word' id='word_1_112' title='bbox 955 1808 1105 1868; x_wconf 89' lang='lat' dir='ltr'><strong>intellectu</strong></span> <span class='ocrx_word' id='word_1_113' title='bbox 1139 1815 1171 1867; x_wconf 90' lang='lat' dir='ltr'><strong>et</strong></span> <span class='ocrx_word' id='word_1_114' title='bbox 1195 1807 1254 1868; x_wconf 89' lang='lat' dir='ltr'><strong>fide</strong></span> <span class='ocrx_word' id='word_1_115' title='bbox 1282 1807 1470 1887; x_wconf 71' lang='lat' dir='ltr'><strong>&#39;digerendus</strong></span> 
     </span>
     <span class='ocr_line' id='line_1_13' title="bbox 189 1907 1470 1988; baseline -0.005 -16"><span class='ocrx_word' id='word_1_116' title='bbox 189 1927 299 1979; x_wconf 66' lang='lat' dir='ltr'><strong>runnu.</strong></span> <span class='ocrx_word' id='word_1_117' title='bbox 318 1910 391 1972; x_wconf 80' lang='lat' dir='ltr'><strong>llam</strong></span> <span class='ocrx_word' id='word_1_118' title='bbox 414 1918 445 1970; x_wconf 89' lang='lat' dir='ltr'><strong>et</strong></span> <span class='ocrx_word' id='word_1_119' title='bbox 464 1909 552 1988; x_wconf 92' lang='lat' dir='ltr'><strong>paulo</strong></span> <span class='ocrx_word' id='word_1_120' title='bbox 575 1917 643 1969; x_wconf 88' lang='lat' dir='ltr'><strong>ante</strong></span> <span class='ocrx_word' id='word_1_121' title='bbox 670 1927 788 1969; x_wconf 90' lang='lat' dir='ltr'><strong>carnem</strong></span> <span class='ocrx_word' id='word_1_122' title='bbox 818 1926 902 1969; x_wconf 88' lang='lat' dir='ltr'><strong>suam</strong></span> <span class='ocrx_word' id='word_1_123' title='bbox 932 1927 1038 1987; x_wconf 89' lang='lat' dir='ltr'><strong>panem</strong></span> <span class='ocrx_word' id='word_1_124' title='bbox 1067 1925 1184 1985; x_wconf 90' lang='lat' dir='ltr'><strong>quoque</strong></span> <span class='ocrx_word' id='word_1_125' title='bbox 1216 1908 1374 1970; x_wconf 89' lang='lat' dir='ltr'><strong>caelestem</strong></span> <span class='ocrx_word' id='word_1_126' title='bbox 1400 1907 1470 1987; x_wconf 69' lang='lat' dir='ltr'><strong>”pro-</strong></span> 
     </span>
     <span class='ocr_line' id='line_1_14' title="bbox 316 1992 1469 2088; baseline 0 -18"><span class='ocrx_word' id='word_1_127' title='bbox 316 1992 480 2080; x_wconf 89' lang='lat' dir='ltr'><strong>nuntiarat‚</strong></span> <span class='ocrx_word' id='word_1_128' title='bbox 504 2009 662 2087; x_wconf 87' lang='lat' dir='ltr'><strong>¹⁰urguens</strong></span> <span class='ocrx_word' id='word_1_129' title='bbox 686 2027 898 2088; x_wconf 82' lang='lat' dir='ltr'><strong>usquequaque</strong></span> <span class='ocrx_word' id='word_1_130' title='bbox 919 2008 1157 2088; x_wconf 86' lang='lat' dir='ltr'><strong>perallegoriam</strong></span> <span class='ocrx_word' id='word_1_131' title='bbox 1173 2008 1411 2070; x_wconf 90' lang='lat' dir='ltr'><strong>necessariorum</strong></span> <span class='ocrx_word' id='word_1_132' title='bbox 1430 2024 1469 2086; x_wconf 79' lang='lat' dir='ltr'><strong>pt-</strong></span> 
     </span>
     <span class='ocr_line' id='line_1_15' title="bbox 164 2109 1469 2188; baseline -0.006 -15"><span class='ocrx_word' id='word_1_133' title='bbox 164 2109 454 2181; x_wconf 68' lang='lat' dir='ltr'><strong>usrusuiquulorum</strong></span> <span class='ocrx_word' id='word_1_134' title='bbox 477 2110 650 2170; x_wconf 89' lang='lat' dir='ltr'><strong>memoriam</strong></span> <span class='ocrx_word' id='word_1_135' title='bbox 673 2118 806 2188; x_wconf 88' lang='lat' dir='ltr'><strong>patrum,</strong></span> <span class='ocrx_word' id='word_1_136' title='bbox 830 2110 880 2187; x_wconf 92' lang='lat' dir='ltr'><strong>qui</strong></span> <span class='ocrx_word' id='word_1_137' title='bbox 902 2127 995 2187; x_wconf 89' lang='lat' dir='ltr'><strong>panes</strong></span> <span class='ocrx_word' id='word_1_138' title='bbox 1011 2117 1041 2169; x_wconf 88' lang='lat' dir='ltr'><strong>et</strong></span> <span class='ocrx_word' id='word_1_139' title='bbox 1055 2109 1379 2188; x_wconf 79' lang='lat' dir='ltr'><strong>carnesdegyptiorum</strong></span> <span class='ocrx_word' id='word_1_140' title='bbox 1400 2123 1469 2188; x_wconf 87' lang='lat' dir='ltr'><strong>prae·</strong></span> 
     </span>
     <span class='ocr_line' id='line_1_16' title="bbox 315 2208 1468 2289; baseline -0.005 -20"><span class='ocrx_word' id='word_1_141' title='bbox 315 2218 465 2271; x_wconf 83' lang='lat' dir='ltr'><strong>uerterant</strong></span> <span class='ocrx_word' id='word_1_142' title='bbox 487 2208 602 2270; x_wconf 82' lang='lat' dir='ltr'><strong>divinae</strong></span> <span class='ocrx_word' id='word_1_143' title='bbox 617 2210 773 2270; x_wconf 85' lang='lat' dir='ltr'><strong>vocationi.</strong></span> <span class='ocrx_word' id='word_1_144' title='bbox 810 2210 904 2289; x_wconf 87' lang='lat' dir='ltr'><strong>lgitur</strong></span> <span class='ocrx_word' id='word_1_145' title='bbox 926 2228 1090 2270; x_wconf 83' lang='lat' dir='ltr'><strong>conversus</strong></span> <span class='ocrx_word' id='word_1_146' title='bbox 1113 2210 1149 2269; x_wconf 90' lang='lat' dir='ltr'><strong>ad</strong></span> <span class='ocrx_word' id='word_1_147' title='bbox 1171 2210 1352 2287; x_wconf 83' lang='lat' dir='ltr'><strong>recogitatus</strong></span> <span class='ocrx_word' id='word_1_148' title='bbox 1373 2208 1468 2270; x_wconf 86' lang='lat' dir='ltr'><strong>illorum</strong></span> 
     </span>
     <span class='ocr_line' id='line_1_17' title="bbox 189 2300 1468 2391; baseline -0.008 -20"><span class='ocrx_word' id='word_1_149' title='bbox 189 2326 302 2379; x_wconf 68' lang='lat' dir='ltr'><strong>usuum</strong></span> <span class='ocrx_word' id='word_1_150' title='bbox 317 2310 385 2391; x_wconf 93' lang='lat' dir='ltr'><strong>quia</strong></span> <span class='ocrx_word' id='word_1_151' title='bbox 408 2318 545 2371; x_wconf 86' lang='lat' dir='ltr'><strong>senserat</strong></span> <span class='ocrx_word' id='word_1_152' title='bbox 567 2309 823 2388; x_wconf 64' lang='lat' dir='ltr'><strong>”dispergendos</strong></span> <span class='ocrx_word' id='word_1_153' title='bbox 848 2310 933 2383; x_wconf 88' lang='lat' dir='ltr'><strong>Caro,</strong></span> <span class='ocrx_word' id='word_1_154' title='bbox 955 2310 1006 2382; x_wconf 91' lang='lat' dir='ltr'><strong>ait,</strong></span> <span class='ocrx_word' id='word_1_155' title='bbox 1029 2309 1101 2370; x_wconf 90' lang='lat' dir='ltr'><strong>nihil</strong></span> <span class='ocrx_word' id='word_1_156' title='bbox 1116 2309 1250 2388; x_wconf 87' lang='lat' dir='ltr'><strong>prodest.</strong></span> <span class='ocrx_word' id='word_1_157' title='bbox 1288 2310 1366 2382; x_wconf 83' lang='lat' dir='ltr'><strong>Quid</strong></span> <span class='ocrx_word' id='word_1_158' title='bbox 1383 2300 1468 2369; x_wconf 89' lang='lat' dir='ltr'><strong>hocud</strong></span> 
     </span>
     <span class='ocr_line' id='line_1_18' title="bbox 316 2400 1467 2489; baseline -0.004 -18"><span class='ocrx_word' id='word_1_159' title='bbox 316 2410 527 2474; x_wconf 88' lang='lat' dir='ltr'><strong>destruendam</strong></span> <span class='ocrx_word' id='word_1_160' title='bbox 550 2409 648 2470; x_wconf 89' lang='lat' dir='ltr'><strong>carnis</strong></span> <span class='ocrx_word' id='word_1_161' title='bbox 670 2411 938 2483; x_wconf 86' lang='lat' dir='ltr'><strong>resurrectionem,</strong></span> <span class='ocrx_word' id='word_1_162' title='bbox 973 2411 1057 2489; x_wconf 90' lang='lat' dir='ltr'><strong>quasi</strong></span> <span class='ocrx_word' id='word_1_163' title='bbox 1087 2429 1148 2471; x_wconf 92' lang='lat' dir='ltr'><strong>non</strong></span> <span class='ocrx_word' id='word_1_164' title='bbox 1175 2410 1263 2471; x_wconf 91' lang='lat' dir='ltr'><strong>liceat</strong></span> <span class='ocrx_word' id='word_1_165' title='bbox 1290 2429 1361 2471; x_wconf 90' lang='lat' dir='ltr'><strong>esse</strong></span> <span class='ocrx_word' id='word_1_166' title='bbox 1381 2400 1467 2486; x_wconf 84' lang='lat' dir='ltr'><strong>aliquid</strong></span> 
     </span>
     <span class='ocr_line' id='line_1_19' title="bbox 255 2495 1467 2590; baseline -0.003 -20"><span class='ocrx_word' id='word_1_167' title='bbox 255 2495 262 2505; x_wconf 52' lang='lat'>⁸</span> <span class='ocrx_word' id='word_1_168' title='bbox 316 2510 422 2588; x_wconf 85' lang='lat' dir='ltr'><strong>¹¹quod</strong></span> <span class='ocrx_word' id='word_1_169' title='bbox 446 2509 502 2570; x_wconf 90' lang='lat' dir='ltr'><strong>etsi</strong></span> <span class='ocrx_word' id='word_1_170' title='bbox 525 2509 598 2570; x_wconf 92' lang='lat' dir='ltr'><strong>nihil</strong></span> <span class='ocrx_word' id='word_1_171' title='bbox 618 2512 732 2589; x_wconf 88' lang='lat' dir='ltr'><strong>prosit,</strong></span> <span class='ocrx_word' id='word_1_172' title='bbox 755 2511 833 2572; x_wconf 90' lang='lat' dir='ltr'><strong>aliud</strong></span> <span class='ocrx_word' id='word_1_173' title='bbox 857 2519 954 2571; x_wconf 88' lang='lat' dir='ltr'><strong>tamen</strong></span> <span class='ocrx_word' id='word_1_174' title='bbox 978 2511 1004 2571; x_wconf 93' lang='lat' dir='ltr'><strong>ei</strong></span> <span class='ocrx_word' id='word_1_175' title='bbox 1027 2511 1173 2590; x_wconf 88' lang='lat' dir='ltr'><strong>prodesse</strong></span> <span class='ocrx_word' id='word_1_176' title='bbox 1194 2509 1319 2588; x_wconf 79' lang='lat' dir='ltr'><strong>possiti</strong></span> <span class='ocrx_word' id='word_1_177' title='bbox 1362 2509 1467 2589; x_wconf 74' lang='lat' dir='ltr'><strong>Spiritus</strong></span> 
     </span>
     <span class='ocr_line' id='line_1_20' title="bbox 315 2600 1467 2689; baseline -0.003 -20"><span class='ocrx_word' id='word_1_178' title='bbox 315 2600 456 2689; x_wconf 81' lang='lat' dir='ltr'><strong>prodest3</strong></span> <span class='ocrx_word' id='word_1_179' title='bbox 493 2609 618 2670; x_wconf 84' lang='lat' dir='ltr'><strong>vivificat</strong></span> <span class='ocrx_word' id='word_1_180' title='bbox 648 2611 735 2670; x_wconf 87' lang='lat' dir='ltr'><strong>euim.</strong></span> <span class='ocrx_word' id='word_1_181' title='bbox 788 2610 867 2670; x_wconf 75' lang='lat' dir='ltr'><strong>,Caro</strong></span> <span class='ocrx_word' id='word_1_182' title='bbox 896 2609 969 2670; x_wconf 86' lang='lat' dir='ltr'><strong>nihil</strong></span> <span class='ocrx_word' id='word_1_183' title='bbox 997 2610 1136 2688; x_wconf 77' lang='lat' dir='ltr'><strong>prodest3</strong></span> <span class='ocrx_word' id='word_1_184' title='bbox 1172 2610 1369 2672; x_wconf 85' lang='lat' dir='ltr'><strong>mortificatur</strong></span> <span class='ocrx_word' id='word_1_185' title='bbox 1398 2606 1467 2671; x_wconf 86' lang='lat' dir='ltr'><strong>euim·</strong></span> 
     </span>
     <span class='ocr_line' id='line_1_21' title="bbox 314 2708 1468 2790; baseline -0.003 -21"><span class='ocrx_word' id='word_1_186' title='bbox 314 2709 417 2786; x_wconf 86' lang='lat' dir='ltr'><strong>ltaque</strong></span> <span class='ocrx_word' id='word_1_187' title='bbox 444 2708 607 2769; x_wconf 90' lang='lat' dir='ltr'><strong>secundum</strong></span> <span class='ocrx_word' id='word_1_188' title='bbox 637 2727 695 2769; x_wconf 90' lang='lat' dir='ltr'><strong>nos</strong></span> <span class='ocrx_word' id='word_1_189' title='bbox 724 2710 819 2788; x_wconf 90' lang='lat' dir='ltr'><strong>magis</strong></span> <span class='ocrx_word' id='word_1_190' title='bbox 848 2709 1031 2771; x_wconf 69' lang='lat' dir='ltr'><strong>¹³collocavit</strong></span> <span class='ocrx_word' id='word_1_191' title='bbox 1058 2710 1213 2788; x_wconf 89' lang='lat' dir='ltr'><strong>utriusque</strong></span> <span class='ocrx_word' id='word_1_192' title='bbox 1242 2711 1468 2790; x_wconf 83' lang='lat' dir='ltr'><strong>propositionem·</strong></span> 
     </span>
     <span class='ocr_line' id='line_1_22' title="bbox 317 2808 1471 2891; baseline 0 -20"><span class='ocrx_word' id='word_1_193' title='bbox 317 2808 487 2871; x_wconf 83' lang='lat' dir='ltr'><strong>Ostendens</strong></span> <span class='ocrx_word' id='word_1_194' title='bbox 510 2808 587 2871; x_wconf 90' lang='lat' dir='ltr'><strong>enirn</strong></span> <span class='ocrx_word' id='word_1_195' title='bbox 611 2810 681 2888; x_wconf 91' lang='lat' dir='ltr'><strong>quid</strong></span> <span class='ocrx_word' id='word_1_196' title='bbox 702 2810 815 2890; x_wconf 89' lang='lat' dir='ltr'><strong>prosit,</strong></span> <span class='ocrx_word' id='word_1_197' title='bbox 839 2810 957 2889; x_wconf 90' lang='lat' dir='ltr'><strong>etquid</strong></span> <span class='ocrx_word' id='word_1_198' title='bbox 981 2828 1040 2870; x_wconf 93' lang='lat' dir='ltr'><strong>non</strong></span> <span class='ocrx_word' id='word_1_199' title='bbox 1063 2811 1175 2889; x_wconf 90' lang='lat' dir='ltr'><strong>prosit,</strong></span> <span class='ocrx_word' id='word_1_200' title='bbox 1198 2811 1310 2891; x_wconf 85' lang='lat' dir='ltr'><strong>pariter</strong></span> <span class='ocrx_word' id='word_1_201' title='bbox 1332 2810 1471 2873; x_wconf 80' lang='lat' dir='ltr'><strong>inlumiut·</strong></span> 
     </span>
     <span class='ocr_line' id='line_1_23' title="bbox 314 2910 1473 2998; baseline 0.003 -28"><span class='ocrx_word' id='word_1_202' title='bbox 314 2911 357 2972; x_wconf 84' lang='lat' dir='ltr'><strong>rit</strong></span> <span class='ocrx_word' id='word_1_203' title='bbox 377 2910 446 2989; x_wconf 92' lang='lat' dir='ltr'><strong>quid</strong></span> <span class='ocrx_word' id='word_1_204' title='bbox 469 2911 516 2998; x_wconf 84' lang='lat' dir='ltr'><strong>cui</strong></span> <span class='ocrx_word' id='word_1_205' title='bbox 539 2911 650 2989; x_wconf 90' lang='lat' dir='ltr'><strong>prosit,</strong></span> <span class='ocrx_word' id='word_1_206' title='bbox 674 2910 811 2988; x_wconf 88' lang='lat' dir='ltr'><strong>spiritum</strong></span> <span class='ocrx_word' id='word_1_207' title='bbox 834 2910 947 2973; x_wconf 90' lang='lat' dir='ltr'><strong>scilicet</strong></span> <span class='ocrx_word' id='word_1_208' title='bbox 961 2912 1041 2972; x_wconf 91' lang='lat' dir='ltr'><strong>carni</strong></span> <span class='ocrx_word' id='word_1_209' title='bbox 1058 2913 1250 2974; x_wconf 84' lang='lat' dir='ltr'><strong>mortificatae</strong></span> <span class='ocrx_word' id='word_1_210' title='bbox 1269 2913 1473 2975; x_wconf 74' lang='lat' dir='ltr'><strong>vivificatorem·</strong></span> 
     </span>
     <span class='ocr_line' id='line_1_24' title="bbox 201 3004 1480 3089; baseline 0 -17"><span class='ocrx_word' id='word_1_211' title='bbox 201 3026 303 3080; x_wconf 58' lang='lat' dir='ltr'><strong>turns</strong></span> <span class='ocrx_word' id='word_1_212' title='bbox 318 3010 421 3072; x_wconf 87' lang='lat' dir='ltr'><strong>Veniet</strong></span> <span class='ocrx_word' id='word_1_213' title='bbox 443 3011 521 3071; x_wconf 91' lang='lat' dir='ltr'><strong>enim</strong></span> <span class='ocrx_word' id='word_1_214' title='bbox 544 3011 634 3082; x_wconf 83' lang='lat' dir='ltr'><strong>liora,</strong></span> <span class='ocrx_word' id='word_1_215' title='bbox 659 3011 770 3089; x_wconf 90' lang='lat' dir='ltr'><strong>inquit,</strong></span> <span class='ocrx_word' id='word_1_216' title='bbox 794 3030 859 3073; x_wconf 92' lang='lat' dir='ltr'><strong>cum</strong></span> <span class='ocrx_word' id='word_1_217' title='bbox 875 3013 983 3073; x_wconf 89' lang='lat' dir='ltr'><strong>mortui</strong></span> <span class='ocrx_word' id='word_1_218' title='bbox 1008 3012 1128 3073; x_wconf 90' lang='lat' dir='ltr'><strong>audient</strong></span> <span class='ocrx_word' id='word_1_219' title='bbox 1150 3012 1279 3073; x_wconf 70' lang='lat' dir='ltr'><strong>“uocem</strong></span> <span class='ocrx_word' id='word_1_220' title='bbox 1301 3013 1352 3074; x_wconf 89' lang='lat' dir='ltr'><strong>lilii</strong></span> <span class='ocrx_word' id='word_1_221' title='bbox 1375 3012 1435 3083; x_wconf 92' lang='lat' dir='ltr'><strong>dei,</strong></span> <span class='ocrx_word' id='word_1_222' title='bbox 1452 3004 1480 3061; x_wconf 66' lang='lat' dir='ltr'><strong>ti</strong></span> 
     </span>
     <span class='ocr_line' id='line_1_25' title="bbox 316 3098 1485 3193; baseline 0.001 -22"><span class='ocrx_word' id='word_1_223' title='bbox 316 3111 365 3189; x_wconf 91' lang='lat' dir='ltr'><strong>qui</strong></span> <span class='ocrx_word' id='word_1_224' title='bbox 388 3111 549 3183; x_wconf 87' lang='lat' dir='ltr'><strong>audierint,</strong></span> <span class='ocrx_word' id='word_1_225' title='bbox 572 3112 680 3171; x_wconf 87' lang='lat' dir='ltr'><strong>vivent.</strong></span> <span class='ocrx_word' id='word_1_226' title='bbox 716 3111 793 3184; x_wconf 86' lang='lat' dir='ltr'><strong>Quid</strong></span> <span class='ocrx_word' id='word_1_227' title='bbox 818 3120 985 3184; x_wconf 91' lang='lat' dir='ltr'><strong>mortuum,</strong></span> <span class='ocrx_word' id='word_1_228' title='bbox 1008 3113 1066 3174; x_wconf 91' lang='lat' dir='ltr'><strong>nisi</strong></span> <span class='ocrx_word' id='word_1_229' title='bbox 1090 3113 1181 3174; x_wconf 77' lang='lat' dir='ltr'><strong>carol</strong></span> <span class='ocrx_word' id='word_1_230' title='bbox 1211 3123 1240 3174; x_wconf 92' lang='lat' dir='ltr'><strong>et</strong></span> <span class='ocrx_word' id='word_1_231' title='bbox 1262 3113 1332 3193; x_wconf 92' lang='lat' dir='ltr'><strong>quid</strong></span> <span class='ocrx_word' id='word_1_232' title='bbox 1354 3132 1409 3175; x_wconf 84' lang='lat' dir='ltr'><strong>vox</strong></span> <span class='ocrx_word' id='word_1_233' title='bbox 1429 3098 1485 3172; x_wconf 70' lang='lat' dir='ltr'><strong>del·</strong></span> 
     </span>
     <span class='ocr_line' id='line_1_26' title="bbox 316 3210 1491 3292; baseline -0.002 -20"><span class='ocrx_word' id='word_1_234' title='bbox 316 3211 375 3272; x_wconf 91' lang='lat' dir='ltr'><strong>nisi</strong></span> <span class='ocrx_word' id='word_1_235' title='bbox 398 3210 521 3272; x_wconf 86' lang='lat' dir='ltr'><strong>sermo‘l</strong></span> <span class='ocrx_word' id='word_1_236' title='bbox 544 3219 574 3272; x_wconf 88' lang='lat' dir='ltr'><strong>et</strong></span> <span class='ocrx_word' id='word_1_237' title='bbox 595 3211 665 3289; x_wconf 91' lang='lat' dir='ltr'><strong>quid</strong></span> <span class='ocrx_word' id='word_1_238' title='bbox 688 3230 804 3284; x_wconf 89' lang='lat' dir='ltr'><strong>sermo,</strong></span> <span class='ocrx_word' id='word_1_239' title='bbox 829 3213 886 3273; x_wconf 91' lang='lat' dir='ltr'><strong>nisi</strong></span> <span class='ocrx_word' id='word_1_240' title='bbox 908 3215 1047 3292; x_wconf 90' lang='lat' dir='ltr'><strong>spiritus,</strong></span> <span class='ocrx_word' id='word_1_241' title='bbox 1071 3213 1175 3274; x_wconf 88' lang='lat' dir='ltr'><strong>rnerito</strong></span> <span class='ocrx_word' id='word_1_242' title='bbox 1192 3231 1310 3275; x_wconf 88' lang='lat' dir='ltr'><strong>carnem</strong></span> <span class='ocrx_word' id='word_1_243' title='bbox 1326 3214 1491 3276; x_wconf 74' lang='lat' dir='ltr'><strong>resuscite-</strong></span> 
     </span>
     <span class='ocr_line' id='line_1_27' title="bbox 315 3300 1502 3394; baseline 0.005 -22"><span class='ocrx_word' id='word_1_244' title='bbox 315 3319 416 3383; x_wconf 91' lang='lat' dir='ltr'><strong>turus,</strong></span> <span class='ocrx_word' id='word_1_245' title='bbox 446 3312 526 3390; x_wconf 91' lang='lat' dir='ltr'><strong>quod</strong></span> <span class='ocrx_word' id='word_1_246' title='bbox 549 3312 670 3373; x_wconf 71' lang='lat' dir='ltr'><strong>¹⁵laetus</strong></span> <span class='ocrx_word' id='word_1_247' title='bbox 700 3321 746 3374; x_wconf 90' lang='lat' dir='ltr'><strong>est</strong></span> <span class='ocrx_word' id='word_1_248' title='bbox 768 3313 850 3391; x_wconf 91' lang='lat' dir='ltr'><strong>ipse,</strong></span> <span class='ocrx_word' id='word_1_249' title='bbox 884 3313 945 3374; x_wconf 79' lang='lat' dir='ltr'><strong>¹⁸et</strong></span> <span class='ocrx_word' id='word_1_250' title='bbox 966 3333 999 3374; x_wconf 83' lang='lat' dir='ltr'><strong>ex</strong></span> <span class='ocrx_word' id='word_1_251' title='bbox 1023 3322 1136 3387; x_wconf 91' lang='lat' dir='ltr'><strong>morte,</strong></span> <span class='ocrx_word' id='word_1_252' title='bbox 1170 3333 1254 3394; x_wconf 89' lang='lat' dir='ltr'><strong>quam</strong></span> <span class='ocrx_word' id='word_1_253' title='bbox 1284 3333 1392 3394; x_wconf 89' lang='lat' dir='ltr'><strong>passus</strong></span> <span class='ocrx_word' id='word_1_254' title='bbox 1417 3300 1502 3370; x_wconf 67' lang='lat'>&#39;²0⁵¹</span> 
     </span>
     <span class='ocr_line' id='line_1_28' title="bbox 315 3399 1510 3502; baseline -0.001 -29"><span class='ocrx_word' id='word_1_255' title='bbox 315 3412 396 3491; x_wconf 89' lang='lat' dir='ltr'><strong>ipse,</strong></span> <span class='ocrx_word' id='word_1_256' title='bbox 426 3422 512 3473; x_wconf 85' lang='lat' dir='ltr'><strong>etex</strong></span> <span class='ocrx_word' id='word_1_257' title='bbox 536 3413 709 3491; x_wconf 89' lang='lat' dir='ltr'><strong>sepulchro,</strong></span> <span class='ocrx_word' id='word_1_258' title='bbox 744 3431 804 3491; x_wconf 92' lang='lat' dir='ltr'><strong>quo</strong></span> <span class='ocrx_word' id='word_1_259' title='bbox 828 3413 925 3474; x_wconf 90' lang='lat' dir='ltr'><strong>illatus</strong></span> <span class='ocrx_word' id='word_1_260' title='bbox 948 3424 995 3475; x_wconf 91' lang='lat' dir='ltr'><strong>est</strong></span> <span class='ocrx_word' id='word_1_261' title='bbox 1017 3413 1107 3493; x_wconf 76' lang='lat' dir='ltr'><strong>ipse?</strong></span> <span class='ocrx_word' id='word_1_262' title='bbox 1156 3415 1290 3493; x_wconf 84' lang='lat' dir='ltr'><strong>lleuique</strong></span> <span class='ocrx_word' id='word_1_263' title='bbox 1318 3434 1385 3477; x_wconf 93' lang='lat' dir='ltr'><strong>cum</strong></span> <span class='ocrx_word' id='word_1_264' title='bbox 1412 3399 1510 3502; x_wconf 62' lang='lat' dir='ltr'><strong>dici}u</strong></span> 
     </span>
     <span class='ocr_line' id='line_1_29' title="bbox 175 3504 1511 3605; baseline 0.006 -35"><span class='ocrx_word' id='word_1_265' title='bbox 175 3512 360 3581; x_wconf 73' lang='lat' dir='ltr'><strong>10.v,2s·q.Ne</strong></span> <span class='ocrx_word' id='word_1_266' title='bbox 383 3512 546 3584; x_wconf 84' lang='lat' dir='ltr'><strong>miremini,</strong></span> <span class='ocrx_word' id='word_1_267' title='bbox 570 3514 649 3593; x_wconf 91' lang='lat' dir='ltr'><strong>quod</strong></span> <span class='ocrx_word' id='word_1_268' title='bbox 672 3515 772 3575; x_wconf 83' lang='lat' dir='ltr'><strong>ueniet</strong></span> <span class='ocrx_word' id='word_1_269' title='bbox 792 3515 882 3588; x_wconf 86' lang='lat' dir='ltr'><strong>hora,</strong></span> <span class='ocrx_word' id='word_1_270' title='bbox 906 3517 936 3575; x_wconf 94' lang='lat' dir='ltr'><strong>in</strong></span> <span class='ocrx_word' id='word_1_271' title='bbox 960 3534 1016 3593; x_wconf 84' lang='lat' dir='ltr'><strong>qua</strong></span> <span class='ocrx_word' id='word_1_272' title='bbox 1039 3533 1143 3576; x_wconf 90' lang='lat' dir='ltr'><strong>omnes</strong></span> <span class='ocrx_word' id='word_1_273' title='bbox 1165 3516 1266 3592; x_wconf 90' lang='lat' dir='ltr'><strong>quiin</strong></span> <span class='ocrx_word' id='word_1_274' title='bbox 1290 3504 1511 3605; x_wconf 55' lang='grc' dir='ltr'><strong>ῐιιοιιιιιιιοιιίῇε</strong></span> 
     </span>
     <span class='ocr_line' id='line_1_30' title="bbox 316 3605 1511 3695; baseline 0.006 -24"><span class='ocrx_word' id='word_1_275' title='bbox 316 3618 386 3672; x_wconf 89' lang='lat' dir='ltr'><strong>sunt</strong></span> <span class='ocrx_word' id='word_1_276' title='bbox 407 3613 528 3674; x_wconf 91' lang='lat' dir='ltr'><strong>audient</strong></span> <span class='ocrx_word' id='word_1_277' title='bbox 550 3614 678 3675; x_wconf 75' lang='lat' dir='ltr'><strong>&#39;&#39;voccm</strong></span> <span class='ocrx_word' id='word_1_278' title='bbox 701 3614 754 3674; x_wconf 87' lang='lat' dir='ltr'><strong>lilii</strong></span> <span class='ocrx_word' id='word_1_279' title='bbox 775 3614 840 3687; x_wconf 89' lang='lat' dir='ltr'><strong>dei,</strong></span> <span class='ocrx_word' id='word_1_280' title='bbox 863 3624 893 3676; x_wconf 90' lang='lat' dir='ltr'><strong>et</strong></span> <span class='ocrx_word' id='word_1_281' title='bbox 912 3617 1091 3694; x_wconf 87' lang='lat' dir='ltr'><strong>procedent,</strong></span> <span class='ocrx_word' id='word_1_282' title='bbox 1113 3615 1162 3695; x_wconf 91' lang='lat' dir='ltr'><strong>qui</strong></span> <span class='ocrx_word' id='word_1_283' title='bbox 1184 3614 1262 3676; x_wconf 86' lang='lat' dir='ltr'><strong>bona</strong></span> <span class='ocrx_word' id='word_1_284' title='bbox 1285 3618 1437 3690; x_wconf 85' lang='lat' dir='ltr'><strong>lecerunt,</strong></span> <span class='ocrx_word' id='word_1_285' title='bbox 1483 3605 1511 3653; x_wconf 74' lang='lat'><strong>¹¹</strong></span> 
     </span>
     <span class='ocr_line' id='line_1_31' title="bbox 313 3707 1511 3792; baseline 0.008 -22"><span class='ocrx_word' id='word_1_286' title='bbox 313 3711 390 3771; x_wconf 86' lang='lat' dir='ltr'><strong>vitae</strong></span> <span class='ocrx_word' id='word_1_287' title='bbox 411 3713 679 3786; x_wconf 85' lang='lat' dir='ltr'><strong>resurrectionem,</strong></span> <span class='ocrx_word' id='word_1_288' title='bbox 703 3715 856 3792; x_wconf 84' lang='lat' dir='ltr'><strong>quinrala,</strong></span> <span class='ocrx_word' id='word_1_289' title='bbox 879 3717 908 3777; x_wconf 93' lang='lat' dir='ltr'><strong>in</strong></span> <span class='ocrx_word' id='word_1_290' title='bbox 926 3717 1179 3776; x_wconf 91' lang='lat' dir='ltr'><strong>resurrectionem</strong></span> <span class='ocrx_word' id='word_1_291' title='bbox 1197 3715 1312 3790; x_wconf 88' lang='lat' dir='ltr'><strong>iudicii,</strong></span> <span class='ocrx_word' id='word_1_292' title='bbox 1336 3749 1380 3762; x_wconf 91' lang='lat'><em>-</em></span> <span class='ocrx_word' id='word_1_293' title='bbox 1402 3707 1511 3778; x_wconf 61' lang='lat' dir='ltr'><strong>neufl</strong></span> 
     </span>
     <span class='ocr_line' id='line_1_32' title="bbox 314 3800 1507 3895; baseline 0.008 -26"><span class='ocrx_word' id='word_1_294' title='bbox 314 3811 372 3870; x_wconf 91' lang='lat' dir='ltr'><strong>iam</strong></span> <span class='ocrx_word' id='word_1_295' title='bbox 394 3811 506 3887; x_wconf 88' lang='lat' dir='ltr'><strong>poterit</strong></span> <span class='ocrx_word' id='word_1_296' title='bbox 531 3812 608 3872; x_wconf 93' lang='lat' dir='ltr'><strong>aliud</strong></span> <span class='ocrx_word' id='word_1_297' title='bbox 643 3822 778 3876; x_wconf 89' lang='lat' dir='ltr'><strong>mortuos</strong></span> <span class='ocrx_word' id='word_1_298' title='bbox 807 3816 996 3895; x_wconf 89' lang='lat' dir='ltr'><strong>interpretari</strong></span> <span class='ocrx_word' id='word_1_299' title='bbox 1023 3816 1072 3894; x_wconf 91' lang='lat' dir='ltr'><strong>qui</strong></span> <span class='ocrx_word' id='word_1_300' title='bbox 1102 3816 1189 3876; x_wconf 83' lang='lat' dir='ltr'><strong>¹⁰sint</strong></span> <span class='ocrx_word' id='word_1_301' title='bbox 1218 3817 1248 3876; x_wconf 92' lang='lat' dir='ltr'><strong>in</strong></span> <span class='ocrx_word' id='word_1_302' title='bbox 1276 3800 1507 3880; x_wconf 64' lang='lat' dir='ltr'><strong>monumenti</strong></span> 
     </span>
     <span class='ocr_line' id='line_1_33' title="bbox 313 3908 1511 3996; baseline 0.009 -27"><span class='ocrx_word' id='word_1_303' title='bbox 313 3909 373 3970; x_wconf 89' lang='lat' dir='ltr'><strong>nisi</strong></span> <span class='ocrx_word' id='word_1_304' title='bbox 395 3927 520 3988; x_wconf 90' lang='lat' dir='ltr'><strong>corpora</strong></span> <span class='ocrx_word' id='word_1_305' title='bbox 544 3920 573 3970; x_wconf 91' lang='lat' dir='ltr'><strong>et</strong></span> <span class='ocrx_word' id='word_1_306' title='bbox 595 3931 729 3982; x_wconf 88' lang='lat' dir='ltr'><strong>carnem,</strong></span> <span class='ocrx_word' id='word_1_307' title='bbox 758 3916 826 3993; x_wconf 90' lang='lat' dir='ltr'><strong>quia</strong></span> <span class='ocrx_word' id='word_1_308' title='bbox 848 3934 905 3976; x_wconf 90' lang='lat' dir='ltr'><strong>nec</strong></span> <span class='ocrx_word' id='word_1_309' title='bbox 926 3917 989 3995; x_wconf 92' lang='lat' dir='ltr'><strong>ipsa</strong></span> <span class='ocrx_word' id='word_1_310' title='bbox 1011 3925 1204 3978; x_wconf 90' lang='lat' dir='ltr'><strong>monumenta</strong></span> <span class='ocrx_word' id='word_1_311' title='bbox 1226 3916 1305 3977; x_wconf 91' lang='lat' dir='ltr'><strong>aliud</strong></span> <span class='ocrx_word' id='word_1_312' title='bbox 1328 3935 1417 3996; x_wconf 91' lang='lat' dir='ltr'><strong>quam</strong></span> <span class='ocrx_word' id='word_1_313' title='bbox 1440 3908 1511 3979; x_wconf 59' lang='lat' dir='ltr'><strong>e)</strong></span> 
     </span>
     <span class='ocr_line' id='line_1_34' title="bbox 315 4007 1511 4100; baseline 0.013 -33"><span class='ocrx_word' id='word_1_314' title='bbox 315 4007 454 4068; x_wconf 87' lang='lat' dir='ltr'><strong>darerum</strong></span> <span class='ocrx_word' id='word_1_315' title='bbox 477 4008 605 4084; x_wconf 86' lang='lat' dir='ltr'><strong>stabula,</strong></span> <span class='ocrx_word' id='word_1_316' title='bbox 634 4012 781 4093; x_wconf 87' lang='lat' dir='ltr'><strong>siquidem</strong></span> <span class='ocrx_word' id='word_1_317' title='bbox 803 4024 834 4077; x_wconf 91' lang='lat' dir='ltr'><strong>et</strong></span> <span class='ocrx_word' id='word_1_318' title='bbox 856 4017 912 4096; x_wconf 90' lang='lat' dir='ltr'><strong>ipsi</strong></span> <span class='ocrx_word' id='word_1_319' title='bbox 935 4018 1072 4078; x_wconf 90' lang='lat' dir='ltr'><strong>homines</strong></span> <span class='ocrx_word' id='word_1_320' title='bbox 1099 4025 1232 4089; x_wconf 86' lang='lat' dir='ltr'><strong>ueteres,</strong></span> <span class='ocrx_word' id='word_1_321' title='bbox 1262 4017 1293 4077; x_wconf 94' lang='lat' dir='ltr'><strong>id</strong></span> <span class='ocrx_word' id='word_1_322' title='bbox 1316 4025 1363 4080; x_wconf 90' lang='lat' dir='ltr'><strong>est</strong></span> <span class='ocrx_word' id='word_1_323' title='bbox 1383 4010 1511 4100; x_wconf 61' lang='lat' dir='ltr'><strong>pera:1</strong></span> 
     </span>
    </p>
   </div>
   <div class='ocr_carea' id='block_1_3' title="bbox 313 4157 1511 4565">
    <p class='ocr_par' dir='ltr' id='par_1_3' title="bbox 313 4157 1511 4565">
     <span class='ocr_line' id='line_1_35' title="bbox 315 4157 1511 4235; baseline 0.015 -30"><span class='ocrx_word' id='word_1_324' title='bbox 315 4157 339 4207; x_wconf 80' lang='grc'><strong>3.</strong></span> <span class='ocrx_word' id='word_1_325' title='bbox 358 4159 443 4235; x_wconf 81' lang='lat' dir='ltr'><strong>spiritu</strong></span> <span class='ocrx_word' id='word_1_326' title='bbox 463 4162 497 4211; x_wconf 83' lang='lat' dir='ltr'><strong>tc.</strong></span> <span class='ocrx_word' id='word_1_327' title='bbox 549 4163 573 4211; x_wconf 79' lang='grc'><strong>1.</strong></span> <span class='ocrx_word' id='word_1_328' title='bbox 591 4163 634 4212; x_wconf 86' lang='lat' dir='ltr'><strong>sed</strong></span> <span class='ocrx_word' id='word_1_329' title='bbox 653 4164 682 4213; x_wconf 89' lang='lat' dir='ltr'><strong>ad</strong></span> <span class='ocrx_word' id='word_1_330' title='bbox 703 4165 741 4215; x_wconf 77' lang='lat' dir='ltr'><strong>Co.</strong></span> <span class='ocrx_word' id='word_1_331' title='bbox 776 4166 819 4215; x_wconf 84' lang='lat' dir='ltr'><strong>sed</strong></span> <span class='ocrx_word' id='word_1_332' title='bbox 838 4172 863 4218; x_wconf 77' lang='lat' dir='ltr'><strong>A.</strong></span> <span class='ocrx_word' id='word_1_333' title='bbox 899 4169 962 4217; x_wconf 81' lang='lat' dir='ltr'><strong>lull.</strong></span> <span class='ocrx_word' id='word_1_334' title='bbox 981 4183 1027 4217; x_wconf 85' lang='lat' dir='ltr'><strong>uon</strong></span> <span class='ocrx_word' id='word_1_335' title='bbox 1044 4170 1236 4230; x_wconf 76' lang='lat' dir='ltr'><strong>legootnroerta</strong></span> <span class='ocrx_word' id='word_1_336' title='bbox 1254 4169 1317 4218; x_wconf 82' lang='lat' dir='ltr'><strong>Caro</strong></span> <span class='ocrx_word' id='word_1_337' title='bbox 1336 4169 1396 4219; x_wconf 83' lang='lat' dir='ltr'><strong>nihil</strong></span> <span class='ocrx_word' id='word_1_338' title='bbox 1415 4196 1448 4224; x_wconf 78' lang='lat'><strong>-‚</strong></span> <span class='ocrx_word' id='word_1_339' title='bbox 1489 4170 1511 4187; x_wconf 73' lang='lat'>“</span> 
     </span>
     <span class='ocr_line' id='line_1_36' title="bbox 313 4226 1511 4298; baseline 0.013 -26"><span class='ocrx_word' id='word_1_340' title='bbox 313 4227 456 4288; x_wconf 79' lang='lat' dir='ltr'><strong>Exsequitur</strong></span> <span class='ocrx_word' id='word_1_341' title='bbox 480 4229 560 4278; x_wconf 82' lang='lat' dir='ltr'><strong>etiam.</strong></span> <span class='ocrx_word' id='word_1_342' title='bbox 602 4232 705 4282; x_wconf 76' lang='lat' dir='ltr'><strong>describi</strong></span> <span class='ocrx_word' id='word_1_343' title='bbox 725 4241 816 4296; x_wconf 80' lang='lat' dir='ltr'><strong>poterut</strong></span> <span class='ocrx_word' id='word_1_344' title='bbox 841 4235 902 4283; x_wconf 86' lang='lat' dir='ltr'><strong>Cure</strong></span> <span class='ocrx_word' id='word_1_345' title='bbox 928 4235 986 4284; x_wconf 84' lang='lat' dir='ltr'><strong>nibil</strong></span> <span class='ocrx_word' id='word_1_346' title='bbox 1012 4237 1120 4298; x_wconf 82' lang='lat' dir='ltr'><strong>prodest,</strong></span> <span class='ocrx_word' id='word_1_347' title='bbox 1146 4237 1239 4285; x_wconf 86' lang='lat' dir='ltr'><strong>scilicet</strong></span> <span class='ocrx_word' id='word_1_348' title='bbox 1263 4235 1292 4284; x_wconf 87' lang='lat' dir='ltr'><strong>ad</strong></span> <span class='ocrx_word' id='word_1_349' title='bbox 1317 4237 1473 4287; x_wconf 69' lang='lat' dir='ltr'><strong>vivificando</strong></span> <span class='ocrx_word' id='word_1_350' title='bbox 1497 4226 1511 4265; x_wconf 84' lang='lat'><strong>¹</strong></span> 
     </span>
     <span class='ocr_line' id='line_1_37' title="bbox 314 4292 1511 4368; baseline 0.013 -29"><span class='ocrx_word' id='word_1_351' title='bbox 314 4292 362 4341; x_wconf 89' lang='lat' dir='ltr'><strong>Sed</strong></span> <span class='ocrx_word' id='word_1_352' title='bbox 381 4297 519 4368; x_wconf 77' lang='lat' dir='ltr'><strong>exsequitur</strong></span> <span class='ocrx_word' id='word_1_353' title='bbox 536 4304 587 4347; x_wconf 80' lang='lat' dir='ltr'><strong>cett.</strong></span> <span class='ocrx_word' id='word_1_354' title='bbox 646 4301 670 4348; x_wconf 80' lang='lat'><strong>5.</strong></span> <span class='ocrx_word' id='word_1_355' title='bbox 688 4301 752 4348; x_wconf 83' lang='lat' dir='ltr'><strong>veuit</strong></span> <span class='ocrx_word' id='word_1_356' title='bbox 769 4301 795 4349; x_wconf 80' lang='lat' dir='ltr'><strong>ll.</strong></span> <span class='ocrx_word' id='word_1_357' title='bbox 837 4296 967 4352; x_wconf 81' lang='lat' dir='ltr'><strong>invenitl.</strong></span> <span class='ocrx_word' id='word_1_358' title='bbox 1026 4303 1049 4352; x_wconf 84' lang='grc'><strong>6.</strong></span> <span class='ocrx_word' id='word_1_359' title='bbox 1075 4305 1175 4353; x_wconf 87' lang='lat' dir='ltr'><strong>transiet</strong></span> <span class='ocrx_word' id='word_1_360' title='bbox 1201 4303 1295 4354; x_wconf 76' lang='lat' dir='ltr'><strong>sutus.</strong></span> <span class='ocrx_word' id='word_1_361' title='bbox 1314 4310 1361 4354; x_wconf 82' lang='lat' dir='ltr'><strong>tm</strong></span> <span class='ocrx_word' id='word_1_362' title='bbox 1380 4296 1511 4355; x_wconf 67' lang='lat' dir='ltr'><strong>Vuicae⁴</strong></span> 
     </span>
     <span class='ocr_line' id='line_1_38' title="bbox 313 4360 1511 4436; baseline 0.012 -30"><span class='ocrx_word' id='word_1_363' title='bbox 313 4360 425 4436; x_wconf 73' lang='lat' dir='ltr'><strong>transibit</strong></span> <span class='ocrx_word' id='word_1_364' title='bbox 443 4365 464 4409; x_wconf 79' lang='lat' dir='ltr'><strong>lu.</strong></span> <span class='ocrx_word' id='word_1_365' title='bbox 500 4367 586 4415; x_wconf 87' lang='lat' dir='ltr'><strong>transit</strong></span> <span class='ocrx_word' id='word_1_366' title='bbox 604 4381 623 4414; x_wconf 85' lang='lat' dir='ltr'><strong>c.</strong></span> <span class='ocrx_word' id='word_1_367' title='bbox 667 4366 1074 4426; x_wconf 69' lang='lat' dir='ltr'><strong>uin0.,·uecou.1o.ctemenus.</strong></span> <span class='ocrx_word' id='word_1_368' title='bbox 1120 4370 1143 4420; x_wconf 82' lang='grc'><strong>8.</strong></span> <span class='ocrx_word' id='word_1_369' title='bbox 1163 4371 1302 4432; x_wconf 86' lang='lat' dir='ltr'><strong>dirigendus</strong></span> <span class='ocrx_word' id='word_1_370' title='bbox 1322 4371 1346 4421; x_wconf 82' lang='grc'><strong>0.</strong></span> <span class='ocrx_word' id='word_1_371' title='bbox 1389 4371 1414 4422; x_wconf 80' lang='grc'><strong>9.</strong></span> <span class='ocrx_word' id='word_1_372' title='bbox 1432 4364 1511 4435; x_wconf 63' lang='lat' dir='ltr'><strong>pf</strong></span> 
     </span>
     <span class='ocr_line' id='line_1_39' title="bbox 314 4429 1507 4503; baseline 0.013 -31"><span class='ocrx_word' id='word_1_373' title='bbox 314 4434 429 4475; x_wconf 80' lang='lat' dir='ltr'><strong>nuntiarit</strong></span> <span class='ocrx_word' id='word_1_374' title='bbox 446 4429 472 4477; x_wconf 81' lang='lat' dir='ltr'><strong>B.</strong></span> <span class='ocrx_word' id='word_1_375' title='bbox 526 4430 564 4479; x_wconf 90' lang='grc'><strong>10.</strong></span> <span class='ocrx_word' id='word_1_376' title='bbox 584 4447 689 4493; x_wconf 87' lang='lat' dir='ltr'><strong>urguens</strong></span> <span class='ocrx_word' id='word_1_377' title='bbox 708 4449 736 4493; x_wconf 79' lang='lat' dir='ltr'><strong>c,</strong></span> <span class='ocrx_word' id='word_1_378' title='bbox 757 4436 785 4482; x_wconf 85' lang='lat' dir='ltr'><strong>de</strong></span> <span class='ocrx_word' id='word_1_379' title='bbox 803 4436 855 4483; x_wconf 84' lang='lat' dir='ltr'><strong>cod.</strong></span> <span class='ocrx_word' id='word_1_380' title='bbox 874 4436 1045 4486; x_wconf 70' lang='lat' dir='ltr'><strong>lodlemeutis.</strong></span> <span class='ocrx_word' id='word_1_381' title='bbox 1080 4453 1168 4499; x_wconf 86' lang='lat' dir='ltr'><strong>urgens</strong></span> <span class='ocrx_word' id='word_1_382' title='bbox 1186 4439 1279 4503; x_wconf 82' lang='lat' dir='ltr'><strong>reliqui.</strong></span> <span class='ocrx_word' id='word_1_383' title='bbox 1335 4438 1375 4487; x_wconf 86' lang='grc'><strong>11.</strong></span> <span class='ocrx_word' id='word_1_384' title='bbox 1394 4438 1507 4499; x_wconf 52' lang='lat' dir='ltr'><strong>disp!</strong></span> 
     </span>
     <span class='ocr_line' id='line_1_40' title="bbox 314 4494 1511 4565; baseline 0.013 -26"><span class='ocrx_word' id='word_1_385' title='bbox 314 4494 407 4554; x_wconf 84' lang='lat' dir='ltr'><strong>gendos</strong></span> <span class='ocrx_word' id='word_1_386' title='bbox 427 4495 449 4543; x_wconf 84' lang='lat' dir='ltr'><strong>C.</strong></span> <span class='ocrx_word' id='word_1_387' title='bbox 504 4495 543 4545; x_wconf 81' lang='lat'><strong>12.</strong></span> <span class='ocrx_word' id='word_1_388' title='bbox 568 4500 633 4562; x_wconf 88' lang='lat' dir='ltr'><strong>quod</strong></span> <span class='ocrx_word' id='word_1_389' title='bbox 659 4501 680 4548; x_wconf 89' lang='lat' dir='ltr'><strong>si</strong></span> <span class='ocrx_word' id='word_1_390' title='bbox 704 4501 748 4549; x_wconf 76' lang='lat' dir='ltr'><strong>tr.</strong></span> <span class='ocrx_word' id='word_1_391' title='bbox 809 4500 848 4550; x_wconf 83' lang='grc'><strong>13.</strong></span> <span class='ocrx_word' id='word_1_392' title='bbox 869 4504 994 4554; x_wconf 85' lang='lat' dir='ltr'><strong>collucarit</strong></span> <span class='ocrx_word' id='word_1_393' title='bbox 1018 4506 1131 4565; x_wconf 82' lang='lat' dir='ltr'><strong>latinius,</strong></span> <span class='ocrx_word' id='word_1_394' title='bbox 1152 4507 1288 4556; x_wconf 74' lang='lat' dir='ltr'><strong>Fnlunius.</strong></span> <span class='ocrx_word' id='word_1_395' title='bbox 1349 4505 1388 4555; x_wconf 77' lang='grc'><strong>11.</strong></span> <span class='ocrx_word' id='word_1_396' title='bbox 1414 4497 1511 4554; x_wconf 60' lang='lat' dir='ltr'><strong>und</strong></span> 
     </span>
    </p>
   </div>
   <div class='ocr_carea' id='block_1_4' title="bbox 314 4558 1511 4685">
    <p class='ocr_par' dir='ltr' id='par_1_4' title="bbox 314 4558 1511 4685">
     <span class='ocr_line' id='line_1_41' title="bbox 314 4558 1511 4638; baseline 0.012 -29"><span class='ocrx_word' id='word_1_397' title='bbox 314 4560 353 4609; x_wconf 72' lang='lat' dir='ltr'><strong>us</strong></span> <span class='ocrx_word' id='word_1_398' title='bbox 370 4562 416 4638; x_wconf 73' lang='grc' dir='ltr'><strong>1.ἰ</strong></span> <span class='ocrx_word' id='word_1_399' title='bbox 450 4561 488 4611; x_wconf 80' lang='lat' dir='ltr'><strong>us.</strong></span> <span class='ocrx_word' id='word_1_400' title='bbox 513 4565 591 4613; x_wconf 69' lang='lat' dir='ltr'><strong>uacuus</strong></span> <span class='ocrx_word' id='word_1_401' title='bbox 607 4568 751 4630; x_wconf 56' lang='lat' dir='ltr'><strong>numqua.</strong></span> <span class='ocrx_word' id='word_1_402' title='bbox 793 4569 882 4620; x_wconf 72' lang='lat' dir='ltr'><strong>ructum</strong></span> <span class='ocrx_word' id='word_1_403' title='bbox 903 4571 940 4621; x_wconf 76' lang='lat' dir='ltr'><strong>cu.</strong></span> <span class='ocrx_word' id='word_1_404' title='bbox 1002 4572 1202 4623; x_wconf 75' lang='lat' dir='ltr'><strong>uo.e10m.su.</strong></span> <span class='ocrx_word' id='word_1_405' title='bbox 1263 4573 1301 4622; x_wconf 87' lang='lat' dir='ltr'><strong>ru.</strong></span> <span class='ocrx_word' id='word_1_406' title='bbox 1327 4581 1365 4624; x_wconf 74' lang='lat' dir='ltr'><strong>esu</strong></span> <span class='ocrx_word' id='word_1_407' title='bbox 1388 4589 1431 4623; x_wconf 66' lang='lat' dir='ltr'><strong>us</strong></span> <span class='ocrx_word' id='word_1_408' title='bbox 1445 4558 1511 4622; x_wconf 61' lang='lat' dir='ltr'><strong><em>A</em></strong></span> 
     </span>
     <span class='ocr_line' id='line_1_42' title="bbox 315 4626 848 4685; baseline 0.021 -11"><span class='ocrx_word' id='word_1_409' title='bbox 315 4626 354 4676; x_wconf 81' lang='lat' dir='ltr'><strong>te.</strong></span> <span class='ocrx_word' id='word_1_410' title='bbox 374 4626 417 4676; x_wconf 90' lang='lat' dir='ltr'><strong>tllu</strong></span> <span class='ocrx_word' id='word_1_411' title='bbox 436 4628 473 4677; x_wconf 89' lang='lat' dir='ltr'><strong>dei</strong></span> <span class='ocrx_word' id='word_1_412' title='bbox 492 4644 573 4680; x_wconf 83' lang='lat' dir='ltr'><strong>rocem</strong></span> <span class='ocrx_word' id='word_1_413' title='bbox 592 4634 637 4683; x_wconf 81' lang='lat' dir='ltr'><strong>ta.</strong></span> <span class='ocrx_word' id='word_1_414' title='bbox 691 4634 730 4684; x_wconf 82' lang='grc'><strong>19.</strong></span> <span class='ocrx_word' id='word_1_415' title='bbox 749 4643 806 4685; x_wconf 87' lang='lat' dir='ltr'><strong>suut</strong></span> <span class='ocrx_word' id='word_1_416' title='bbox 823 4637 848 4684; x_wconf 81' lang='lat' dir='ltr'><strong>B.</strong></span> 
     </span>
    </p>
   </div>
   <div class='ocr_carea' id='block_1_5' title="bbox 314 4752 1511 4904">
    <p class='ocr_par' dir='ltr' id='par_1_5' title="bbox 314 4752 1511 4904">
     <span class='ocr_line' id='line_1_43' title="bbox 314 4752 1511 4845; baseline 0.014 -39"><span class='ocrx_word' id='word_1_417' title='bbox 314 4752 381 4837; x_wconf 55' lang='lat' dir='ltr'><strong>dilui</strong></span> <span class='ocrx_word' id='word_1_418' title='bbox 404 4753 514 4839; x_wconf 65' lang='lat' dir='ltr'><strong>(lp&#39;gem</strong></span> <span class='ocrx_word' id='word_1_419' title='bbox 546 4756 680 4844; x_wconf 57' lang='grc' dir='ltr'><strong>ειξσερείας</strong></span> <span class='ocrx_word' id='word_1_420' title='bbox 703 4759 873 4845; x_wconf 64' lang='grc' dir='ltr'><em>ὗπάρχρντα,</em></span> <span class='ocrx_word' id='word_1_421' title='bbox 926 4765 1032 4829; x_wconf 71' lang='grc' dir='ltr'><strong><em>ζωὴν.“</em></strong></span> <span class='ocrx_word' id='word_1_422' title='bbox 1061 4773 1085 4821; x_wconf 85' lang='lat' dir='ltr'><strong>v.</strong></span> <span class='ocrx_word' id='word_1_423' title='bbox 1104 4774 1230 4835; x_wconf 75' lang='lat' dir='ltr'><strong>Augustiu.</strong></span> <span class='ocrx_word' id='word_1_424' title='bbox 1251 4761 1511 4825; x_wconf 53' lang='grc' dir='ltr'><strong>1111111110(ιῦιι</strong></span> 
     </span>
     <span class='ocr_line' id='line_1_44' title="bbox 314 4839 1262 4904; baseline 0.018 -30"><span class='ocrx_word' id='word_1_425' title='bbox 314 4840 364 4886; x_wconf 73' lang='lat' dir='ltr'><strong>rur</strong></span> <span class='ocrx_word' id='word_1_426' title='bbox 398 4843 513 4877; x_wconf 79' lang='grc' dir='ltr'><em>αιωνιον</em></span> <span class='ocrx_word' id='word_1_427' title='bbox 544 4844 637 4885; x_wconf 72' lang='lat' dir='ltr'><strong>auteur</strong></span> <span class='ocrx_word' id='word_1_428' title='bbox 669 4846 875 4900; x_wconf 81' lang='grc' dir='ltr'><strong>πρυτανευοντα</strong></span> <span class='ocrx_word' id='word_1_429' title='bbox 927 4839 1262 4904; x_wconf 77' lang='lat' dir='ltr'><strong>Christ.cap.15.tlligalt.)</strong></span> 
     </span>
    </p>
   </div>
   <div class='ocr_carea' id='block_1_6' title="bbox 0 0 1626 5775">
    <p class='ocr_par' dir='ltr' id='par_1_6' title="bbox 0 0 1626 5775">
     <span class='ocr_line' id='line_1_45' title="bbox 0 0 1626 5775; baseline 0 0"><span class='ocrx_word' id='word_1_430' title='bbox 0 0 1626 5775; x_wconf 95' lang='lat' dir='ltr'><strong> </strong></span> 
     </span>
    </p>
   </div>
  </div>
 </body>
</html>
