<?xml version="1.0" encoding="UTF-8"?>
<!DOCTYPE html PUBLIC "-//W3C//DTD XHTML 1.0 Transitional//EN"
    "http://www.w3.org/TR/xhtml1/DTD/xhtml1-transitional.dtd">
<html xmlns="http://www.w3.org/1999/xhtml" xml:lang="en" lang="en">
 <head>
  <title>
</title>
<meta http-equiv="Content-Type" content="text/html;charset=utf-8" />
  <meta name='ocr-system' content='tesseract 3.04.00' />
  <meta name='ocr-capabilities' content='ocr_page ocr_carea ocr_par ocr_line ocrx_word'/>
</head>
<body>
  <div class='ocr_page' id='page_1' title='image "./quaesupersuntom00oehlgoog_0846.png"; bbox 0 0 3242 5775; ppageno 0'>
   <div class='ocr_carea' id='block_1_1' title="bbox 219 631 978 724">
    <p class='ocr_par' dir='ltr' id='par_1_1' title="bbox 219 631 978 724">
     <span class='ocr_line' id='line_1_1' title="bbox 219 631 978 724; baseline -0.004 -34"><span class='ocrx_word' id='word_1_1' title='bbox 219 631 281 700; x_wconf 72' lang='lat' dir='ltr'>m</span> <span class='ocrx_word' id='word_1_2' title='bbox 696 644 816 690; x_wconf 80' lang='lat' dir='ltr'>incunt</span> <span class='ocrx_word' id='word_1_3' title='bbox 836 643 978 724; x_wconf 65' lang='lat' dir='ltr'>iucroms</span> 
     </span>
    </p>
   </div>
   <div class='ocr_carea' id='block_1_2' title="bbox 176 793 1529 4692">
    <p class='ocr_par' dir='ltr' id='par_1_2' title="bbox 176 793 1529 4692">
     <span class='ocr_line' id='line_1_2' title="bbox 177 793 1465 869; baseline -0.009 -14"><span class='ocrx_word' id='word_1_4' title='bbox 177 801 307 869; x_wconf 72' lang='lat' dir='ltr'>:inspiritu</span> <span class='ocrx_word' id='word_1_5' title='bbox 323 801 379 854; x_wconf 82' lang='lat' dir='ltr'>ints.</span> <span class='ocrx_word' id='word_1_6' title='bbox 408 801 491 851; x_wconf 80' lang='lat' dir='ltr'>Petunt</span> <span class='ocrx_word' id='word_1_7' title='bbox 508 799 607 850; x_wconf 80' lang='lat' dir='ltr'>hebetes</span> <span class='ocrx_word' id='word_1_8' title='bbox 617 797 730 850; x_wconf 79' lang='lat' dir='ltr'>animalia</span> <span class='ocrx_word' id='word_1_9' title='bbox 745 797 823 860; x_wconf 71' lang='lat' dir='ltr'>digua.</span> <span class='ocrx_word' id='word_1_10' title='bbox 851 796 971 858; x_wconf 69' lang='lat' dir='ltr'>Sanguine</span> <span class='ocrx_word' id='word_1_11' title='bbox 987 795 1111 858; x_wconf 71' lang='lat' dir='ltr'>signentur</span> <span class='ocrx_word' id='word_1_12' title='bbox 1127 799 1212 858; x_wconf 89' lang='lat' dir='ltr'>postes</span> <span class='ocrx_word' id='word_1_13' title='bbox 1232 800 1265 844; x_wconf 90' lang='lat' dir='ltr'>et</span> <span class='ocrx_word' id='word_1_14' title='bbox 1275 793 1368 846; x_wconf 85' lang='lat' dir='ltr'>limina</span> <span class='ocrx_word' id='word_1_15' title='bbox 1384 794 1465 859; x_wconf 82' lang='lat' dir='ltr'>mults,</span> 
     </span>
     <span class='ocr_line' id='line_1_3' title="bbox 251 865 1473 952; baseline -0.007 -13"><span class='ocrx_word' id='word_1_16' title='bbox 251 889 299 940; x_wconf 89' lang='lat' dir='ltr'>Sed</span> <span class='ocrx_word' id='word_1_17' title='bbox 315 901 365 952; x_wconf 84' lang='lat' dir='ltr'>ros,</span> <span class='ocrx_word' id='word_1_18' title='bbox 382 886 424 951; x_wconf 87' lang='lat' dir='ltr'>qui</span> <span class='ocrx_word' id='word_1_19' title='bbox 442 865 547 935; x_wconf 80' lang='lat' dir='ltr'>nondum</span> <span class='ocrx_word' id='word_1_20' title='bbox 564 884 667 949; x_wconf 88' lang='lat' dir='ltr'>penitus,</span> <span class='ocrx_word' id='word_1_21' title='bbox 696 882 757 933; x_wconf 90' lang='lat' dir='ltr'>duce</span> <span class='ocrx_word' id='word_1_22' title='bbox 780 898 824 932; x_wconf 91' lang='lat' dir='ltr'>nu·</span> <span class='ocrx_word' id='word_1_23' title='bbox 851 882 955 931; x_wconf 83' lang='lat' dir='ltr'>immune</span> <span class='ocrx_word' id='word_1_24' title='bbox 971 879 1092 941; x_wconf 78' lang='lat' dir='ltr'>auxilium,</span> <span class='ocrx_word' id='word_1_25' title='bbox 1111 892 1169 941; x_wconf 75' lang='lat' dir='ltr'>curo</span> <span class='ocrx_word' id='word_1_26' title='bbox 1186 879 1262 929; x_wconf 87' lang='lat' dir='ltr'>testie</span> <span class='ocrx_word' id='word_1_27' title='bbox 1280 880 1398 930; x_wconf 86' lang='lat' dir='ltr'>creditur</span> <span class='ocrx_word' id='word_1_28' title='bbox 1414 894 1473 930; x_wconf 78' lang='lat' dir='ltr'>esea</span> 
     </span>
     <span class='ocr_line' id='line_1_4' title="bbox 389 964 1455 1030; baseline -0.005 -10"><span class='ocrx_word' id='word_1_29' title='bbox 389 971 392 978; x_wconf 88' lang='lat'>&#39;</span> <span class='ocrx_word' id='word_1_30' title='bbox 425 999 428 1008; x_wconf 87' lang='lat'>·</span> <span class='ocrx_word' id='word_1_31' title='bbox 519 970 583 1021; x_wconf 89' lang='lat' dir='ltr'>mine</span> <span class='ocrx_word' id='word_1_32' title='bbox 600 968 661 1018; x_wconf 81' lang='lat' dir='ltr'>talen</span> <span class='ocrx_word' id='word_1_33' title='bbox 851 967 918 1016; x_wconf 79' lang='lat' dir='ltr'>tecue</span> <span class='ocrx_word' id='word_1_34' title='bbox 936 972 1097 1028; x_wconf 71' lang='lat' dir='ltr'>transgressus</span> <span class='ocrx_word' id='word_1_35' title='bbox 1115 964 1203 1014; x_wconf 87' lang='lat' dir='ltr'>lordau</span> <span class='ocrx_word' id='word_1_36' title='bbox 1222 970 1347 1029; x_wconf 82' lang='lat' dir='ltr'>terreque</span> <span class='ocrx_word' id='word_1_37' title='bbox 1365 966 1455 1030; x_wconf 84' lang='lat' dir='ltr'>potitus</span> 
     </span>
     <span class='ocr_line' id='line_1_5' title="bbox 218 1048 1503 1122; baseline -0.007 -14"><span class='ocrx_word' id='word_1_38' title='bbox 218 1050 824 1122; x_wconf 76' lang='lat' dir='ltr'>identeipsareprubipenetrastisadintimantortis,</span> <span class='ocrx_word' id='word_1_39' title='bbox 852 1051 912 1114; x_wconf 71' lang='lat' dir='ltr'>Lege</span> <span class='ocrx_word' id='word_1_40' title='bbox 931 1051 996 1102; x_wconf 80' lang='lat' dir='ltr'>dedit</span> <span class='ocrx_word' id='word_1_41' title='bbox 1012 1050 1134 1114; x_wconf 79' lang='lat' dir='ltr'>pascuam,</span> <span class='ocrx_word' id='word_1_42' title='bbox 1151 1048 1359 1114; x_wconf 67' lang='lat' dir='ltr'>putemurque</span> <span class='ocrx_word' id='word_1_43' title='bbox 1372 1050 1503 1108; x_wconf 73' lang='lat' dir='ltr'>immotusn</span> 
     </span>
     <span class='ocr_line' id='line_1_6' title="bbox 219 1140 1254 1201; baseline -0.008 -8"><span class='ocrx_word' id='word_1_44' title='bbox 219 1141 308 1193; x_wconf 79' lang='lat' dir='ltr'>tiiseite</span> <span class='ocrx_word' id='word_1_45' title='bbox 325 1140 356 1193; x_wconf 92' lang='lat' dir='ltr'>de</span> <span class='ocrx_word' id='word_1_46' title='bbox 372 1141 438 1191; x_wconf 88' lang='lat' dir='ltr'>tonte</span> <span class='ocrx_word' id='word_1_47' title='bbox 454 1140 549 1191; x_wconf 86' lang='lat' dir='ltr'>durium</span> <span class='ocrx_word' id='word_1_48' title='bbox 571 1152 668 1189; x_wconf 76' lang='lat' dir='ltr'>manue</span> <span class='ocrx_word' id='word_1_49' title='bbox 685 1149 824 1201; x_wconf 80' lang='lat' dir='ltr'>perennem,</span> <span class='ocrx_word' id='word_1_50' title='bbox 1155 1148 1254 1198; x_wconf 78' lang='lat' dir='ltr'>equum.</span> 
     </span>
     <span class='ocr_line' id='line_1_7' title="bbox 220 1220 1474 1289; baseline -0.006 -12"><span class='ocrx_word' id='word_1_51' title='bbox 220 1227 266 1286; x_wconf 79' lang='lat' dir='ltr'>oui</span> <span class='ocrx_word' id='word_1_52' title='bbox 283 1226 357 1277; x_wconf 88' lang='lat' dir='ltr'>nutrit</span> <span class='ocrx_word' id='word_1_53' title='bbox 373 1225 460 1289; x_wconf 74' lang='lat' dir='ltr'>iignum</span> <span class='ocrx_word' id='word_1_54' title='bbox 478 1225 525 1287; x_wconf 84' lang='lat' dir='ltr'>(bis</span> <span class='ocrx_word' id='word_1_55' title='bbox 543 1225 595 1274; x_wconf 93' lang='lat' dir='ltr'>seui</span> <span class='ocrx_word' id='word_1_56' title='bbox 612 1223 688 1286; x_wconf 65' lang='lat' dir='ltr'>mutia</span> <span class='ocrx_word' id='word_1_57' title='bbox 699 1220 809 1283; x_wconf 76' lang='lat' dir='ltr'>intutus),</span> <span class='ocrx_word' id='word_1_58' title='bbox 851 1220 881 1271; x_wconf 80' lang='lat' dir='ltr'>Et</span> <span class='ocrx_word' id='word_1_59' title='bbox 894 1220 981 1285; x_wconf 85' lang='lat' dir='ltr'>reliqui</span> <span class='ocrx_word' id='word_1_60' title='bbox 995 1220 1074 1283; x_wconf 75' lang='lat' dir='ltr'>nraqni</span> <span class='ocrx_word' id='word_1_61' title='bbox 1090 1233 1160 1283; x_wconf 67' lang='lat' dir='ltr'>reges</span> <span class='ocrx_word' id='word_1_62' title='bbox 1177 1220 1315 1283; x_wconf 75' lang='lat' dir='ltr'>sanctique</span> <span class='ocrx_word' id='word_1_63' title='bbox 1335 1221 1474 1285; x_wconf 74' lang='lat' dir='ltr'>prophetae,</span> 
     </span>
     <span class='ocr_line' id='line_1_8' title="bbox 176 1305 1420 1374; baseline -0.007 -11"><span class='ocrx_word' id='word_1_64' title='bbox 176 1311 272 1369; x_wconf 76' lang='lat' dir='ltr'>untur</span> <span class='ocrx_word' id='word_1_65' title='bbox 282 1318 306 1362; x_wconf 92' lang='lat' dir='ltr'>et</span> <span class='ocrx_word' id='word_1_66' title='bbox 318 1311 438 1362; x_wconf 88' lang='lat' dir='ltr'>interram</span> <span class='ocrx_word' id='word_1_67' title='bbox 449 1318 579 1374; x_wconf 79' lang='lat' dir='ltr'>ventosque</span> <span class='ocrx_word' id='word_1_68' title='bbox 590 1309 614 1359; x_wconf 93' lang='lat' dir='ltr'>iu</span> <span class='ocrx_word' id='word_1_69' title='bbox 629 1314 741 1372; x_wconf 87' lang='lat' dir='ltr'>quattuor</span> <span class='ocrx_word' id='word_1_70' title='bbox 751 1305 824 1365; x_wconf 88' lang='lat' dir='ltr'>urhis,</span> <span class='ocrx_word' id='word_1_71' title='bbox 851 1307 903 1356; x_wconf 83' lang='lat' dir='ltr'>Nou</span> <span class='ocrx_word' id='word_1_72' title='bbox 921 1306 1057 1368; x_wconf 72' lang='lat' dir='ltr'>ignorantes</span> <span class='ocrx_word' id='word_1_73' title='bbox 1075 1311 1155 1355; x_wconf 88' lang='lat' dir='ltr'>certae</span> <span class='ocrx_word' id='word_1_74' title='bbox 1173 1306 1302 1368; x_wconf 81' lang='lat' dir='ltr'>promissa</span> <span class='ocrx_word' id='word_1_75' title='bbox 1320 1305 1420 1368; x_wconf 68' lang='lat' dir='ltr'>edatis,</span> 
     </span>
     <span class='ocr_line' id='line_1_9' title="bbox 218 1389 1529 1460; baseline -0.005 -12"><span class='ocrx_word' id='word_1_76' title='bbox 218 1398 263 1448; x_wconf 80' lang='lat' dir='ltr'>Tot</span> <span class='ocrx_word' id='word_1_77' title='bbox 280 1395 331 1447; x_wconf 86' lang='lat' dir='ltr'>uuit</span> <span class='ocrx_word' id='word_1_78' title='bbox 341 1396 366 1446; x_wconf 91' lang='lat' dir='ltr'>iu</span> <span class='ocrx_word' id='word_1_79' title='bbox 378 1403 458 1460; x_wconf 82' lang='lat' dir='ltr'>partes</span> <span class='ocrx_word' id='word_1_80' title='bbox 472 1395 544 1446; x_wconf 84' lang='lat' dir='ltr'>iontis</span> <span class='ocrx_word' id='word_1_81' title='bbox 557 1394 624 1444; x_wconf 86' lang='lat' dir='ltr'>cloor</span> <span class='ocrx_word' id='word_1_82' title='bbox 637 1399 661 1442; x_wconf 92' lang='lat' dir='ltr'>et</span> <span class='ocrx_word' id='word_1_83' title='bbox 670 1405 743 1455; x_wconf 83' lang='lat' dir='ltr'>sapor</span> <span class='ocrx_word' id='word_1_84' title='bbox 754 1404 824 1440; x_wconf 87' lang='lat' dir='ltr'>uuus.</span> <span class='ocrx_word' id='word_1_85' title='bbox 852 1391 1029 1454; x_wconf 74' lang='lat' dir='ltr'>ingentemque,</span> <span class='ocrx_word' id='word_1_86' title='bbox 1039 1397 1103 1440; x_wconf 88' lang='lat' dir='ltr'>ruetu</span> <span class='ocrx_word' id='word_1_87' title='bbox 1117 1389 1181 1453; x_wconf 86' lang='lat' dir='ltr'>pieni</span> <span class='ocrx_word' id='word_1_88' title='bbox 1192 1390 1381 1441; x_wconf 83' lang='lat' dir='ltr'>transceudere</span> <span class='ocrx_word' id='word_1_89' title='bbox 1395 1391 1472 1454; x_wconf 71' lang='lat' dir='ltr'>tepeo,</span> <span class='ocrx_word' id='word_1_90' title='bbox 1528 1399 1529 1422; x_wconf 64' lang='lat' dir='ltr'>t</span> 
     </span>
     <span class='ocr_line' id='line_1_10' title="bbox 219 1473 1461 1546; baseline -0.006 -13"><span class='ocrx_word' id='word_1_91' title='bbox 219 1482 260 1533; x_wconf 88' lang='lat' dir='ltr'>Sic</span> <span class='ocrx_word' id='word_1_92' title='bbox 277 1489 301 1532; x_wconf 90' lang='lat' dir='ltr'>et</span> <span class='ocrx_word' id='word_1_93' title='bbox 317 1480 450 1546; x_wconf 82' lang='lat' dir='ltr'>apostolico</span> <span class='ocrx_word' id='word_1_94' title='bbox 468 1480 573 1529; x_wconf 75' lang='lat' dir='ltr'>decurrit</span> <span class='ocrx_word' id='word_1_95' title='bbox 589 1476 691 1528; x_wconf 80' lang='lat' dir='ltr'>ecclesia</span> <span class='ocrx_word' id='word_1_96' title='bbox 705 1476 784 1538; x_wconf 82' lang='lat' dir='ltr'>serbo,</span> <span class='ocrx_word' id='word_1_97' title='bbox 852 1477 978 1526; x_wconf 79' lang='lat' dir='ltr'>Venturam</span> <span class='ocrx_word' id='word_1_98' title='bbox 995 1488 1103 1525; x_wconf 88' lang='lat' dir='ltr'>summae</span> <span class='ocrx_word' id='word_1_99' title='bbox 1119 1473 1214 1523; x_wconf 73' lang='lat' dir='ltr'>vinctis</span> <span class='ocrx_word' id='word_1_100' title='bbox 1232 1475 1347 1536; x_wconf 62' lang='lat' dir='ltr'>imagine</span> <span class='ocrx_word' id='word_1_101' title='bbox 1365 1477 1461 1540; x_wconf 85' lang='lat' dir='ltr'>motem,</span> 
     </span>
     <span class='ocr_line' id='line_1_11' title="bbox 218 1556 1500 1629; baseline -0.004 -12"><span class='ocrx_word' id='word_1_102' title='bbox 218 1567 251 1617; x_wconf 80' lang='lat' dir='ltr'>Es</span> <span class='ocrx_word' id='word_1_103' title='bbox 267 1573 335 1616; x_wconf 87' lang='lat' dir='ltr'>uteru</span> <span class='ocrx_word' id='word_1_104' title='bbox 353 1564 442 1616; x_wconf 75' lang='lat' dir='ltr'>curisti</span> <span class='ocrx_word' id='word_1_105' title='bbox 458 1564 532 1629; x_wconf 83' lang='lat' dir='ltr'>patris</span> <span class='ocrx_word' id='word_1_106' title='bbox 549 1563 628 1612; x_wconf 87' lang='lat' dir='ltr'>omnis</span> <span class='ocrx_word' id='word_1_107' title='bbox 644 1561 718 1625; x_wconf 71' lang='lat' dir='ltr'>glorie</span> <span class='ocrx_word' id='word_1_108' title='bbox 735 1560 815 1625; x_wconf 83' lang='lat' dir='ltr'>piena,</span> <span class='ocrx_word' id='word_1_109' title='bbox 852 1561 986 1625; x_wconf 79' lang='lat' dir='ltr'>tnspecteru</span> <span class='ocrx_word' id='word_1_110' title='bbox 1003 1576 1017 1611; x_wconf 92' lang='lat' dir='ltr'>e</span> <span class='ocrx_word' id='word_1_111' title='bbox 1035 1557 1133 1625; x_wconf 84' lang='lat' dir='ltr'>speculo</span> <span class='ocrx_word' id='word_1_112' title='bbox 1151 1556 1314 1610; x_wconf 84' lang='lat' dir='ltr'>celebrsruut</span> <span class='ocrx_word' id='word_1_113' title='bbox 1332 1562 1422 1612; x_wconf 89' lang='lat' dir='ltr'>ordine</span> <span class='ocrx_word' id='word_1_114' title='bbox 1438 1567 1500 1627; x_wconf 70' lang='lat' dir='ltr'>peti</span> 
     </span>
     <span class='ocr_line' id='line_1_12' title="bbox 219 1632 1529 1703; baseline -0.008 0"><span class='ocrx_word' id='word_1_115' title='bbox 219 1651 321 1703; x_wconf 80' lang='lat' dir='ltr'>Sordida</span> <span class='ocrx_word' id='word_1_116' title='bbox 338 1650 428 1701; x_wconf 80' lang='lat' dir='ltr'>diluere</span> <span class='ocrx_word' id='word_1_117' title='bbox 446 1656 471 1700; x_wconf 90' lang='lat' dir='ltr'>et</span> <span class='ocrx_word' id='word_1_118' title='bbox 487 1649 535 1699; x_wconf 72' lang='lat' dir='ltr'>itta</span> <span class='ocrx_word' id='word_1_119' title='bbox 552 1655 646 1698; x_wconf 83' lang='lat' dir='ltr'>mortua</span> <span class='ocrx_word' id='word_1_120' title='bbox 662 1645 785 1695; x_wconf 78' lang='lat' dir='ltr'>vivificare.</span> <span class='ocrx_word' id='word_1_121' title='bbox 1156 1646 1253 1695; x_wconf 78' lang='lat' dir='ltr'>sciam.</span> <span class='ocrx_word' id='word_1_122' title='bbox 1528 1632 1529 1639; x_wconf 36' lang='lat'>¹</span> 
     </span>
     <span class='ocr_line' id='line_1_13' title="bbox 177 1731 1474 1798; baseline -0.007 -6"><span class='ocrx_word' id='word_1_123' title='bbox 177 1743 209 1792; x_wconf 78' lang='lat' dir='ltr'>tn</span> <span class='ocrx_word' id='word_1_124' title='bbox 219 1731 825 1797; x_wconf 74' lang='lat' dir='ltr'>Quattanrinuumerodidusumiugentibusuuum,</span> <span class='ocrx_word' id='word_1_125' title='bbox 852 1735 969 1798; x_wconf 79' lang='lat' dir='ltr'>lienique,</span> <span class='ocrx_word' id='word_1_126' title='bbox 986 1734 1006 1784; x_wconf 88' lang='lat' dir='ltr'>si</span> <span class='ocrx_word' id='word_1_127' title='bbox 1019 1733 1089 1783; x_wconf 87' lang='lat' dir='ltr'>ceteri</span> <span class='ocrx_word' id='word_1_128' title='bbox 1105 1732 1238 1796; x_wconf 87' lang='lat' dir='ltr'>primordia</span> <span class='ocrx_word' id='word_1_129' title='bbox 1252 1741 1345 1783; x_wconf 89' lang='lat' dir='ltr'>mente</span> <span class='ocrx_word' id='word_1_130' title='bbox 1361 1746 1474 1795; x_wconf 70' lang='lat' dir='ltr'>recursu,</span> 
     </span>
     <span class='ocr_line' id='line_1_14' title="bbox 217 1815 1444 1885; baseline -0.002 -13"><span class='ocrx_word' id='word_1_131' title='bbox 217 1821 345 1885; x_wconf 63' lang='lat' dir='ltr'>Rectaque</span> <span class='ocrx_word' id='word_1_132' title='bbox 361 1819 410 1870; x_wconf 86' lang='lat' dir='ltr'>dds</span> <span class='ocrx_word' id='word_1_133' title='bbox 426 1825 573 1882; x_wconf 87' lang='lat' dir='ltr'>susceptum,</span> <span class='ocrx_word' id='word_1_134' title='bbox 595 1815 680 1867; x_wconf 88' lang='lat' dir='ltr'>doctor</span> <span class='ocrx_word' id='word_1_135' title='bbox 696 1817 792 1879; x_wconf 84' lang='lat' dir='ltr'>opimus</span> <span class='ocrx_word' id='word_1_136' title='bbox 851 1819 959 1870; x_wconf 87' lang='lat' dir='ltr'>Iureuies</span> <span class='ocrx_word' id='word_1_137' title='bbox 976 1818 1072 1869; x_wconf 73' lang='lat' dir='ltr'>turno</span> <span class='ocrx_word' id='word_1_138' title='bbox 1088 1817 1168 1880; x_wconf 89' lang='lat' dir='ltr'>nimis,</span> <span class='ocrx_word' id='word_1_139' title='bbox 1186 1824 1245 1881; x_wconf 87' lang='lat' dir='ltr'>post</span> <span class='ocrx_word' id='word_1_140' title='bbox 1263 1820 1349 1883; x_wconf 86' lang='lat' dir='ltr'>impia</span> <span class='ocrx_word' id='word_1_141' title='bbox 1366 1820 1444 1869; x_wconf 77' lang='lat' dir='ltr'>reuda</span> 
     </span>
     <span class='ocr_line' id='line_1_15' title="bbox 216 1901 1471 1968; baseline -0.002 -11"><span class='ocrx_word' id='word_1_142' title='bbox 216 1905 298 1957; x_wconf 73' lang='lat' dir='ltr'>Tendit</span> <span class='ocrx_word' id='word_1_143' title='bbox 313 1902 558 1968; x_wconf 66' lang='lat' dir='ltr'>munientium</span> <span class='ocrx_word' id='word_1_144' title='bbox 574 1902 629 1952; x_wconf 79' lang='lat' dir='ltr'>tine</span> <span class='ocrx_word' id='word_1_145' title='bbox 645 1901 744 1951; x_wconf 74' lang='lat' dir='ltr'>crimine</span> <span class='ocrx_word' id='word_1_146' title='bbox 755 1913 826 1950; x_wconf 80' lang='lat' dir='ltr'>mun·</span> <span class='ocrx_word' id='word_1_147' title='bbox 853 1904 978 1967; x_wconf 83' lang='lat' dir='ltr'>Credulus,</span> <span class='ocrx_word' id='word_1_148' title='bbox 997 1905 1052 1967; x_wconf 85' lang='lat' dir='ltr'>heu,</span> <span class='ocrx_word' id='word_1_149' title='bbox 1069 1903 1139 1953; x_wconf 82' lang='lat' dir='ltr'>tacite</span> <span class='ocrx_word' id='word_1_150' title='bbox 1154 1902 1263 1953; x_wconf 80' lang='lat' dir='ltr'>nudatus</span> <span class='ocrx_word' id='word_1_151' title='bbox 1288 1904 1403 1965; x_wconf 73' lang='lat' dir='ltr'>tegmine</span> <span class='ocrx_word' id='word_1_152' title='bbox 1419 1905 1471 1954; x_wconf 81' lang='lat' dir='ltr'>ritae</span> 
     </span>
     <span class='ocr_line' id='line_1_16' title="bbox 522 1986 1471 2053; baseline 0.005 -17"><span class='ocrx_word' id='word_1_153' title='bbox 522 1986 587 2049; x_wconf 70' lang='lat' dir='ltr'>duuu</span> <span class='ocrx_word' id='word_1_154' title='bbox 852 1989 955 2040; x_wconf 78' lang='lat' dir='ltr'>Pellibus</span> <span class='ocrx_word' id='word_1_155' title='bbox 965 1996 1115 2051; x_wconf 72' lang='lat' dir='ltr'>utteqeretur</span> <span class='ocrx_word' id='word_1_156' title='bbox 1126 1989 1206 2051; x_wconf 84' lang='lat' dir='ltr'>homo,</span> <span class='ocrx_word' id='word_1_157' title='bbox 1217 1991 1471 2053; x_wconf 71' lang='lat' dir='ltr'>suspendituraquu.</span> 
     </span>
     <span class='ocr_line' id='line_1_17' title="bbox 217 2070 1499 2139; baseline -0.002 -13"><span class='ocrx_word' id='word_1_158' title='bbox 217 2074 302 2139; x_wconf 75' lang='lat' dir='ltr'>dique</span> <span class='ocrx_word' id='word_1_159' title='bbox 313 2072 490 2124; x_wconf 67' lang='lat' dir='ltr'>bocetffluas</span> <span class='ocrx_word' id='word_1_160' title='bbox 501 2072 574 2122; x_wconf 78' lang='lat' dir='ltr'>uetuit</span> <span class='ocrx_word' id='word_1_161' title='bbox 586 2070 711 2122; x_wconf 88' lang='lat' dir='ltr'>discedere</span> <span class='ocrx_word' id='word_1_162' title='bbox 719 2076 825 2132; x_wconf 73' lang='lat' dir='ltr'>sauuos,</span> <span class='ocrx_word' id='word_1_163' title='bbox 851 2076 899 2124; x_wconf 76' lang='lat' dir='ltr'>tut</span> <span class='ocrx_word' id='word_1_164' title='bbox 914 2081 1013 2138; x_wconf 89' lang='lat' dir='ltr'>peccata</span> <span class='ocrx_word' id='word_1_165' title='bbox 1028 2081 1105 2135; x_wconf 84' lang='lat' dir='ltr'>necat,</span> <span class='ocrx_word' id='word_1_166' title='bbox 1122 2080 1163 2123; x_wconf 89' lang='lat' dir='ltr'>aut</span> <span class='ocrx_word' id='word_1_167' title='bbox 1171 2075 1295 2136; x_wconf 79' lang='lat' dir='ltr'>sanguine</span> <span class='ocrx_word' id='word_1_168' title='bbox 1307 2075 1399 2125; x_wconf 82' lang='lat' dir='ltr'>iuuere</span> <span class='ocrx_word' id='word_1_169' title='bbox 1407 2074 1499 2134; x_wconf 68' lang='lat' dir='ltr'>deleuit</span> 
     </span>
     <span class='ocr_line' id='line_1_18' title="bbox 186 2156 1469 2228; baseline 0.001 -19"><span class='ocrx_word' id='word_1_170' title='bbox 186 2213 190 2228; x_wconf 47' lang='grc' dir='ltr'>Ι</span> <span class='ocrx_word' id='word_1_171' title='bbox 219 2159 287 2220; x_wconf 71' lang='lat' dir='ltr'>oque</span> <span class='ocrx_word' id='word_1_172' title='bbox 303 2157 357 2209; x_wconf 77' lang='lat' dir='ltr'>initi</span> <span class='ocrx_word' id='word_1_173' title='bbox 373 2158 458 2208; x_wconf 83' lang='lat' dir='ltr'>iratres</span> <span class='ocrx_word' id='word_1_174' title='bbox 476 2171 503 2208; x_wconf 85' lang='lat' dir='ltr'>se</span> <span class='ocrx_word' id='word_1_175' title='bbox 520 2156 692 2207; x_wconf 76' lang='lat' dir='ltr'>circumcidere</span> <span class='ocrx_word' id='word_1_176' title='bbox 710 2167 795 2205; x_wconf 81' lang='lat' dir='ltr'>suasos</span> <span class='ocrx_word' id='word_1_177' title='bbox 852 2157 1469 2223; x_wconf 71' lang='lat' dir='ltr'>Autcoperitnudos‚iouctautsuovetiererutuss:</span> 
     </span>
     <span class='ocr_line' id='line_1_19' title="bbox 178 2238 1469 2311; baseline 0.003 -18"><span class='ocrx_word' id='word_1_178' title='bbox 178 2247 296 2310; x_wconf 78' lang='lat' dir='ltr'>50tttque</span> <span class='ocrx_word' id='word_1_179' title='bbox 312 2242 431 2294; x_wconf 82' lang='lat' dir='ltr'>elementa</span> <span class='ocrx_word' id='word_1_180' title='bbox 447 2242 525 2306; x_wconf 89' lang='lat' dir='ltr'>sequi,</span> <span class='ocrx_word' id='word_1_181' title='bbox 543 2255 602 2292; x_wconf 80' lang='lat' dir='ltr'>nora</span> <span class='ocrx_word' id='word_1_182' title='bbox 613 2241 722 2291; x_wconf 84' lang='lat' dir='ltr'>libertate</span> <span class='ocrx_word' id='word_1_183' title='bbox 733 2238 825 2300; x_wconf 85' lang='lat' dir='ltr'>relicta,</span> <span class='ocrx_word' id='word_1_184' title='bbox 853 2244 912 2294; x_wconf 77' lang='lat' dir='ltr'>tium</span> <span class='ocrx_word' id='word_1_185' title='bbox 931 2245 1024 2308; x_wconf 82' lang='lat' dir='ltr'>pecoris</span> <span class='ocrx_word' id='word_1_186' title='bbox 1034 2244 1129 2304; x_wconf 77' lang='lat' dir='ltr'>sanguis</span> <span class='ocrx_word' id='word_1_187' title='bbox 1139 2244 1244 2293; x_wconf 80' lang='lat' dir='ltr'>humano</span> <span class='ocrx_word' id='word_1_188' title='bbox 1254 2247 1383 2307; x_wconf 78' lang='lat' dir='ltr'>sunguine</span> <span class='ocrx_word' id='word_1_189' title='bbox 1394 2247 1469 2311; x_wconf 78' lang='lat' dir='ltr'>pluris.</span> 
     </span>
     <span class='ocr_line' id='line_1_20' title="bbox 219 2325 1393 2402; baseline 0.002 -22"><span class='ocrx_word' id='word_1_190' title='bbox 219 2329 306 2402; x_wconf 65' lang='lat' dir='ltr'>umbus</span> <span class='ocrx_word' id='word_1_191' title='bbox 322 2326 456 2378; x_wconf 84' lang='lat' dir='ltr'>tatarorum</span> <span class='ocrx_word' id='word_1_192' title='bbox 473 2326 545 2377; x_wconf 86' lang='lat' dir='ltr'>reteri</span> <span class='ocrx_word' id='word_1_193' title='bbox 562 2326 650 2376; x_wconf 78' lang='lat' dir='ltr'>servire</span> <span class='ocrx_word' id='word_1_194' title='bbox 667 2325 793 2375; x_wconf 83' lang='lat' dir='ltr'>docebant</span> <span class='ocrx_word' id='word_1_195' title='bbox 852 2328 883 2378; x_wconf 85' lang='lat' dir='ltr'>Ut</span> <span class='ocrx_word' id='word_1_196' title='bbox 898 2342 943 2393; x_wconf 92' lang='lat' dir='ltr'>pro</span> <span class='ocrx_word' id='word_1_197' title='bbox 960 2328 1066 2392; x_wconf 86' lang='lat' dir='ltr'>peccatis</span> <span class='ocrx_word' id='word_1_198' title='bbox 1083 2328 1178 2377; x_wconf 83' lang='lat' dir='ltr'>obtutus</span> <span class='ocrx_word' id='word_1_199' title='bbox 1195 2328 1300 2379; x_wconf 87' lang='lat' dir='ltr'>dirimat</span> <span class='ocrx_word' id='word_1_200' title='bbox 1320 2332 1393 2395; x_wconf 67' lang='lat' dir='ltr'>iram</span> 
     </span>
     <span class='ocr_line' id='line_1_21' title="bbox 218 2408 1435 2479; baseline 0.002 -15"><span class='ocrx_word' id='word_1_201' title='bbox 218 2414 267 2464; x_wconf 81' lang='lat' dir='ltr'>ides</span> <span class='ocrx_word' id='word_1_202' title='bbox 279 2412 361 2464; x_wconf 77' lang='lat' dir='ltr'>inbuit</span> <span class='ocrx_word' id='word_1_203' title='bbox 372 2412 461 2464; x_wconf 79' lang='lat' dir='ltr'>Galatis</span> <span class='ocrx_word' id='word_1_204' title='bbox 471 2425 557 2462; x_wconf 80' lang='lat' dir='ltr'>causas</span> <span class='ocrx_word' id='word_1_205' title='bbox 568 2410 721 2461; x_wconf 88' lang='lat' dir='ltr'>conscribere</span> <span class='ocrx_word' id='word_1_206' title='bbox 731 2408 825 2466; x_wconf 78' lang='lat' dir='ltr'>Paulus,</span> <span class='ocrx_word' id='word_1_207' title='bbox 851 2415 898 2462; x_wconf 76' lang='lat' dir='ltr'>Aut</span> <span class='ocrx_word' id='word_1_208' title='bbox 915 2412 1003 2462; x_wconf 76' lang='lat' dir='ltr'>inuitae</span> <span class='ocrx_word' id='word_1_209' title='bbox 1020 2413 1096 2475; x_wconf 86' lang='lat' dir='ltr'>piebis</span> <span class='ocrx_word' id='word_1_210' title='bbox 1113 2412 1183 2461; x_wconf 74' lang='lat' dir='ltr'>vetuti</span> <span class='ocrx_word' id='word_1_211' title='bbox 1201 2413 1234 2461; x_wconf 89' lang='lat' dir='ltr'>sit</span> <span class='ocrx_word' id='word_1_212' title='bbox 1252 2415 1341 2465; x_wconf 85' lang='lat' dir='ltr'>carior</span> <span class='ocrx_word' id='word_1_213' title='bbox 1359 2431 1435 2479; x_wconf 74' lang='lat' dir='ltr'>agnus</span> 
     </span>
     <span class='ocr_line' id='line_1_22' title="bbox 218 2497 1498 2565; baseline 0 -16"><span class='ocrx_word' id='word_1_214' title='bbox 218 2498 271 2549; x_wconf 83' lang='lat' dir='ltr'>tion</span> <span class='ocrx_word' id='word_1_215' title='bbox 288 2505 315 2549; x_wconf 81' lang='lat' dir='ltr'>ut</span> <span class='ocrx_word' id='word_1_216' title='bbox 331 2497 442 2560; x_wconf 66' lang='lat' dir='ltr'>migetii</span> <span class='ocrx_word' id='word_1_217' title='bbox 459 2504 550 2561; x_wconf 84' lang='lat' dir='ltr'>partem</span> <span class='ocrx_word' id='word_1_218' title='bbox 568 2509 612 2560; x_wconf 89' lang='lat' dir='ltr'>pro</span> <span class='ocrx_word' id='word_1_219' title='bbox 630 2509 731 2559; x_wconf 90' lang='lat' dir='ltr'>corpore</span> <span class='ocrx_word' id='word_1_220' title='bbox 748 2500 799 2543; x_wconf 89' lang='lat' dir='ltr'>tcto</span> <span class='ocrx_word' id='word_1_221' title='bbox 852 2497 970 2548; x_wconf 73' lang='lat' dir='ltr'>Auxilium</span> <span class='ocrx_word' id='word_1_222' title='bbox 987 2497 1108 2547; x_wconf 76' lang='lat' dir='ltr'>immuunt</span> <span class='ocrx_word' id='word_1_223' title='bbox 1124 2503 1204 2545; x_wconf 87' lang='lat' dir='ltr'>tautae</span> <span class='ocrx_word' id='word_1_224' title='bbox 1223 2499 1307 2550; x_wconf 78' lang='lat' dir='ltr'>tutela</span> <span class='ocrx_word' id='word_1_225' title='bbox 1325 2502 1423 2565; x_wconf 80' lang='lat' dir='ltr'>salutis,</span> <span class='ocrx_word' id='word_1_226' title='bbox 1474 2497 1498 2549; x_wconf 70' lang='lat' dir='ltr'>c</span> 
     </span>
     <span class='ocr_line' id='line_1_23' title="bbox 218 2579 1469 2649; baseline -0.001 -15"><span class='ocrx_word' id='word_1_227' title='bbox 218 2584 360 2648; x_wconf 72' lang='lat' dir='ltr'>[inciperem</span> <span class='ocrx_word' id='word_1_228' title='bbox 375 2582 502 2645; x_wconf 82' lang='lat' dir='ltr'>modicam,</span> <span class='ocrx_word' id='word_1_229' title='bbox 519 2581 603 2631; x_wconf 80' lang='lat' dir='ltr'>maiori</span> <span class='ocrx_word' id='word_1_230' title='bbox 620 2587 688 2645; x_wconf 89' lang='lat' dir='ltr'>purte</span> <span class='ocrx_word' id='word_1_231' title='bbox 704 2579 795 2630; x_wconf 81' lang='lat' dir='ltr'>relicta</span> <span class='ocrx_word' id='word_1_232' title='bbox 854 2583 953 2634; x_wconf 78' lang='lat' dir='ltr'>otiatus</span> <span class='ocrx_word' id='word_1_233' title='bbox 970 2583 1048 2647; x_wconf 84' lang='lat' dir='ltr'>potuit</span> <span class='ocrx_word' id='word_1_234' title='bbox 1064 2582 1166 2645; x_wconf 86' lang='lat' dir='ltr'>pretium</span> <span class='ocrx_word' id='word_1_235' title='bbox 1177 2582 1238 2631; x_wconf 85' lang='lat' dir='ltr'>satis</span> <span class='ocrx_word' id='word_1_236' title='bbox 1250 2598 1313 2634; x_wconf 85' lang='lat' dir='ltr'>esse</span> <span class='ocrx_word' id='word_1_237' title='bbox 1326 2584 1469 2649; x_wconf 85' lang='lat' dir='ltr'>redemptist</span> 
     </span>
     <span class='ocr_line' id='line_1_24' title="bbox 176 2664 1468 2734; baseline -0.005 -7"><span class='ocrx_word' id='word_1_238' title='bbox 176 2670 297 2734; x_wconf 70' lang='lat' dir='ltr'>undique</span> <span class='ocrx_word' id='word_1_239' title='bbox 312 2667 373 2719; x_wconf 76' lang='lat' dir='ltr'>adso</span> <span class='ocrx_word' id='word_1_240' title='bbox 392 2680 440 2717; x_wconf 92' lang='lat' dir='ltr'>uon</span> <span class='ocrx_word' id='word_1_241' title='bbox 460 2666 533 2716; x_wconf 80' lang='lat' dir='ltr'>serua</span> <span class='ocrx_word' id='word_1_242' title='bbox 549 2666 612 2727; x_wconf 81' lang='lat' dir='ltr'>libri,</span> <span class='ocrx_word' id='word_1_243' title='bbox 635 2664 679 2715; x_wconf 85' lang='lat' dir='ltr'>sed</span> <span class='ocrx_word' id='word_1_244' title='bbox 696 2665 784 2714; x_wconf 87' lang='lat' dir='ltr'>missus</span> <span class='ocrx_word' id='word_1_245' title='bbox 801 2664 825 2713; x_wconf 86' lang='lat' dir='ltr'>in</span> <span class='ocrx_word' id='word_1_246' title='bbox 853 2670 884 2718; x_wconf 80' lang='lat' dir='ltr'>tt</span> <span class='ocrx_word' id='word_1_247' title='bbox 899 2668 960 2720; x_wconf 89' lang='lat' dir='ltr'>deus</span> <span class='ocrx_word' id='word_1_248' title='bbox 976 2667 1135 2730; x_wconf 86' lang='lat' dir='ltr'>omnipotens,</span> <span class='ocrx_word' id='word_1_249' title='bbox 1153 2666 1214 2715; x_wconf 83' lang='lat' dir='ltr'>caeti</span> <span class='ocrx_word' id='word_1_250' title='bbox 1227 2675 1468 2734; x_wconf 82' lang='lat' dir='ltr'>terraequecrerter,</span> 
     </span>
     <span class='ocr_line' id='line_1_25' title="bbox 522 2750 1450 2819; baseline 0.008 -20"><span class='ocrx_word' id='word_1_251' title='bbox 522 2750 613 2813; x_wconf 83' lang='lat' dir='ltr'>orbern,</span> <span class='ocrx_word' id='word_1_252' title='bbox 854 2752 995 2815; x_wconf 84' lang='lat' dir='ltr'>tmmeusus,</span> <span class='ocrx_word' id='word_1_253' title='bbox 1012 2753 1081 2814; x_wconf 78' lang='lat' dir='ltr'>virus,</span> <span class='ocrx_word' id='word_1_254' title='bbox 1099 2751 1230 2814; x_wconf 79' lang='lat' dir='ltr'>perfectus,</span> <span class='ocrx_word' id='word_1_255' title='bbox 1248 2752 1312 2804; x_wconf 89' lang='lat' dir='ltr'>tuce</span> <span class='ocrx_word' id='word_1_256' title='bbox 1330 2757 1450 2819; x_wconf 74' lang='lat' dir='ltr'>perenni».</span> 
     </span>
     <span class='ocr_line' id='line_1_26' title="bbox 217 2823 1468 2905; baseline -0.002 -15"><span class='ocrx_word' id='word_1_257' title='bbox 217 2823 389 2904; x_wconf 77' lang='lat' dir='ltr'>tpce&#39;curtstns</span> <span class='ocrx_word' id='word_1_258' title='bbox 402 2834 546 2898; x_wconf 71' lang='lat' dir='ltr'>migetium</span> <span class='ocrx_word' id='word_1_259' title='bbox 558 2842 602 2897; x_wconf 90' lang='lat' dir='ltr'>est,</span> <span class='ocrx_word' id='word_1_260' title='bbox 616 2833 827 2895; x_wconf 81' lang='lat' dir='ltr'>siceruereruttis,</span> <span class='ocrx_word' id='word_1_261' title='bbox 855 2839 897 2890; x_wconf 82' lang='lat' dir='ltr'>ilis</span> <span class='ocrx_word' id='word_1_262' title='bbox 915 2852 963 2889; x_wconf 89' lang='lat' dir='ltr'>nou</span> <span class='ocrx_word' id='word_1_263' title='bbox 981 2837 1095 2902; x_wconf 84' lang='lat' dir='ltr'>placatur,</span> <span class='ocrx_word' id='word_1_264' title='bbox 1113 2836 1234 2900; x_wconf 77' lang='lat' dir='ltr'>pecudum</span> <span class='ocrx_word' id='word_1_265' title='bbox 1252 2852 1342 2905; x_wconf 82' lang='lat' dir='ltr'>neque</span> <span class='ocrx_word' id='word_1_266' title='bbox 1359 2843 1468 2905; x_wconf 65' lang='lat' dir='ltr'>anguine</span> 
     </span>
     <span class='ocr_line' id='line_1_27' title="bbox 218 2919 1254 2987; baseline -0.001 -14"><span class='ocrx_word' id='word_1_267' title='bbox 218 2923 316 2987; x_wconf 83' lang='lat' dir='ltr'>tperre</span> <span class='ocrx_word' id='word_1_268' title='bbox 332 2921 375 2987; x_wconf 90' lang='lat' dir='ltr'>qui</span> <span class='ocrx_word' id='word_1_269' title='bbox 385 2922 455 2984; x_wconf 83' lang='lat' dir='ltr'>uenit,</span> <span class='ocrx_word' id='word_1_270' title='bbox 473 2920 539 2970; x_wconf 89' lang='lat' dir='ltr'>solus</span> <span class='ocrx_word' id='word_1_271' title='bbox 550 2921 614 2970; x_wconf 88' lang='lat' dir='ltr'>bonu</span> <span class='ocrx_word' id='word_1_272' title='bbox 625 2919 708 2969; x_wconf 88' lang='lat' dir='ltr'>nuntia</span> <span class='ocrx_word' id='word_1_273' title='bbox 720 2926 827 2983; x_wconf 83' lang='lat' dir='ltr'>porinus,</span> <span class='ocrx_word' id='word_1_274' title='bbox 1157 2922 1254 2984; x_wconf 79' lang='lat' dir='ltr'>quudet</span> 
     </span>
     <span class='ocr_line' id='line_1_28' title="bbox 218 3003 1500 3071; baseline -0.001 -13"><span class='ocrx_word' id='word_1_275' title='bbox 218 3007 353 3058; x_wconf 79' lang='lat' dir='ltr'>Testideste</span> <span class='ocrx_word' id='word_1_276' title='bbox 362 3007 429 3071; x_wconf 82' lang='lat' dir='ltr'>prius</span> <span class='ocrx_word' id='word_1_277' title='bbox 443 3006 512 3055; x_wconf 84' lang='lat' dir='ltr'>cuius</span> <span class='ocrx_word' id='word_1_278' title='bbox 531 3006 613 3066; x_wconf 72' lang='lat' dir='ltr'>ingens</span> <span class='ocrx_word' id='word_1_279' title='bbox 627 3003 701 3067; x_wconf 69' lang='lat' dir='ltr'>gioria</span> <span class='ocrx_word' id='word_1_280' title='bbox 716 3004 827 3067; x_wconf 86' lang='lat' dir='ltr'>complet,</span> <span class='ocrx_word' id='word_1_281' title='bbox 855 3008 941 3058; x_wconf 82' lang='lat' dir='ltr'>Omnia</span> <span class='ocrx_word' id='word_1_282' title='bbox 948 3008 1082 3058; x_wconf 85' lang='lat' dir='ltr'>mactentur</span> <span class='ocrx_word' id='word_1_283' title='bbox 1092 3021 1188 3071; x_wconf 85' lang='lat' dir='ltr'>pecora,</span> <span class='ocrx_word' id='word_1_284' title='bbox 1201 3023 1258 3069; x_wconf 77' lang='lat' dir='ltr'>grex</span> <span class='ocrx_word' id='word_1_285' title='bbox 1272 3013 1358 3061; x_wconf 88' lang='lat' dir='ltr'>omnis</span> <span class='ocrx_word' id='word_1_286' title='bbox 1370 3013 1395 3062; x_wconf 90' lang='lat' dir='ltr'>iu</span> <span class='ocrx_word' id='word_1_287' title='bbox 1405 3005 1500 3062; x_wconf 69' lang='lat' dir='ltr'>amitt</span> 
     </span>
     <span class='ocr_line' id='line_1_29' title="bbox 220 3088 1465 3160; baseline 0.002 -18"><span class='ocrx_word' id='word_1_288' title='bbox 220 3092 356 3143; x_wconf 69' lang='lat' dir='ltr'>ostendeus</span> <span class='ocrx_word' id='word_1_289' title='bbox 373 3104 446 3155; x_wconf 90' lang='lat' dir='ltr'>opere</span> <span class='ocrx_word' id='word_1_290' title='bbox 463 3097 567 3154; x_wconf 82' lang='lat' dir='ltr'>quantus</span> <span class='ocrx_word' id='word_1_291' title='bbox 584 3089 616 3138; x_wconf 94' lang='lat' dir='ltr'>sit</span> <span class='ocrx_word' id='word_1_292' title='bbox 633 3088 743 3138; x_wconf 89' lang='lat' dir='ltr'>conditur</span> <span class='ocrx_word' id='word_1_293' title='bbox 754 3089 827 3138; x_wconf 84' lang='lat' dir='ltr'>orbis.</span> <span class='ocrx_word' id='word_1_294' title='bbox 856 3094 988 3157; x_wconf 78' lang='lat' dir='ltr'>decrerunt,</span> <span class='ocrx_word' id='word_1_295' title='bbox 1006 3101 1032 3142; x_wconf 92' lang='lat' dir='ltr'>ut</span> <span class='ocrx_word' id='word_1_296' title='bbox 1039 3093 1129 3141; x_wconf 85' lang='lat' dir='ltr'>veniam</span> <span class='ocrx_word' id='word_1_297' title='bbox 1141 3092 1175 3140; x_wconf 81' lang='lat' dir='ltr'>rel</span> <span class='ocrx_word' id='word_1_298' title='bbox 1186 3095 1281 3155; x_wconf 88' lang='lat' dir='ltr'>peccati</span> <span class='ocrx_word' id='word_1_299' title='bbox 1295 3099 1380 3160; x_wconf 75' lang='lat' dir='ltr'>expiet</span> <span class='ocrx_word' id='word_1_300' title='bbox 1395 3098 1465 3147; x_wconf 70' lang='lat' dir='ltr'>onina</span> 
     </span>
     <span class='ocr_line' id='line_1_30' title="bbox 178 3172 1465 3244; baseline 0.004 -17"><span class='ocrx_word' id='word_1_301' title='bbox 178 3177 295 3236; x_wconf 70' lang='lat' dir='ltr'>eoduius</span> <span class='ocrx_word' id='word_1_302' title='bbox 311 3176 373 3227; x_wconf 82' lang='lat' dir='ltr'>iacta</span> <span class='ocrx_word' id='word_1_303' title='bbox 390 3175 460 3225; x_wconf 88' lang='lat' dir='ltr'>sirnui</span> <span class='ocrx_word' id='word_1_304' title='bbox 479 3175 549 3224; x_wconf 91' lang='lat' dir='ltr'>dictis</span> <span class='ocrx_word' id='word_1_305' title='bbox 567 3174 695 3237; x_wconf 76' lang='lat' dir='ltr'>coniuncta</span> <span class='ocrx_word' id='word_1_306' title='bbox 712 3172 795 3223; x_wconf 86' lang='lat' dir='ltr'>iideles</span> <span class='ocrx_word' id='word_1_307' title='bbox 855 3178 1009 3242; x_wconf 75' lang='lat' dir='ltr'>Nequaquam</span> <span class='ocrx_word' id='word_1_308' title='bbox 1028 3177 1117 3226; x_wconf 87' lang='lat' dir='ltr'>domini</span> <span class='ocrx_word' id='word_1_309' title='bbox 1134 3177 1232 3240; x_wconf 84' lang='lat' dir='ltr'>sopiens</span> <span class='ocrx_word' id='word_1_310' title='bbox 1255 3181 1386 3232; x_wconf 78' lang='lat' dir='ltr'>maculata</span> <span class='ocrx_word' id='word_1_311' title='bbox 1402 3184 1465 3244; x_wconf 68' lang='lat' dir='ltr'>deun</span> 
     </span>
     <span class='ocr_line' id='line_1_31' title="bbox 221 3259 1463 3326; baseline 0.004 -15"><span class='ocrx_word' id='word_1_312' title='bbox 221 3261 264 3325; x_wconf 84' lang='lat' dir='ltr'>ttti,</span> <span class='ocrx_word' id='word_1_313' title='bbox 282 3262 421 3324; x_wconf 68' lang='lat' dir='ltr'>Uetthseus,</span> <span class='ocrx_word' id='word_1_314' title='bbox 440 3261 540 3324; x_wconf 83' lang='lat' dir='ltr'>tianeus,</span> <span class='ocrx_word' id='word_1_315' title='bbox 558 3260 691 3323; x_wconf 82' lang='lat' dir='ltr'>Lucaeque,</span> <span class='ocrx_word' id='word_1_316' title='bbox 709 3259 819 3320; x_wconf 87' lang='lat' dir='ltr'>ioannes,</span> <span class='ocrx_word' id='word_1_317' title='bbox 855 3263 911 3311; x_wconf 86' lang='lat' dir='ltr'>Tam</span> <span class='ocrx_word' id='word_1_318' title='bbox 927 3262 965 3311; x_wconf 83' lang='lat' dir='ltr'>uiti</span> <span class='ocrx_word' id='word_1_319' title='bbox 983 3262 1060 3325; x_wconf 88' lang='lat' dir='ltr'>pretio</span> <span class='ocrx_word' id='word_1_320' title='bbox 1078 3276 1134 3310; x_wconf 88' lang='lat' dir='ltr'>caro</span> <span class='ocrx_word' id='word_1_321' title='bbox 1150 3262 1222 3311; x_wconf 83' lang='lat' dir='ltr'>toedn</span> <span class='ocrx_word' id='word_1_322' title='bbox 1238 3266 1336 3326; x_wconf 75' lang='lat' dir='ltr'>perunit</span> <span class='ocrx_word' id='word_1_323' title='bbox 1351 3268 1463 3321; x_wconf 69' lang='lat' dir='ltr'>honneur</span> 
     </span>
     <span class='ocr_line' id='line_1_32' title="bbox 220 3341 1463 3411; baseline 0.004 -15"><span class='ocrx_word' id='word_1_324' title='bbox 220 3347 390 3411; x_wconf 71' lang='lat' dir='ltr'>Goumnpsere</span> <span class='ocrx_word' id='word_1_325' title='bbox 407 3341 480 3408; x_wconf 78' lang='lat' dir='ltr'>meru,</span> <span class='ocrx_word' id='word_1_326' title='bbox 497 3358 546 3395; x_wconf 92' lang='lat' dir='ltr'>uon</span> <span class='ocrx_word' id='word_1_327' title='bbox 563 3352 643 3395; x_wconf 89' lang='lat' dir='ltr'>estera</span> <span class='ocrx_word' id='word_1_328' title='bbox 659 3345 730 3394; x_wconf 83' lang='lat' dir='ltr'>rerba</span> <span class='ocrx_word' id='word_1_329' title='bbox 746 3343 829 3405; x_wconf 86' lang='lat' dir='ltr'>locuti,</span> <span class='ocrx_word' id='word_1_330' title='bbox 856 3346 905 3396; x_wconf 89' lang='lat' dir='ltr'>Sed</span> <span class='ocrx_word' id='word_1_331' title='bbox 921 3361 977 3410; x_wconf 81' lang='lat' dir='ltr'>spec</span> <span class='ocrx_word' id='word_1_332' title='bbox 995 3354 1020 3395; x_wconf 89' lang='lat' dir='ltr'>et</span> <span class='ocrx_word' id='word_1_333' title='bbox 1036 3348 1154 3409; x_wconf 84' lang='lat' dir='ltr'>promissa</span> <span class='ocrx_word' id='word_1_334' title='bbox 1171 3347 1232 3395; x_wconf 82' lang='lat' dir='ltr'>fides</span> <span class='ocrx_word' id='word_1_335' title='bbox 1246 3351 1397 3400; x_wconf 83' lang='lat' dir='ltr'>mortalibus</span> <span class='ocrx_word' id='word_1_336' title='bbox 1409 3350 1463 3409; x_wconf 77' lang='lat' dir='ltr'>ctist,</span> 
     </span>
     <span class='ocr_line' id='line_1_33' title="bbox 219 3415 1496 3498; baseline 0.002 -16"><span class='ocrx_word' id='word_1_337' title='bbox 219 3432 309 3496; x_wconf 78' lang='lat' dir='ltr'>Spiritu</span> <span class='ocrx_word' id='word_1_338' title='bbox 326 3438 409 3482; x_wconf 86' lang='lat' dir='ltr'>sunctu</span> <span class='ocrx_word' id='word_1_339' title='bbox 426 3430 473 3493; x_wconf 90' lang='lat' dir='ltr'>dei,</span> <span class='ocrx_word' id='word_1_340' title='bbox 491 3438 556 3480; x_wconf 86' lang='lat' dir='ltr'>tanto</span> <span class='ocrx_word' id='word_1_341' title='bbox 568 3437 694 3494; x_wconf 72' lang='lat' dir='ltr'>praesente</span> <span class='ocrx_word' id='word_1_342' title='bbox 707 3415 827 3492; x_wconf 48' lang='lat' dir='ltr'>magistrof</span> <span class='ocrx_word' id='word_1_343' title='bbox 857 3433 920 3481; x_wconf 85' lang='lat' dir='ltr'>tinec</span> <span class='ocrx_word' id='word_1_344' title='bbox 937 3439 1034 3494; x_wconf 85' lang='lat' dir='ltr'>operata</span> <span class='ocrx_word' id='word_1_345' title='bbox 1053 3432 1112 3492; x_wconf 78' lang='lat' dir='ltr'>tulit,</span> <span class='ocrx_word' id='word_1_346' title='bbox 1131 3445 1230 3494; x_wconf 77' lang='lat' dir='ltr'>magnae</span> <span class='ocrx_word' id='word_1_347' title='bbox 1247 3436 1356 3485; x_wconf 83' lang='lat' dir='ltr'>rationis</span> <span class='ocrx_word' id='word_1_348' title='bbox 1375 3437 1452 3498; x_wconf 64' lang='lat' dir='ltr'>insana</span> <span class='ocrx_word' id='word_1_349' title='bbox 1470 3426 1496 3479; x_wconf 68' lang='lat'>¹⁰5</span> 
     </span>
     <span class='ocr_line' id='line_1_34' title="bbox 254 3514 1437 3585; baseline 0.003 -19"><span class='ocrx_word' id='word_1_350' title='bbox 254 3516 490 3581; x_wconf 72' lang='lat' dir='ltr'>iiicsqnuspaschae</span> <span class='ocrx_word' id='word_1_351' title='bbox 502 3516 657 3581; x_wconf 74' lang='lat' dir='ltr'>suspenditur</span> <span class='ocrx_word' id='word_1_352' title='bbox 669 3514 827 3577; x_wconf 67' lang='lat' dir='ltr'>nuntiatiqum</span> <span class='ocrx_word' id='word_1_353' title='bbox 857 3517 1027 3567; x_wconf 86' lang='lat' dir='ltr'>Praemcditata</span> <span class='ocrx_word' id='word_1_354' title='bbox 1044 3517 1125 3580; x_wconf 87' lang='lat' dir='ltr'>putris,</span> <span class='ocrx_word' id='word_1_355' title='bbox 1143 3517 1217 3565; x_wconf 85' lang='lat' dir='ltr'>nimia</span> <span class='ocrx_word' id='word_1_356' title='bbox 1234 3518 1329 3580; x_wconf 85' lang='lat' dir='ltr'>pietate</span> <span class='ocrx_word' id='word_1_357' title='bbox 1347 3530 1437 3585; x_wconf 78' lang='lat' dir='ltr'>paratu,</span> 
     </span>
     <span class='ocr_line' id='line_1_35' title="bbox 178 3600 1463 3670; baseline 0.002 -20"><span class='ocrx_word' id='word_1_358' title='bbox 178 3605 211 3656; x_wconf 75' lang='lat'>65</span> <span class='ocrx_word' id='word_1_359' title='bbox 221 3602 289 3651; x_wconf 82' lang='lat' dir='ltr'>iiuuc</span> <span class='ocrx_word' id='word_1_360' title='bbox 296 3600 382 3652; x_wconf 76' lang='lat' dir='ltr'>Paulus</span> <span class='ocrx_word' id='word_1_361' title='bbox 388 3601 440 3651; x_wconf 85' lang='lat' dir='ltr'>iace</span> <span class='ocrx_word' id='word_1_362' title='bbox 447 3602 601 3651; x_wconf 85' lang='lat' dir='ltr'>conscribens</span> <span class='ocrx_word' id='word_1_363' title='bbox 609 3602 705 3650; x_wconf 89' lang='lat' dir='ltr'>decretu</span> <span class='ocrx_word' id='word_1_364' title='bbox 713 3600 828 3649; x_wconf 81' lang='lat' dir='ltr'>Corintho</span> <span class='ocrx_word' id='word_1_365' title='bbox 856 3603 984 3651; x_wconf 76' lang='lat' dir='ltr'>tenturum</span> <span class='ocrx_word' id='word_1_366' title='bbox 1002 3601 1122 3651; x_wconf 85' lang='lat' dir='ltr'>Christum</span> <span class='ocrx_word' id='word_1_367' title='bbox 1141 3604 1220 3663; x_wconf 83' lang='lat' dir='ltr'>terris,</span> <span class='ocrx_word' id='word_1_368' title='bbox 1241 3602 1420 3670; x_wconf 84' lang='lat' dir='ltr'>hominemque</span> <span class='ocrx_word' id='word_1_369' title='bbox 1434 3604 1463 3653; x_wconf 74' lang='lat' dir='ltr'>in</span> 
     </span>
     <span class='ocr_line' id='line_1_36' title="bbox 221 3685 1246 3750; baseline 0.001 -15"><span class='ocrx_word' id='word_1_370' title='bbox 221 3685 333 3735; x_wconf 82' lang='lat' dir='ltr'>Occisum</span> <span class='ocrx_word' id='word_1_371' title='bbox 350 3686 422 3736; x_wconf 89' lang='lat' dir='ltr'>trudit</span> <span class='ocrx_word' id='word_1_372' title='bbox 438 3688 556 3750; x_wconf 83' lang='lat' dir='ltr'>vitamque</span> <span class='ocrx_word' id='word_1_373' title='bbox 576 3685 696 3749; x_wconf 84' lang='lat' dir='ltr'>deumque</span> <span class='ocrx_word' id='word_1_374' title='bbox 714 3685 828 3748; x_wconf 81' lang='lat' dir='ltr'>futurum,</span> <span class='ocrx_word' id='word_1_375' title='bbox 1159 3694 1246 3736; x_wconf 88' lang='lat' dir='ltr'>turum.</span> 
     </span>
     <span class='ocr_line' id='line_1_37' title="bbox 220 3770 1463 3841; baseline 0.004 -21"><span class='ocrx_word' id='word_1_376' title='bbox 220 3770 364 3820; x_wconf 82' lang='lat' dir='ltr'>Promissum</span> <span class='ocrx_word' id='word_1_377' title='bbox 383 3772 499 3834; x_wconf 82' lang='lat' dir='ltr'>patribus,</span> <span class='ocrx_word' id='word_1_378' title='bbox 516 3784 578 3834; x_wconf 90' lang='lat' dir='ltr'>quos</span> <span class='ocrx_word' id='word_1_379' title='bbox 596 3770 738 3819; x_wconf 83' lang='lat' dir='ltr'>iiiectnrernt</span> <span class='ocrx_word' id='word_1_380' title='bbox 756 3778 819 3821; x_wconf 81' lang='lat' dir='ltr'>aute.</span> <span class='ocrx_word' id='word_1_381' title='bbox 857 3771 1013 3829; x_wconf 77' lang='lat' dir='ltr'>Quemvisum</span> <span class='ocrx_word' id='word_1_382' title='bbox 1020 3771 1129 3833; x_wconf 85' lang='lat' dir='ltr'>ioannes,</span> <span class='ocrx_word' id='word_1_383' title='bbox 1136 3771 1246 3834; x_wconf 86' lang='lat' dir='ltr'>baptismi</span> <span class='ocrx_word' id='word_1_384' title='bbox 1256 3772 1356 3835; x_wconf 85' lang='lat' dir='ltr'>primus</span> <span class='ocrx_word' id='word_1_385' title='bbox 1368 3782 1463 3841; x_wconf 75' lang='lat' dir='ltr'>apertur,</span> 
     </span>
     <span class='ocr_line' id='line_1_38' title="bbox 221 3854 1464 3923; baseline 0.006 -19"><span class='ocrx_word' id='word_1_386' title='bbox 221 3854 534 3919; x_wconf 66' lang='lat' dir='ltr'>Gemitequidrirtueqnid</span> <span class='ocrx_word' id='word_1_387' title='bbox 545 3856 647 3918; x_wconf 80' lang='lat' dir='ltr'>paschae</span> <span class='ocrx_word' id='word_1_388' title='bbox 658 3855 827 3918; x_wconf 78' lang='lat' dir='ltr'>possitiuraqo.</span> <span class='ocrx_word' id='word_1_389' title='bbox 855 3855 886 3905; x_wconf 82' lang='lat' dir='ltr'>Et</span> <span class='ocrx_word' id='word_1_390' title='bbox 901 3864 977 3905; x_wconf 84' lang='lat' dir='ltr'>ratum</span> <span class='ocrx_word' id='word_1_391' title='bbox 990 3856 1079 3916; x_wconf 86' lang='lat' dir='ltr'>socius,</span> <span class='ocrx_word' id='word_1_392' title='bbox 1098 3869 1191 3903; x_wconf 87' lang='lat' dir='ltr'>necnon</span> <span class='ocrx_word' id='word_1_393' title='bbox 1204 3863 1227 3904; x_wconf 90' lang='lat' dir='ltr'>ct</span> <span class='ocrx_word' id='word_1_394' title='bbox 1236 3860 1371 3920; x_wconf 87' lang='lat' dir='ltr'>apostotus</span> <span class='ocrx_word' id='word_1_395' title='bbox 1382 3864 1464 3923; x_wconf 65' lang='lat' dir='ltr'>inens</span> 
     </span>
     <span class='ocr_line' id='line_1_39' title="bbox 220 3935 1500 4008; baseline 0.008 -22"><span class='ocrx_word' id='word_1_396' title='bbox 220 3939 260 3987; x_wconf 80' lang='lat' dir='ltr'>Sic</span> <span class='ocrx_word' id='word_1_397' title='bbox 277 3952 357 3989; x_wconf 84' lang='lat' dir='ltr'>rerum</span> <span class='ocrx_word' id='word_1_398' title='bbox 375 3940 433 4003; x_wconf 93' lang='lat' dir='ltr'>quid</span> <span class='ocrx_word' id='word_1_399' title='bbox 451 3941 481 3988; x_wconf 90' lang='lat' dir='ltr'>sit</span> <span class='ocrx_word' id='word_1_400' title='bbox 499 3940 608 4002; x_wconf 88' lang='lat' dir='ltr'>poteritis</span> <span class='ocrx_word' id='word_1_401' title='bbox 626 3941 729 4002; x_wconf 82' lang='lat' dir='ltr'>paschae</span> <span class='ocrx_word' id='word_1_402' title='bbox 741 3941 828 3990; x_wconf 83' lang='lat' dir='ltr'>ridere.</span> <span class='ocrx_word' id='word_1_403' title='bbox 857 3942 999 3990; x_wconf 80' lang='lat' dir='ltr'>Praecursor</span> <span class='ocrx_word' id='word_1_404' title='bbox 1016 3943 1104 3990; x_wconf 85' lang='lat' dir='ltr'>missus</span> <span class='ocrx_word' id='word_1_405' title='bbox 1121 3948 1210 4001; x_wconf 88' lang='lat' dir='ltr'>certus,</span> <span class='ocrx_word' id='word_1_406' title='bbox 1229 3944 1353 4008; x_wconf 76' lang='lat' dir='ltr'>testisque</span> <span class='ocrx_word' id='word_1_407' title='bbox 1371 3945 1452 4006; x_wconf 68' lang='lat' dir='ltr'>uteie</span> <span class='ocrx_word' id='word_1_408' title='bbox 1472 3935 1500 3987; x_wconf 48' lang='grc' dir='ltr'>ΙΙ.</span> 
     </span>
     <span class='ocr_line' id='line_1_40' title="bbox 179 4023 1380 4090; baseline 0.001 -13"><span class='ocrx_word' id='word_1_409' title='bbox 179 4023 255 4077; x_wconf 81' lang='lat' dir='ltr'>tutte</span> <span class='ocrx_word' id='word_1_410' title='bbox 272 4023 335 4073; x_wconf 82' lang='lat' dir='ltr'>ddns</span> <span class='ocrx_word' id='word_1_411' title='bbox 353 4033 418 4087; x_wconf 89' lang='lat' dir='ltr'>pater</span> <span class='ocrx_word' id='word_1_412' title='bbox 437 4030 548 4084; x_wconf 75' lang='lat' dir='ltr'>etentes,</span> <span class='ocrx_word' id='word_1_413' title='bbox 566 4023 699 4087; x_wconf 77' lang='lat' dir='ltr'>cuipiqnus</span> <span class='ocrx_word' id='word_1_414' title='bbox 711 4027 829 4075; x_wconf 77' lang='lat' dir='ltr'>ethaeree</span> <span class='ocrx_word' id='word_1_415' title='bbox 856 4028 975 4088; x_wconf 72' lang='lat' dir='ltr'>Augustus</span> <span class='ocrx_word' id='word_1_416' title='bbox 991 4027 1045 4087; x_wconf 83' lang='lat' dir='ltr'>sita,</span> <span class='ocrx_word' id='word_1_417' title='bbox 1064 4025 1159 4074; x_wconf 79' lang='lat' dir='ltr'>cautini</span> <span class='ocrx_word' id='word_1_418' title='bbox 1176 4025 1248 4075; x_wconf 87' lang='lat' dir='ltr'>laude</span> <span class='ocrx_word' id='word_1_419' title='bbox 1266 4036 1380 4090; x_wconf 85' lang='lat' dir='ltr'>notetus,</span> 
     </span>
     <span class='ocr_line' id='line_1_41' title="bbox 222 4106 1466 4177; baseline 0.008 -22"><span class='ocrx_word' id='word_1_420' title='bbox 222 4106 297 4156; x_wconf 68' lang='lat' dir='ltr'>&amp;rus</span> <span class='ocrx_word' id='word_1_421' title='bbox 316 4116 374 4169; x_wconf 85' lang='lat' dir='ltr'>erat,</span> <span class='ocrx_word' id='word_1_422' title='bbox 398 4122 470 4170; x_wconf 88' lang='lat' dir='ltr'>quern</span> <span class='ocrx_word' id='word_1_423' title='bbox 487 4107 548 4157; x_wconf 83' lang='lat' dir='ltr'>iorte</span> <span class='ocrx_word' id='word_1_424' title='bbox 566 4107 626 4157; x_wconf 87' lang='lat' dir='ltr'>deus</span> <span class='ocrx_word' id='word_1_425' title='bbox 644 4109 828 4171; x_wconf 70' lang='lat' dir='ltr'>donaremini,</span> <span class='ocrx_word' id='word_1_426' title='bbox 857 4112 918 4161; x_wconf 85' lang='lat' dir='ltr'>Otiru</span> <span class='ocrx_word' id='word_1_427' title='bbox 936 4112 1025 4174; x_wconf 80' lang='lat' dir='ltr'>pascha</span> <span class='ocrx_word' id='word_1_428' title='bbox 1043 4111 1081 4159; x_wconf 92' lang='lat' dir='ltr'>dei</span> <span class='ocrx_word' id='word_1_429' title='bbox 1099 4126 1177 4160; x_wconf 80' lang='lat' dir='ltr'>rerum</span> <span class='ocrx_word' id='word_1_430' title='bbox 1193 4115 1373 4174; x_wconf 86' lang='lat' dir='ltr'>quaerentibus</span> <span class='ocrx_word' id='word_1_431' title='bbox 1389 4125 1466 4177; x_wconf 73' lang='lat' dir='ltr'>apuu</span> 
     </span>
     <span class='ocr_line' id='line_1_42' title="bbox 221 4191 1394 4263; baseline 0.009 -24"><span class='ocrx_word' id='word_1_432' title='bbox 221 4191 290 4241; x_wconf 86' lang='lat' dir='ltr'>iiuuc</span> <span class='ocrx_word' id='word_1_433' title='bbox 308 4192 354 4241; x_wconf 92' lang='lat' dir='ltr'>deo</span> <span class='ocrx_word' id='word_1_434' title='bbox 368 4200 490 4255; x_wconf 87' lang='lat' dir='ltr'>mactaret,</span> <span class='ocrx_word' id='word_1_435' title='bbox 505 4192 591 4241; x_wconf 89' lang='lat' dir='ltr'>merito</span> <span class='ocrx_word' id='word_1_436' title='bbox 601 4200 729 4258; x_wconf 88' lang='lat' dir='ltr'>ternptutus</span> <span class='ocrx_word' id='word_1_437' title='bbox 739 4210 829 4257; x_wconf 82' lang='lat' dir='ltr'>autore,</span> <span class='ocrx_word' id='word_1_438' title='bbox 857 4197 967 4247; x_wconf 75' lang='lat' dir='ltr'>Ostendit</span> <span class='ocrx_word' id='word_1_439' title='bbox 985 4195 1080 4245; x_wconf 79' lang='lat' dir='ltr'>tandein</span> <span class='ocrx_word' id='word_1_440' title='bbox 1097 4196 1190 4244; x_wconf 80' lang='lat' dir='ltr'>uenisse</span> <span class='ocrx_word' id='word_1_441' title='bbox 1208 4196 1305 4258; x_wconf 83' lang='lat' dir='ltr'>piacula</span> <span class='ocrx_word' id='word_1_442' title='bbox 1324 4199 1394 4263; x_wconf 85' lang='lat' dir='ltr'>iacti,</span> 
     </span>
     <span class='ocr_line' id='line_1_43' title="bbox 221 4275 1453 4345; baseline 0.01 -21"><span class='ocrx_word' id='word_1_443' title='bbox 221 4275 369 4340; x_wconf 87' lang='lat' dir='ltr'>Supplicium</span> <span class='ocrx_word' id='word_1_444' title='bbox 392 4290 510 4340; x_wconf 80' lang='lat' dir='ltr'>maguum,</span> <span class='ocrx_word' id='word_1_445' title='bbox 536 4286 634 4328; x_wconf 83' lang='lat' dir='ltr'>sauctus</span> <span class='ocrx_word' id='word_1_446' title='bbox 652 4295 695 4343; x_wconf 92' lang='lat' dir='ltr'>pro</span> <span class='ocrx_word' id='word_1_447' title='bbox 714 4282 829 4342; x_wconf 78' lang='lat' dir='ltr'>sanquine</span> <span class='ocrx_word' id='word_1_448' title='bbox 858 4282 904 4340; x_wconf 86' lang='lat' dir='ltr'>Qui</span> <span class='ocrx_word' id='word_1_449' title='bbox 922 4282 1009 4331; x_wconf 83' lang='lat' dir='ltr'>delicta</span> <span class='ocrx_word' id='word_1_450' title='bbox 1025 4296 1069 4330; x_wconf 85' lang='lat' dir='ltr'>suo</span> <span class='ocrx_word' id='word_1_451' title='bbox 1088 4280 1215 4330; x_wconf 86' lang='lat' dir='ltr'>multorum</span> <span class='ocrx_word' id='word_1_452' title='bbox 1234 4286 1357 4345; x_wconf 75' lang='lat' dir='ltr'>sanguiue</span> <span class='ocrx_word' id='word_1_453' title='bbox 1376 4286 1453 4339; x_wconf 74' lang='lat' dir='ltr'>rotat</span> 
     </span>
     <span class='ocr_line' id='line_1_44' title="bbox 525 4361 1501 4431; baseline 0.006 -18"><span class='ocrx_word' id='word_1_454' title='bbox 525 4365 621 4425; x_wconf 79' lang='lat' dir='ltr'>sanguis</span> <span class='ocrx_word' id='word_1_455' title='bbox 857 4368 902 4415; x_wconf 86' lang='lat' dir='ltr'>Pro</span> <span class='ocrx_word' id='word_1_456' title='bbox 910 4368 1019 4430; x_wconf 79' lang='lat' dir='ltr'>reprobis</span> <span class='ocrx_word' id='word_1_457' title='bbox 1029 4367 1118 4430; x_wconf 88' lang='lat' dir='ltr'>probus</span> <span class='ocrx_word' id='word_1_458' title='bbox 1128 4374 1150 4416; x_wconf 89' lang='lat' dir='ltr'>et</span> <span class='ocrx_word' id='word_1_459' title='bbox 1160 4381 1238 4428; x_wconf 82' lang='lat' dir='ltr'>curus,</span> <span class='ocrx_word' id='word_1_460' title='bbox 1248 4382 1294 4431; x_wconf 89' lang='lat' dir='ltr'>pro</span> <span class='ocrx_word' id='word_1_461' title='bbox 1306 4371 1396 4420; x_wconf 85' lang='lat' dir='ltr'>ritibus</span> <span class='ocrx_word' id='word_1_462' title='bbox 1405 4382 1467 4429; x_wconf 71' lang='lat' dir='ltr'>urunt¹</span> <span class='ocrx_word' id='word_1_463' title='bbox 1474 4361 1501 4412; x_wconf 60' lang='lat'>¹²⁵</span> 
     </span>
     <span class='ocr_line' id='line_1_45' title="bbox 221 4445 1467 4519; baseline 0.006 -25"><span class='ocrx_word' id='word_1_464' title='bbox 221 4445 349 4495; x_wconf 81' lang='lat' dir='ltr'>Conuesus</span> <span class='ocrx_word' id='word_1_465' title='bbox 365 4447 442 4509; x_wconf 84' lang='lat' dir='ltr'>cupite</span> <span class='ocrx_word' id='word_1_466' title='bbox 459 4449 536 4512; x_wconf 87' lang='lat' dir='ltr'>spinis</span> <span class='ocrx_word' id='word_1_467' title='bbox 553 4451 688 4499; x_wconf 81' lang='lat' dir='ltr'>ostenditur</span> <span class='ocrx_word' id='word_1_468' title='bbox 705 4463 779 4511; x_wconf 71' lang='lat' dir='ltr'>aquus</span> <span class='ocrx_word' id='word_1_469' title='bbox 858 4451 1041 4514; x_wconf 83' lang='lat' dir='ltr'>Corporctronro</span> <span class='ocrx_word' id='word_1_470' title='bbox 1051 4453 1143 4515; x_wconf 85' lang='lat' dir='ltr'>vitaque</span> <span class='ocrx_word' id='word_1_471' title='bbox 1152 4448 1220 4513; x_wconf 84' lang='lat' dir='ltr'>deus,</span> <span class='ocrx_word' id='word_1_472' title='bbox 1232 4463 1357 4506; x_wconf 86' lang='lat' dir='ltr'>mactatus</span> <span class='ocrx_word' id='word_1_473' title='bbox 1366 4464 1394 4506; x_wconf 93' lang='lat' dir='ltr'>ut</span> <span class='ocrx_word' id='word_1_474' title='bbox 1401 4467 1467 4519; x_wconf 69' lang='lat' dir='ltr'>equus</span> 
     </span>
     <span class='ocr_line' id='line_1_46' title="bbox 179 4532 1467 4606; baseline 0.01 -27"><span class='ocrx_word' id='word_1_475' title='bbox 179 4537 211 4587; x_wconf 75' lang='grc'>’15</span> <span class='ocrx_word' id='word_1_476' title='bbox 222 4532 304 4581; x_wconf 83' lang='lat' dir='ltr'>itostis</span> <span class='ocrx_word' id='word_1_477' title='bbox 322 4540 403 4580; x_wconf 86' lang='lat' dir='ltr'>sanctu</span> <span class='ocrx_word' id='word_1_478' title='bbox 423 4532 476 4582; x_wconf 90' lang='lat' dir='ltr'>deo.</span> <span class='ocrx_word' id='word_1_479' title='bbox 501 4533 575 4582; x_wconf 83' lang='lat' dir='ltr'>Cuius</span> <span class='ocrx_word' id='word_1_480' title='bbox 590 4535 621 4583; x_wconf 89' lang='lat' dir='ltr'>de</span> <span class='ocrx_word' id='word_1_481' title='bbox 639 4543 715 4584; x_wconf 89' lang='lat' dir='ltr'>morte</span> <span class='ocrx_word' id='word_1_482' title='bbox 733 4535 812 4598; x_wconf 76' lang='lat' dir='ltr'>piacli,</span> <span class='ocrx_word' id='word_1_483' title='bbox 857 4539 982 4601; x_wconf 76' lang='lat' dir='ltr'>Acciperet</span> <span class='ocrx_word' id='word_1_484' title='bbox 998 4551 1043 4586; x_wconf 87' lang='lat' dir='ltr'>uos</span> <span class='ocrx_word' id='word_1_485' title='bbox 1061 4546 1086 4587; x_wconf 90' lang='lat' dir='ltr'>et</span> <span class='ocrx_word' id='word_1_486' title='bbox 1102 4539 1172 4587; x_wconf 81' lang='lat' dir='ltr'>uobis</span> <span class='ocrx_word' id='word_1_487' title='bbox 1189 4553 1217 4587; x_wconf 81' lang='lat' dir='ltr'>sc</span> <span class='ocrx_word' id='word_1_488' title='bbox 1235 4538 1376 4591; x_wconf 77' lang='lat' dir='ltr'>effunderet</span> <span class='ocrx_word' id='word_1_489' title='bbox 1389 4542 1467 4606; x_wconf 74' lang='lat' dir='ltr'>ipsu!-</span> 
     </span>
     <span class='ocr_line' id='line_1_47' title="bbox 202 4615 1466 4692; baseline 0.012 -28"><span class='ocrx_word' id='word_1_490' title='bbox 202 4664 204 4669; x_wconf 84' lang='grc'><strong>,</strong></span> <span class='ocrx_word' id='word_1_491' title='bbox 221 4615 291 4665; x_wconf 85' lang='lat' dir='ltr'>Esset</span> <span class='ocrx_word' id='word_1_492' title='bbox 300 4624 326 4666; x_wconf 92' lang='lat' dir='ltr'>ut</span> <span class='ocrx_word' id='word_1_493' title='bbox 335 4618 359 4665; x_wconf 91' lang='lat' dir='ltr'>in</span> <span class='ocrx_word' id='word_1_494' title='bbox 372 4618 465 4678; x_wconf 72' lang='lat' dir='ltr'>siguum</span> <span class='ocrx_word' id='word_1_495' title='bbox 479 4624 503 4667; x_wconf 91' lang='lat' dir='ltr'>et</span> <span class='ocrx_word' id='word_1_496' title='bbox 516 4626 619 4669; x_wconf 81' lang='lat' dir='ltr'>vastatae</span> <span class='ocrx_word' id='word_1_497' title='bbox 631 4622 731 4684; x_wconf 75' lang='lat' dir='ltr'>pignora</span> <span class='ocrx_word' id='word_1_498' title='bbox 745 4622 829 4683; x_wconf 69' lang='lat' dir='ltr'>gentis,</span> <span class='ocrx_word' id='word_1_499' title='bbox 857 4624 897 4674; x_wconf 86' lang='lat' dir='ltr'>Sic</span> <span class='ocrx_word' id='word_1_500' title='bbox 906 4623 1099 4687; x_wconf 84' lang='lat' dir='ltr'>piacuitdouriuo</span> <span class='ocrx_word' id='word_1_501' title='bbox 1109 4632 1208 4673; x_wconf 86' lang='lat' dir='ltr'>rnorteru</span> <span class='ocrx_word' id='word_1_502' title='bbox 1217 4626 1326 4688; x_wconf 85' lang='lat' dir='ltr'>spatiare</span> <span class='ocrx_word' id='word_1_503' title='bbox 1334 4629 1466 4692; x_wconf 65' lang='lat' dir='ltr'>superbam</span> 
     </span>
    </p>
   </div>
   <div class='ocr_carea' id='block_1_3' title="bbox 219 4734 1468 4946">
    <p class='ocr_par' dir='ltr' id='par_1_3' title="bbox 219 4734 1468 4946">
     <span class='ocr_line' id='line_1_48' title="bbox 220 4734 1468 4807; baseline 0.011 -23"><span class='ocrx_word' id='word_1_504' title='bbox 220 4752 241 4784; x_wconf 84' lang='lat' dir='ltr'>e.</span> <span class='ocrx_word' id='word_1_505' title='bbox 255 4734 295 4784; x_wconf 79' lang='lat'>³5.</span> <span class='ocrx_word' id='word_1_506' title='bbox 319 4737 387 4798; x_wconf 81' lang='lat' dir='ltr'>Vutpu</span> <span class='ocrx_word' id='word_1_507' title='bbox 407 4736 453 4786; x_wconf 84' lang='lat' dir='ltr'>iata</span> <span class='ocrx_word' id='word_1_508' title='bbox 471 4745 561 4801; x_wconf 89' lang='lat' dir='ltr'>putant.</span> <span class='ocrx_word' id='word_1_509' title='bbox 636 4758 657 4792; x_wconf 81' lang='lat' dir='ltr'>u.</span> <span class='ocrx_word' id='word_1_510' title='bbox 672 4742 712 4791; x_wconf 82' lang='grc'>39.</span> <span class='ocrx_word' id='word_1_511' title='bbox 734 4744 802 4805; x_wconf 78' lang='lat' dir='ltr'>Vatpo</span> <span class='ocrx_word' id='word_1_512' title='bbox 821 4744 940 4794; x_wconf 84' lang='lat' dir='ltr'>bissenos.</span> <span class='ocrx_word' id='word_1_513' title='bbox 1025 4762 1045 4795; x_wconf 82' lang='lat' dir='ltr'>u.</span> <span class='ocrx_word' id='word_1_514' title='bbox 1059 4744 1099 4796; x_wconf 82' lang='lat'>65.</span> <span class='ocrx_word' id='word_1_515' title='bbox 1122 4746 1190 4807; x_wconf 77' lang='lat' dir='ltr'>Vatqo</span> <span class='ocrx_word' id='word_1_516' title='bbox 1209 4745 1287 4807; x_wconf 82' lang='lat' dir='ltr'>pinse</span> <span class='ocrx_word' id='word_1_517' title='bbox 1307 4749 1468 4798; x_wconf 78' lang='lat' dir='ltr'>conscribenti</span> 
     </span>
     <span class='ocr_line' id='line_1_49' title="bbox 220 4803 1461 4877; baseline 0.015 -26"><span class='ocrx_word' id='word_1_518' title='bbox 220 4803 294 4852; x_wconf 82' lang='lat' dir='ltr'>u.&#39;i5.</span> <span class='ocrx_word' id='word_1_519' title='bbox 318 4805 385 4870; x_wconf 75' lang='lat' dir='ltr'>Vutqo</span> <span class='ocrx_word' id='word_1_520' title='bbox 406 4808 471 4869; x_wconf 81' lang='lat' dir='ltr'>proti.</span> <span class='ocrx_word' id='word_1_521' title='bbox 524 4824 543 4856; x_wconf 76' lang='lat' dir='ltr'>e,</span> <span class='ocrx_word' id='word_1_522' title='bbox 558 4807 598 4858; x_wconf 78' lang='grc'>92.</span> <span class='ocrx_word' id='word_1_523' title='bbox 618 4810 678 4858; x_wconf 85' lang='lat' dir='ltr'>Num</span> <span class='ocrx_word' id='word_1_524' title='bbox 698 4812 797 4861; x_wconf 78' lang='lat' dir='ltr'>diuinus.</span> <span class='ocrx_word' id='word_1_525' title='bbox 839 4814 890 4863; x_wconf 87' lang='lat' dir='ltr'>Non</span> <span class='ocrx_word' id='word_1_526' title='bbox 913 4814 981 4877; x_wconf 81' lang='lat' dir='ltr'>urciqo</span> <span class='ocrx_word' id='word_1_527' title='bbox 1007 4822 1077 4865; x_wconf 78' lang='lat' dir='ltr'>extat.</span> <span class='ocrx_word' id='word_1_528' title='bbox 1162 4813 1239 4863; x_wconf 73' lang='lat' dir='ltr'>cut.</span> <span class='ocrx_word' id='word_1_529' title='bbox 1260 4817 1294 4865; x_wconf 89' lang='lat' dir='ltr'>sit</span> <span class='ocrx_word' id='word_1_530' title='bbox 1314 4819 1417 4869; x_wconf 77' lang='lat' dir='ltr'>diuinus.</span> <span class='ocrx_word' id='word_1_531' title='bbox 1450 4829 1461 4862; x_wconf 79' lang='lat'>⁵</span> 
     </span>
     <span class='ocr_line' id='line_1_50' title="bbox 219 4873 980 4946; baseline 0.012 -25"><span class='ocrx_word' id='word_1_532' title='bbox 219 4873 287 4936; x_wconf 81' lang='lat' dir='ltr'>suiqc</span> <span class='ocrx_word' id='word_1_533' title='bbox 304 4874 396 4936; x_wconf 80' lang='lat' dir='ltr'>tepitur.</span> <span class='ocrx_word' id='word_1_534' title='bbox 448 4892 468 4925; x_wconf 87' lang='lat' dir='ltr'>e.</span> <span class='ocrx_word' id='word_1_535' title='bbox 485 4875 539 4925; x_wconf 83' lang='lat' dir='ltr'>tot.</span> <span class='ocrx_word' id='word_1_536' title='bbox 558 4878 630 4927; x_wconf 88' lang='lat' dir='ltr'>unius</span> <span class='ocrx_word' id='word_1_537' title='bbox 648 4880 686 4927; x_wconf 84' lang='lat' dir='ltr'>Fr.</span> <span class='ocrx_word' id='word_1_538' title='bbox 696 4880 783 4929; x_wconf 80' lang='lat' dir='ltr'>turine.</span> <span class='ocrx_word' id='word_1_539' title='bbox 823 4883 892 4946; x_wconf 73' lang='lat' dir='ltr'>Vuipo</span> <span class='ocrx_word' id='word_1_540' title='bbox 910 4896 980 4932; x_wconf 87' lang='lat' dir='ltr'>uuus.</span> 
     </span>
    </p>
   </div>
   <div class='ocr_carea' id='block_1_4' title="bbox 0 0 1627 5775">
    <p class='ocr_par' dir='ltr' id='par_1_4' title="bbox 0 0 1627 5775">
     <span class='ocr_line' id='line_1_51' title="bbox 0 0 1627 5775; baseline 0 0"><span class='ocrx_word' id='word_1_541' title='bbox 0 0 1627 5775; x_wconf 95' lang='lat' dir='ltr'> </span> 
     </span>
    </p>
   </div>
  </div>
 </body>
</html>
