3242 5775
540 653 545 663 ·
646 643 797 690 uomens
819 645 961 693 eunus.
1330 641 1393 708 605

221 795 276 867 sit,
304 804 426 874 apparet
453 803 606 874 quatenns.
627 812 694 857 eunt
722 803 874 860 mortuum
896 797 989 872 dieat,
1022 796 1054 861 id
1076 809 1203 882 estque
1224 821 1343 869 curnem
1365 813 1397 870 et

170 908 175 946 ἴ
219 896 372 958 homiuem
396 896 537 957 etlilium
560 895 707 970 hominis,
730 914 792 959 non
812 897 889 978 ⁴qun
911 899 1050 980 spiritum
1072 908 1103 963 et
1116 920 1288 967 sermonem
1302 906 1396 975 etdei

219 996 323 1057 lilium.
358 997 504 1058 ‘liiccndo
528 997 671 1076 donique,
695 996 832 1059 Christus
853 1007 991 1063 mortuus
1012 1008 1075 1075 eet,
1098 1000 1128 1065 id
1150 989 1342 1079 eet'ntt'otns,
1363 1005 1397 1069 id

220 1098 300 1176 quod
322 1105 442 1159 unctum
466 1107 513 1160 est
533 1107 682 1161 mortuum
705 1097 853 1173 ostendit,
876 1098 907 1161 id
929 1106 977 1163 est
997 1119 1129 1164 mrnenr.
1171 1103 1262 1184 Ergo,
1283 1104 1394 1186 inquis,
1474 1117 1479 1124 '

220 1209 251 1276 ει
272 1217 329 1259 nos
352 1199 455 1260 eadem
477 1200 592 1261 ratione
613 1200 764 1263 ‘dicentes
787 1219 844 1281 qua
865 1199 937 1263 'vos
958 1201 1052 1264 lilium
1074 1219 1136 1264 non
1152 1201 1395 1286 bleepbernetnus

219 1298 251 1360 in
274 1300 426 1361 dominum
448 1301 554 1375 deum,
577 1319 638 1362 non
661 1302 741 1364 enirn
763 1320 799 1363 ex
820 1301 938 1390 divine,
958 1302 1012 1365 sed
1033 1321 1070 1365 ex
1086 1301 1215 1367 bumene
1229 1305 1395 1370 suosmet·

219 1410 370 1463 mortuum
393 1401 546 1463 'dicimus
589 1401 714 1482 'Atquin
735 1400 965 1482 blasphemetis,
993 1420 1056 1465 non
1084 1411 1198 1466 unturn
1219 1405 1289 1486 quie
1308 1425 1394 1470 ntor·

219 1513 304 1565 tuum
327 1503 424 1565 dicitis
446 1511 577 1582 patrem,
613 1503 667 1564 scd
696 1511 726 1565 et
747 1502 816 1582 quie
837 1502 1018 1566 crucifixum.
1063 1505 1293 1580 ”blulodiotione
1313 1507 1394 1572 enirn

220 1604 366 1676 crucifixi,
389 1606 464 1682 quae
485 1621 521 1665 ex
543 1603 608 1682 lege
629 1604 660 1665 in
682 1604 775 1665 filium
797 1605 940 1684 competit
965 1604 1047 1684 (quie
1068 1604 1206 1670 Christus
1227 1625 1284 1690 pro
1303 1607 1529 1680 nobles-tutte.

219 1704 387 1767 maledictio
410 1706 504 1766 iactus
528 1713 590 1778 est,
613 1722 674 1766 uon
691 1706 804 1783 pater),
828 1704 975 1768 Christum
998 1705 1165 1787 inpetrem
1187 1697 1395 1774 convertentes
1415 1705 1418 1710 ’

217 1806 251 1868 in
272 1816 386 1885 patrem
408 1805 631 1885 blasphematis.
674 1805 737 1867 Nos
766 1815 863 1868 eutem
894 1806 1028 1868 dicentes
1050 1791 1207 1870 Christum*
1221 1801 1392 1878 crnddxnrn
1404 1809 1498 1914 ὥ

218 1925 282 1967 non
304 1905 505 1968 maledicimus
527 1906 624 1982 illum,
654 1906 709 1968 sed
738 1907 926 1969 meledictum
946 1905 1020 1987 legis
1040 1908 1216 1984 referimus,
1248 1909 1317 1991 quio
1338 1929 1396 1976 neo

219 2008 376 2087 apostolus
409 2008 468 2068 lroc
498 2007 599 2068 dicens
631 2004 856 2086 blasphemavit.
911 2008 995 2070 Sicut
1025 2016 1124 2071 eutem
1158 2008 1197 2071 de
1228 2029 1288 2090 qno
1322 2011 1393 2093 quid
1433 2015 1439 2026 “

219 2110 298 2189 capit
319 2108 374 2169 dici
397 2108 461 2168 sine
483 2106 666 2187 blasphemia
688 2108 811 2183 dicitur,
841 2108 882 2170 ite
903 2108 983 2188 quod
1005 2127 1067 2171 non
1089 2109 1182 2190 capit,
1208 2110 1393 2192 blasphemie

220 2218 283 2282 est,
317 2210 343 2271 si
371 2209 495 2270 dicatur.
545 2208 624 2288 Ergo
653 2226 709 2271 nec
737 2227 912 2290 compassum
939 2218 986 2272 est
1012 2217 1099 2290 pater
1124 2210 1197 2273 lilio.
1246 2211 1394 2276 ¹¹Scilioet

218 2311 359 2373 directam
381 2309 595 2389 blasphemiam
617 2309 647 2371 in
669 2318 785 2391 patrem
806 2309 893 2372 veriti
913 2309 1038 2372 diminui
1060 2328 1125 2372 eem
1142 2310 1305 2374 boemudo
1320 2329 1393 2393 spe·
1447 2371 1453 2392 ‚
1496 2375 1500 2383 ,

217 2420 302 2484 runt,
327 2411 551 2473 ”concedentes
573 2410 631 2472 iam
653 2417 767 2490 patrem
790 2411 933 2473 etlilium
955 2411 1032 2472 duos
1056 2429 1141 2486 esse,
1171 2412 1198 2473 si
1219 2411 1299 2475 tilius
1321 2411 1395 2476 ¹’eie

218 2512 336 2593 quidem
359 2513 484 2591 patitur,
506 2520 592 2591 pater
613 2528 683 2572 vero
705 2511 894 2591 compatitur.
931 2511 1018 2573 Stulti
1041 2520 1072 2575 et
1092 2512 1124 2573 in
1145 2511 1214 2573 boc.
1246 2512 1325 2586 Quid
1346 2521 1395 2578 est

219 2611 298 2675 enim
321 2612 448 2691 compati
478 2631 564 2691 quam
593 2630 660 2673 cum
682 2611 740 2674 alio
768 2610 852 2691 petil
895 2611 990 2674 Porro
1019 2612 1045 2674 si
1077 2609 1270 2693 impassibilis
1296 2620 1393 2694 peter,
1515 2611 1518 2616 '

219 2714 320 2793 utique
343 2722 372 2774 ει
393 2710 662 2792 incompassibilis3
689 2721 742 2773 aut
763 2712 789 2773 si
811 2711 1046 2792 compassibilis,
1074 2712 1178 2793 utiquo
1200 2710 1392 2793 “possibilie

217 2815 297 2877 Nibil
320 2815 346 2876 ei
371 2813 444 2875 1’νει
465 2813 524 2874 boc
550 2812 658 2874 timore
687 2819 738 2874 tuo
765 2821 911 2893 praestes.
961 2813 1064 2876 Times
1093 2813 1193 2875 dicere
1219 2812 1392 2895 passibilem
1498 2857 1502 2862 -

218 2936 307 2998 quem
329 2916 403 2978 dicis
426 2914 675 2996 compassibilem.
722 2914 796 2976 'lam
817 2923 915 2977 autem
938 2913 1217 3001 ¹⁸incompossibsdis
1238 2924 1325 3005 pater
1345 2924 1394 2978 est

217 3037 304 3098 quam
327 3016 519 3099 impassibilis
541 3018 628 3077 etium
651 3017 729 3079 lilius
752 3036 788 3079 ex
811 3035 845 3078 ea
867 3016 1043 3079 condicione
1065 3034 1123 3095 qua
1144 3016 1219 3078 deus
1235 3024 1293 3081 est.
1331 3016 1392 3079 Sed

219 3119 396 3200 ¹'quomodo
420 3117 497 3178 filius
518 3135 625 3196 passus
648 3125 711 3192 est,
734 3117 758 3179 si
782 3135 844 3180 non
866 3134 1043 3198 compassus
1059 3126 1106 3179 est
1120 3125 1150 3179 et
1163 3116 1273 3197 peter?
1306 3116 1392 3181 ¹'Se-

216 3230 375 3300 paratura
398 3219 475 3293 lilio,
503 3236 563 3279 non
585 3237 602 3277 a
625 3218 692 3280 deo.
736 3218 808 3279 Nam
833 3228 863 3279 ει
883 3216 1007 3291 fluuius,
1039 3217 1066 3277 si
1094 3215 1189 3296 aliqua
1211 3217 1393 3281 turbulentis

217 3321 450 3390 contaminatur,
478 3336 655 3399 quamquam
676 3335 734 3379 una
755 3316 921 3379 substantio
942 3317 980 3379 de
1001 3318 1084 3378 lente
1104 3316 1243 3378 decurrat
1262 3334 1319 3379 nec
1339 3335 1392 3379 se·
1421 3316 1424 3323 ’

217 3427 357 3484 cernatur
378 3440 395 3480 a
416 3421 514 3492 lontc,
538 3429 636 3480 tamen
658 3417 738 3479 lluuii
760 3417 870 3478 iniuria
890 3434 951 3478 non
972 3413 1134 3496 pertinebit
1155 3416 1192 3477 ad
1210 3416 1341 3491 iontem
1362 3424 1394 3478 et
1505 3464 1509 3471 ,

215 3523 287 3584 licet
308 3539 383 3600 aqua
405 3519 496 3580 tontis
520 3518 587 3579 ¹'sit
609 3538 684 3598 quae
711 3518 839 3598 patietur
865 3516 896 3578 in
918 3516 1024 3590 lluuio,
1061 3515 1132 3577 dum
1160 3532 1222 3577 non
1250 3515 1281 3576 in
1309 3516 1393 3579 lente

217 3624 343 3704 patitur,
368 3622 421 3682 sed
444 3621 473 3681 in
496 3620 602 3693 llurio,
625 3638 686 3680 non
708 3620 777 3680 lons
798 3616 926 3698 patitur,
956 3616 1010 3677 sod
1032 3614 1156 3688 lluvius,
1179 3614 1231 3694 qui
1253 3633 1289 3678 ex
1310 3616 1393 3679 toute

218 3733 275 3786 est.
307 3723 350 3785 lta
372 3722 431 3784 ²''et
452 3721 574 3801 spiritus
597 3720 645 3781 dei
668 3719 747 3799 quod
768 3718 830 3801 pati
851 3715 979 3798 ’‘possit
999 3715 1030 3777 in
1045 3714 1123 3789 lilio,
1145 3714 1242 3795 ¹'quio
1255 3733 1318 3779 non
1332 3712 1393 3781 ¹'in

218 3910 243 3960 l.
263 3909 331 3974 quusi
348 3912 374 3958 l.
392 3910 457 3959 leid.
498 3908 522 3957 b.
541 3906 648 3970 lienique
666 3904 803 3955 dicendol.
821 3904 885 3955 leid.
930 3901 954 3953 d.
972 3900 1393 3966 dicentesqunoe(noett.tete.)

216 3979 292 4028 Adel.
311 3978 373 4026 leid.
408 3977 516 4026 dicentes
534 3981 626 4038 patrem
644 3989 690 4037 que
709 3987 751 4022 ros
768 3988 789 4023 c.
825 3979 918 4036 patrem
937 3978 1057 4020 mortuum
1076 3969 1184 4020 dieentes
1201 3970 1235 4033 d.,
1254 3968 1393 4033 esmfslrlo
1420 3994 1426 4001 ·

219 4046 312 4094 Ursino.
353 4043 376 4091 l.
396 4043 444 4093 non
463 4044 538 4092 lilium
557 4042 621 4093 leid.
657 4055 705 4090 non
724 4039 801 4090 iiiiii.
843 4037 867 4088 8.
885 4038 987 4088 dicimos
1005 4037 1158 4088 ocelleid.
1193 4036 1392 4101 bdtqnlneied.

216 4113 246 4161 dt
265 4111 380 4161 cumdii.
400 4112 463 4161 leid.
506 4109 545 4158 10.
564 4106 919 4158 beleuterioeeimllttete.
962 4103 1006 4155 11.·
1019 4103 1117 4171 Scilicet
1134 4118 1184 4168 epo.
1219 4102 1391 4167 siceotae,

217 4192 269 4230 eom
283 4179 465 4229 Poloiotlreioo.
501 4178 568 4226 Sicut
585 4177 672 4227 Allobo.
690 4176 755 4226 leid.
800 4172 839 4222 ¹2.
858 4171 1031 4223 contendentes
1047 4172 1073 4221 t.
1107 4170 1156 4221 11³.
1173 4171 1210 4221 rie
1243 4170 1324 4221 trident
1341 4185 1393 4235 epo.

218 4246 315 4311 quidem
335 4247 367 4307 d,
387 4262 438 4296 corn
455 4246 535 4294 fulvio
556 4244 646 4294 Ursino.
681 4242 800 4307 siquidem
817 4241 905 4291 Ababa
923 4240 987 4290 tete.
1043 4236 1084 4288 11.
1101 4246 1125 4286 et
1142 4237 1267 4302 possibile
1282 4238 1310 4290 1.
1326 4238 1393 4289 laid.

219 4314 260 4363 15.
278 4313 314 4363 vel
333 4314 380 4363 boc
398 4314 484 4361 timore
503 4320 544 4361 tuo
562 4313 594 4372 d,
615 4327 644 4361 eo
661 4311 774 4360 emendet.
791 4309 868 4359 Fuluii
878 4307 962 4357 Ursini.
1002 4304 1075 4354 relnti
1093 4311 1189 4355 mortno
1205 4304 1279 4356 ΔΜ.
1318 4304 1392 4357 veluti

219 4391 331 4430 mortuus
348 4382 414 4431 leid
454 4380 526 4429 veluti
551 4379 624 4434 trelut
641 4379 667 4428 B.
685 4381 708 4427 ie
726 4375 809 4448 uterq.)
833 4374 951 4425 morituro
975 4373 1139 4435 Blienorp,
1166 4372 1300 4435 neediee,
1323 4378 1390 4438 peto,

218 4449 427 4512 Hirroupieoeile,
446 4455 493 4496 tres
514 4448 624 4496 Votieorti.
685 4444 724 4496 16.
743 4440 1066 4507 compromittentes.
1124 4438 1163 4489 lt.
1187 4438 1284 4503 qnando
1306 4464 1341 4476 -
1357 4463 1392 4475 -

216 4524 256 4566 est
273 4524 297 4566 et
314 4523 392 4579 peter,
409 4523 536 4579 reperetur
552 4513 735 4564 Folollrriree.
787 4510 826 4561 18.
845 4508 1009 4574 Sepenbetnt·
1026 4508 1049 4556 d.
1097 4506 1137 4557 19.
1155 4506 1188 4556 rit
1203 4520 1267 4570 (μισ
1283 4507 1308 4557 d.
1341 4507 1391 4557 nti·

216 4598 264 4648 que
282 4584 327 4642 (eet
346 4583 431 4647 seque)
450 4583 562 4632 lotteioe.
597 4582 665 4631 sitire
682 4580 770 4631 Allobo.
787 4579 851 4629 Laid.
909 4574 951 4626 10.
976 4581 999 4624 et
1015 4574 1116 4639 spiritns
1133 4573 1172 4625 dei
1190 4572 1256 4638 quod
1273 4572 1391 4652 potione.

216 4652 262 4700 etei
281 4651 382 4714 spiritua
401 4650 439 4700 dei
458 4650 514 4714 qnid
533 4649 582 4713 poti
601 4651 624 4699 d.
666 4655 690 4698 et
705 4647 806 4712 spiritns
831 4644 868 4694 dei
893 4645 933 4708 qui
957 4641 1006 4707 pati
1023 4644 1062 4693 Ae.
1079 4642 1153 4704 leid,
1172 4648 1195 4692 et
1211 4640 1391 4719 treri'etreeel.

215 4726 241 4767 et
258 4719 359 4782 spiritus
377 4717 414 4767 dei
432 4718 481 4782 pati
500 4717 525 4766 li.
562 4715 643 4781 etqui
661 4716 766 4779 patiob.
785 4713 924 4764 Gorrieorie.
971 4707 1295 4774 rumunnense.
1347 4720 1391 4755 os·

215 4793 255 4834 set
275 4788 309 4846 d.,
329 4801 380 4835 com
397 4786 462 4835 Folo.
482 4785 571 4834 llrsino.
632 4781 675 4833 22.
693 4782 748 4848 quio
767 4789 847 4831 temen
872 4792 919 4829 non
944 4778 976 4841 d,
995 4792 1046 4830 tent
1062 4776 1144 4830 Fuluio
1163 4777 1256 4827 Ursino·
1340 4772 1391 4823 .ln

214 4861 286 4918 patre
304 4861 341 4903 eet
358 4851 608 4918 permaturuerit.
