3242 5775
889 685 902 715 ,
1098 595 1100 598 ’
1265 636 1327 700 ooa

660 652 697 694 DE
719 652 820 695 attila.

150 794 309 862 ”forsitan
332 799 458 862 artibus‘
481 800 646 872 divinabat,
679 820 717 861 ne
740 801 833 861 dicam
857 797 1049 862 somniabat?
1092 801 1171 872 Quid
1199 801 1224 861 si
1253 802 1330 863 idem
1368 826 1379 836 ··

155 900 280 963 daenion
306 903 336 961 in
359 902 410 962 illo
433 900 487 963 fuit
508 902 557 980 qui
574 903 647 963 etin
665 902 826 980 Euphorbo
849 920 898 962 res
921 901 1074 979 sanguinis
1097 900 1243 979 ”gessitf
1271 902 1331 963 fle·
1381 913 1384 919 ’

156 1003 245 1082 nique
276 1004 326 1081 qui
356 1022 390 1062 se
418 1002 638 1081 ²⁶Euphorbum
667 1002 707 1062 er
731 1013 905 1080 argumento
933 1002 1052 1081 2⁰clypei
1089 1002 1246 1081 probarat,
1279 1020 1332 1065 our

155 1105 305 1165 neminem
328 1103 525 1163 Troianorum
549 1103 783 1164 commilitonum
807 1123 901 1182 aeque
917 1102 1112 1181 recognovit?
1144 1102 1217 1164 Nam
1240 1113 1270 1165 et
1291 1103 1333 1165 iffi

157 1204 215 1266 ianr
238 1207 429 1274 revixissent,
452 1204 478 1264 si
501 1204 556 1264 riri
579 1223 614 1264 ex
637 1205 762 1265 mortuis
785 1206 900 1264 fierent

240 1307 375 1366 bfortuos
398 1306 574 1384 quidem'ex
597 1305 668 1365 rivis
691 1306 766 1366 effici
789 1316 922 1378 constat,
950 1323 1009 1365 riou
1033 1305 1100 1366 ideo
1124 1314 1221 1366 tamen
1243 1315 1274 1367 et
1293 1324 1330 1368 ex
1348 1300 1482 1381 cubum

151 1407 281 1468 mortuis
305 1407 398 1466 rivos.
442 1406 485 1466 hb
508 1405 591 1467 initio
615 1406 693 1466 enim
716 1406 771 1465 riri
794 1405 926 1484 priores,
964 1407 1042 1467 unde
1070 1406 1106 1467 ab
1129 1406 1214 1468 initio
1237 1426 1331 1488 aeque

151 1507 267 1569 lnortui
289 1508 485 1586 posteriores.
529 1508 595 1568 Non
624 1507 741 1567 aliunde
771 1525 858 1585 quam
888 1526 924 1567 ex
946 1506 1027 1567 vivis.
1071 1507 1116 1567 illi
1146 1508 1332 1572 ¹habuerunt

154 1610 234 1670 unde
256 1608 375 1687 ’potius
399 1608 568 1679 orirentur,
598 1610 667 1668 dum
691 1626 728 1668 ne
751 1627 785 1667 ex
809 1608 945 1669 mortuis.
989 1608 1042 1669 fsti
1065 1626 1125 1668 non
1148 1609 1332 1672 “habuerunt
1412 1673 1416 1680 ,

150 1711 234 1772 unde
255 1709 350 1787 magis
374 1709 604 1781 deducerentur,
638 1708 712 1769 ⁴nisi
742 1727 777 1768 ex
805 1709 887 1769 rivis.
933 1708 1024 1786 Igitur
1052 1708 1078 1769 si
1106 1709 1143 1770 ab
1166 1709 1250 1771 initio
1273 1710 1329 1771 riri

150 1829 218 1872 lion
239 1830 273 1872 ex
297 1811 439 1880 mortuis,
462 1830 514 1870 cur
537 1819 640 1887 postea
663 1828 698 1870 er
720 1808 872 1870 mortuis?
908 1811 1060 1870 Defecerat
1074 1809 1137 1882 ilfa,
1161 1810 1330 1889 quicunque

151 1923 220 1985 est,
243 1911 385 1989 ‘originis
408 1908 500 1970 fons?
533 1912 576 1969 An
600 1913 710 1971 formae
733 1910 901 1989 paenituit?
923 1921 953 1971 et
975 1910 1125 1990 quomodo
1148 1911 1179 1971 in
1200 1910 1329 1972 mortuis
1393 1962 1401 1970 .

151 2013 234 2073 safra
257 2010 326 2073 est?
369 2010 435 2070 Non
458 2012 525 2088 quia
548 2010 583 2071 ab
605 2012 690 2072 initio
713 2012 822 2071 mortui
847 2031 882 2072 er
904 2012 994 2085 vivis,
1017 2012 1127 2074 idcirco
1151 2031 1271 2092 semper
1292 2031 1329 2074 ex

148 2112 253 2175 viris?
285 2114 343 2173 hut
365 2111 444 2172 enim
468 2112 496 2171 in
520 2122 642 2190 utraque
665 2121 748 2192 parte
772 2115 865 2173 forma
881 2113 956 2173 initii
972 2123 1212 2192 perseverasset,
1234 2113 1327 2175 autin

152 2224 279 2294 utraque
302 2222 461 2284 mutasset,
490 2212 539 2273 ⁶ut
560 2214 583 2273 si
607 2214 689 2273 rivos
713 2232 748 2273 ex
770 2214 896 2274 mortuis
919 2225 1024 2292 postea
1051 2215 1116 2275 fieri
1145 2223 1327 2293 oportuerat,

149 2315 277 2393 perinde
300 2322 453 2392 oporteret
475 2313 561 2374 etiam
585 2332 644 2373 non
669 2333 704 2373 er
728 2314 800 2372 rivis
824 2314 899 2375 ellici
921 2326 1067 2376 mortuos.
1119 2315 1151 2375 Si
1174 2333 1235 2376 non
1256 2333 1327 2394 per·

153 2433 280 2494 aequare
303 2413 426 2475 deberet
446 2415 519 2475 fides
543 2414 754 2486 institutionis,
788 2434 849 2474 non
878 2434 1088 2494 usquequaque
1116 2417 1263 2477 contraria
1293 2433 1328 2476 ex

154 2516 312 2577 contrariis
334 2516 490 2575 reformari
511 2515 665 2575 alternant.
709 2516 747 2575 Et
769 2535 826 2575 nos
849 2518 928 2577 enim
950 2535 1137 2595 opponemus
1160 2517 1327 2578 contrarie·
1401 2570 1404 2574 ,

159 2624 230 2678 tates
254 2617 314 2678 nati
337 2630 367 2677 et
389 2617 497 2687 innati,
528 2616 702 2676 visualitatis
726 2627 754 2676 ct
776 2617 943 2690 caecitatis,
971 2618 1107 2679 iuventae
1130 2625 1159 2677 et
1180 2627 1327 2691 senectae,

160 2720 316 2798 sapientiae
340 2725 369 2779 et
391 2717 591 2796 insipientiam
625 2736 680 2777 nec
701 2725 799 2778 tumen
829 2717 914 2779 tideo
942 2718 1075 2779 innatum
1104 2720 1141 2780 de
1163 2727 1232 2782 nato
1250 2738 1328 2799 ⁴pro·

166 2867 200 2921 23.
216 2873 316 2922 forsitan
335 2873 360 2920 Α.
402 2870 483 2919 forsan
508 2872 599 2934 reliqui.
659 2869 698 2919 tt.
718 2872 794 2932 gessit
815 2871 867 2922 Cub.
909 2873 982 2922 cessit
1005 2873 1048 2923 tu.
1108 2872 1149 2922 25.
1174 2872 1328 2936 quuphor·

167 2936 254 2992 hant.
309 2938 483 3001 tucttpcin.

224 3007 378 3071 capttttx.
424 3008 444 3054 1.
464 3007 598 3055 habuerunt
617 3008 655 3055 lh.
693 3007 826 3055 habuerant
845 3009 936 3072 reliqui.
996 3007 1019 3056 2.
1038 3009 1119 3070 potius
1139 3009 1261 3057 orirentur
1278 3016 1331 3060 tor-

171 3083 305 3138 renturAq.
326 3074 489 3130 circumibat
508 3075 565 3122 att.
602 3076 815 3135 proficiscerentur
836 3075 872 3123 Co.
933 3073 1168 3126 sturminium.
1205 3076 1332 3125 habuerint

170 3143 245 3206 reliqui.
299 3142 323 3190 4.
350 3144 395 3190 nisi
420 3156 446 3189 er
471 3142 525 3188 rivis
545 3157 588 3190 orn.
609 3143 645 3190 th.
706 3143 730 3189 5.
749 3143 835 3202 origini
855 3145 895 3192 lt.
949 3142 972 3190 6.
992 3150 1017 3191 ut
1035 3145 1055 3191 si
1074 3144 1132 3192 ata.
1176 3144 1259 3193 Sidi.
1306 3142 1331 3192 ’1.

171 3208 241 3260 idoneo
259 3214 309 3274 ily.

171 3310 244 3360 codicis
269 3310 388 3370 hyobardi
416 3309 564 3370 comprobat.
602 3309 717 3357 Similiter

169 3378 305 3440 explicarunt
319 3378 374 3425 hdr.
386 3378 511 3424 Turnebus
522 3377 630 3424 hdrerss.
641 3376 716 3432 tritt,

169 3443 200 3492 21.
224 3455 246 3495 et
269 3445 418 3504 bulengerus
442 3446 492 3491 adr.
519 3445 597 3504 lfagos
624 3444 651 3499 ll,
671 3443 717 3500 12,

106 3552 107 3567 ,
169 3527 227 3574 quem
247 3516 301 3563 citat
322 3512 410 3560 ludov.
429 3514 457 3559 de
478 3512 498 3558 fa
518 3512 602 3559 Corda.
646 3511 715 3558 Cata·

167 3580 257 3639 bolicos,
277 3581 397 3636 fatidicos,
416 3580 556 3640 pythonicos
577 3577 651 3636 iungit
670 3579 716 3624 Po·

166 3651 243 3696 taurim
261 3648 339 3698 Tract.
366 3649 395 3694 ile
414 3647 522 3708 Martyris
544 3648 629 3693 Esaiae
659 3659 715 3705 pro·

164 3716 241 3778 phetae
258 3731 281 3779 p.
292 3714 349 3763 301.
370 3716 392 3761 in
409 3714 512 3761 Zenonis
531 3714 593 3775 Opp.
613 3713 649 3759 cd.
661 3712 716 3760 uat-

164 3783 239 3832 lerin.:
264 3784 329 3842 „Sed
350 3781 432 3838 Belial,
458 3781 521 3829 filius
541 3781 664 3838 Ezechiae,
683 3781 717 3827 vir

164 3859 268 3899 cruentus
293 3858 316 3899 et
335 3850 450 3913 prodigus
474 3849 638 3908 genealogiae,
666 3863 716 3895 ma·

163 3919 313 3975 thematieus‚
342 3918 534 3975 cntuboficormn,
569 3917 717 3977 fatidicorum

162 3989 330 4049 (phisidieorum
347 3985 398 4033 cod.
412 3984 532 4040 Romans,
550 3986 717 4045 phiridicorum

163 4049 200 4102 alii
216 4055 279 4110 libri)
297 4062 318 4101 et
328 4054 502 4116 pythonicorum
516 4052 633 4098 antistes'‘
653 4058 717 4108 cett,

163 4120 294 4182 Fulgentius
314 4119 346 4167 fle
359 4119 453 4167 Contin.
466 4119 548 4178 Vergil.
570 4116 659 4180 pttt.
679 4117 716 4165 ed.

162 4188 219 4237 Star.
238 4203 301 4248 „nec
321 4188 370 4241 illa,
389 4201 450 4248 quae
464 4186 588 4233 bardinus
608 4186 629 4232 in
643 4186 717 4247 dyna-

161 4258 243 4314 neris,
268 4264 309 4304 ant
334 4255 453 4302 Battiades
479 4254 500 4301 iu
526 4253 651 4315 paredris,
678 4260 718 4300 aut

162 4323 295 4387 Campester
315 4325 338 4371 in
358 4323 492 4370 catabolieis
512 4320 717 4382 infernalibusque

161 4390 320 4441 cecinerant“
345 4390 449 4450 Spiritus
469 4389 563 4449 paredri
582 4396 638 4436 sunt
657 4402 718 4449 quos

160 4461 227 4508 etiam
244 4459 345 4521 spiritus
365 4456 504 4511 familiares,
524 4456 607 4517 quales
626 4456 717 4502 habue-

159 4535 210 4576 runt
222 4527 331 4576 Plotinus
346 4524 471 4585 (Porphyr.
482 4524 522 4570 tit.
534 4523 619 4571 Plotini
637 4520 717 4580 c.10)

158 4600 229 4657 «Δρ
231 4594 338 4642 ollonius
356 4592 422 4650 (Eos.
438 4607 458 4639 c.
472 4590 575 4639 flierocl.
595 4605 646 4652 cap.
657 4589 716 4645 aa).

157 4661 276 4726 Pythonici
295 4673 352 4707 rero
370 4659 520 4719 spiritustcf
529 4658 589 4706 infra
604 4672 656 4720 cap
665 4657 716 4715 ot)

106 4768 107 4776 ,
156 4739 208 4780 rant
226 4728 448 4842 reotriloq;uorum
468 4740 521 4773 nam
536 4726 653 4788 Pythones
673 4739 717 4787 ap-

106 4800 277 4878 lpeffabant
312 4787 559 4858 ἐγγαστριμίιμῖους
615 4792 716 4841 Suidas:

106 4857 428 4947 ΙᾸΕγγαστρίμυθος·
467 4854 714 4925 ζγγαστρίμαντις

770 3325 802 3355 ον
819 3325 870 3354 νιν
887 3322 957 3360 τινες
975 3302 1119 3356 Habuerat
1137 3318 1192 3359 cell.
1220 3310 1255 3359 Cf
1264 3310 1329 3371 Ortg

770 3370 836 3440 Περὶ
852 3368 954 3440 lippae
968 3376 1038 3434 1113
1066 3378 1098 3424 fta
1110 3377 1237 3425 Deuteion
1250 3376 1329 3436 111’,111

772 3445 808 3491 fl
830 3445 925 3503 Vulgata
945 3413 1007 3491 bord
1028 3445 1055 3490 ha
1060 3445 1122 3499 bet,
1126 3460 1180 3495 neo
1198 3444 1330 3507 qoipytho-

768 3527 808 3558 nes
828 3511 963 3559 con.·ulut.“
967 3548 973 3570 ‚
993 3510 1019 3557 tv
1033 3512 1089 3570 fleg.
1101 3510 1194 3568 11111,6.
1214 3518 1255 3569 „et
1274 3510 1331 3560 fecit

768 3580 879 3641 pythones
907 3586 929 3625 et
958 3578 1050 3625 divinos
1080 3578 1195 3625 multos.“
1241 3577 1329 3627 Contra

768 3645 846 3705 tneg.
859 3643 998 3701 xxviiii:
1017 3644 1148 3701 „ouium
1167 3632 1224 3692 mili
1242 3645 1329 3693 mutia-

768 3727 818 3760 rem
839 3712 965 3760 habentem
982 3709 1142 3775 pythoncm.“,
1165 3714 1252 3776 python
1276 3713 1328 3774 ipse

768 3780 855 3828 dicitur
882 3780 996 3841 spiritus,
1031 3780 1232 3841 quomadmodum
1257 3780 1329 3828 etiam

768 3852 816 3895 hot.
829 3847 884 3903 xvi,
898 3847 928 3895 16
947 3847 1132 3907 Versioffulgata
1152 3847 1223 3896 habet
1240 3847 1330 3911 „puel-

768 3915 816 3963 lam
835 3916 953 3977 quandam
974 3915 1230 3978 habentem-spiritum
1246 3917 1331 3979 pytho-

768 3981 850 4042 nem,“
875 3997 928 4030 cnm
950 3984 971 4031 in
991 3984 1091 4045 Antiqua
1111 3990 1172 4031 estat
1191 3983 1329 4045 „quandam

770 4050 896 4098 habentem
915 4050 1025 4112 spiritum
1037 4049 1184 4113 phytonis.“,
1205 4051 1288 4099 eadem
1307 4059 1330 4100 et
1428 4061 1431 4066 '

770 4117 853 4167 Graeci
874 4118 1024 4165 instrumenti
1043 4118 1178 4180 scripturae
1190 4118 1329 4166 inconstan-

769 4186 808 4233 tia.
839 4186 938 4234 Verbum
948 4187 1098 4248 pythoniaore
1115 4185 1232 4245 signifieat
1243 4186 1329 4248 pytho-

770 4254 824 4300 nico
844 4254 929 4314 spiritu
957 4253 1003 4312 agi.
1038 4251 1098 4300 thu.
1119 4252 1250 4301 Columbae
1269 4252 1331 4301 lica-

769 4321 833 4369 tinae
852 4319 938 4369 tomi'
957 4319 1010 4367 ldaii
1029 4318 1127 4381 pilbfl:
1152 4319 1206 4378 „iel
1226 4334 1270 4369 usa
1289 4333 1330 4369 ra·

769 4389 841 4437 tionis
851 4389 949 4478 privata
961 4389 1120 4450 pythonicoret
1138 4387 1207 4449 quasi
1226 4401 1330 4449 energu-

769 4459 867 4503 mena‘*
903 4456 1039 4516 Pythonissu
1057 4453 1212 4517 explicatur
1206 4469 1229 4503 in
1249 4456 1330 4505 Gloss.

769 4524 819 4571 Lat.
839 4525 862 4571 in
882 4522 933 4569 hfaii
953 4528 1027 4571 tuctt.
1047 4522 1124 4571 Closs.
1154 4531 1210 4571 torri.
1226 4521 1287 4582 tttt,
1306 4535 1330 4584 p

768 4589 832 4640 483:
856 4591 1021 4651 „bythonissq
1048 4591 1147 4654 spiritus
1173 4589 1270 4650 inferni,
1294 4585 1329 4637 rel

769 4658 920 4707 divinatrixst‘

803 4727 875 4774 i.his
895 4725 994 4774 forsitan
1014 4720 1117 4789 artibus]
1142 4726 1178 4775 ct.
1197 4737 1258 4787 quae
1274 4734 1331 4770 nar-

768 4800 805 4841 rat
832 4794 862 4841 de
886 4793 1021 4856 Pherecyde
1047 4793 1113 4854 flioy.
1140 4793 1217 4842 Laert.
1243 4790 1267 4850 1,
1289 4787 1328 4848 tt,
1361 4854 1365 4858 μ

771 4859 820 4909 116
839 4875 892 4925 sqq
