3242 5775
324 681 387 745 2⁰0
581 699 682 750 Qlllli'l'l
704 699 834 743 stertunt
855 687 1020 743 rtbnstttts
1042 698 1237 744 sternunt!

322 864 479 927 resurgere
510 846 625 909 dicitur.
680 847 724 909 lis
752 848 830 909 enim
860 847 968 927 syllaba
998 848 1146 911 iterationi
1174 866 1297 929 semper
1327 849 1492 912 adhibetur.

322 947 434 1010 Cadere
455 966 526 1026 ergo
549 948 674 1010 dicimus
697 967 805 1031 eorpus
835 949 866 1010 in
894 959 1003 1011 terram
1030 967 1087 1030 per
1113 957 1256 1040 mortem,
1293 950 1372 1012 sicut
1393 959 1426 1013 et
1445 970 1494 1013 ree

170 1074 306 1125 affingis,
321 1049 387 1128 ipsa
409 1057 549 1121 testetur,
572 1069 606 1111 ex
630 1051 676 1112 dei
699 1050 773 1129 lege.
817 1043 941 1129 Corpori
964 1050 1042 1111 enim
1065 1050 1260 1123 dictumest,
1293 1050 1387 1113 Terra
1409 1070 1444 1114 es
1466 1062 1496 1114 et

320 1150 350 1211 in
374 1160 481 1212 terram
505 1151 573 1211 ibis.
617 1151 658 1211 lta
681 1150 760 1230 quod
788 1150 830 1211 de
855 1156 933 1211 terra
954 1159 1002 1212 est
1022 1150 1076 1213 ibit
1096 1151 1126 1212 in
1150 1161 1269 1213 terram.
1314 1152 1379 1214 llos
1400 1153 1496 1215 ‘uuit

168 1252 399 1331 teor.xr,er.quod
422 1251 453 1312 in
474 1260 582 1313 terram
605 1251 680 1324 abit,
703 1252 760 1312 hnc
781 1247 911 1329 resurgit
932 1251 1010 1330 quod
1033 1251 1120 1314 eadit.
1165 1252 1241 1332 Quia
1263 1272 1318 1332 per
1339 1254 1493 1316 bominem

319 1371 417 1425 mors,
451 1349 561 1432 et'per
587 1351 738 1413 bominem
767 1352 957 1414 resurreetio.
1006 1351 1061 1414 llic
1088 1352 1160 1414 mibi
1189 1362 1220 1414 et
1240 1352 1353 1415 Christi
1380 1373 1492 1435 eorpus

319 1453 489 1515 ostenditur
509 1452 539 1513 in
561 1452 682 1514 nomine
705 1451 852 1524 bominis,
867 1489 870 1494 -
885 1453 936 1532 qui
963 1461 1138 1528 constater
1159 1471 1302 1534 corpore,
1340 1463 1374 1516 ut
1403 1474 1494 1536 saepe

168 1555 377 1628 retexentem
399 1554 564 1616 docuimus.
598 1552 713 1625 Quodsi
735 1552 779 1614 sic
802 1554 831 1615 in
847 1553 965 1616 Christo
987 1554 1168 1616 vivificamur
1189 1573 1295 1616 omnes
1310 1555 1389 1617 sicut
1406 1574 1494 1618 mor-

235 1675 240 1694 ’
320 1655 463 1717 tilicnmur
483 1654 513 1715 in
528 1654 636 1725 Adam,
657 1652 792 1733 'quando
816 1653 844 1715 in
860 1654 952 1716 ldam
974 1656 1344 1735 corporomortilicamur,
1367 1656 1414 1717 sic
1434 1674 1495 1718 ne·

318 1775 404 1818 nesse
426 1754 525 1817 estin
549 1746 696 1828 '‘tehri'sto,
715 1749 843 1844 corpore
865 1755 1053 1817 virilicemur.
1089 1755 1226 1818 Ceterum
1243 1755 1408 1818 similitudo
1429 1775 1495 1820 non

319 1864 436 1919 constet
456 1855 482 1917 si
505 1869 566 1917 non
593 1855 624 1916 in
653 1856 756 1917 eadem
784 1854 949 1918 substantia
970 1856 1206 1919 mortificationis
1229 1858 1258 1918 in
1280 1858 1373 1919 hdam
1395 1857 1505 1920 civim·

319 1958 395 2021 cotio
417 1956 625 2020 concurratis
646 1955 778 2018 Christo.
817 1956 876 2018 Sed
897 1957 1078 2037 interposuit
1098 1958 1194 2020 adhuc
1215 1957 1325 2038 aliquid
1346 1958 1385 2020 de
1400 1959 1494 2021 Chri-

318 2068 381 2131 sto,
404 2066 435 2119 et
454 2065 577 2138 propter
597 2067 784 2137 praesentem
805 2056 1051 2146 disceptationem
1073 2076 1132 2119 uon
1148 2058 1354 2138 emittendum.
1392 2059 1494 2122 Tento

318 2160 413 2239 magis
441 2158 519 2220 enirn
549 2155 723 2237 probebdur
750 2158 849 2220 earnis
876 2159 1075 2236 resurrectio,
1105 2169 1216 2240 quanto
1244 2160 1397 2223 Christum
1425 2161 1494 2224 eine

317 2260 365 2323 dei
387 2259 549 2322 ostendero
571 2259 648 2340 apud
670 2278 759 2339 quem
787 2245 918 2322 creditur
944 2260 1041 2322 earnis
1070 2261 1260 2324 resurreetio.
1302 2262 1378 2323 Cum
1407 2261 1494 2336 dicit,

190 2363 302 2461 lffltff'·
317 2362 445 2444 Oportet
465 2361 544 2423 enim
565 2378 691 2438 regnare
713 2353 918 2434 eum,'dunee
935 2361 1053 2441 “ponat
1072 2361 1208 2424 inimicos
1229 2364 1294 2425 eius
1317 2363 1376 2424 sub
1396 2364 1494 2444 pedes

316 2465 396 2538 eius,
424 2461 482 2525 iam
504 2462 622 2541 quidem
645 2468 732 2523 etex
754 2461 812 2524 hoc
834 2462 988 2525 ¹²ultorem
1016 2463 1102 2525 deum
1126 2462 1228 2536 edicit,
1265 2472 1353 2544 atque
1381 2463 1493 2527 exinde

165 2551 414 2654 ''ew-ipsum
436 2563 486 2643 qui
509 2563 566 2625 boc
587 2561 705 2624 Christo
728 2564 949 2652 repromiserit:
971 2563 1048 2626 Sede
1070 2564 1107 2626 ad
1128 2565 1278 2626 dextera·
1293 2583 1406 2636 meam,
1431 2564 1492 2628 do·

316 2684 372 2728 nec
391 2682 501 2745 ponam
522 2663 658 2736 inimicos
682 2672 751 2725 tuoe
771 2664 930 2727 scabellum
952 2666 1061 2745 pedum
1077 2673 1212 2728 tuorum:
1235 2667 1345 2745 uirgam
1369 2666 1492 2730 virtutis

314 2778 383 2830 tuse
404 2766 519 2828 emittet
540 2766 678 2827 dominus
700 2784 736 2826 ex
757 2764 849 2839 Sion,
872 2775 902 2828 et
924 2765 1151 2829 ”dominabitur
1172 2767 1203 2828 in
1226 2768 1323 2830 medio
1346 2767 1490 2832 inimieo-

308 2888 382 2932 rum
405 2867 550 2943 “tuorum
572 2876 680 2930 tecum.
730 2866 939 2930 Sedneoesse
961 2877 1008 2930 est
1028 2868 1064 2930 ad
1093 2888 1189 2931 meam
1211 2869 1393 2933 sententiam
1414 2889 1491 2952 per·

315 2970 410 3033 tinere
431 2969 586 3031 delendam
609 2960 846 3048 ees'scripturee
867 2988 940 3049 quae
963 2978 993 3031 et
1006 2970 1105 3032 ludaei
1128 2970 1215 3032 nobis
1231 2989 1356 3033 evocare
1370 2990 1493 3035 eumn..

166 3059 305 3128 unnim,
315 3080 373 3133 tur.
416 3071 524 3133 Dicunt
544 3070 672 3148 denique
693 3069 773 3131 hune
792 3070 939 3150 psalmum
967 3072 1000 3133 in
1020 3071 1176 3133 Ezechiam
1199 3072 1361 3144 cecinisse,
1390 3072 1494 3153 “quie

164 3127 341 3232 nmilia
364 3172 475 3234 sederit
495 3170 532 3233 ad
555 3172 704 3233 dexteram
726 3171 846 3251 templi,
868 3180 899 3232 et
919 3172 1023 3232 hostes
1041 3173 1106 3233 eius
1120 3172 1258 3233 evenerit
1278 3173 1355 3235 deos
1377 3182 1411 3235 et
1430 3173 1496 3237 eb-

188 3229 299 3346 iichEe
314 3272 491 3354 sumpserit;
513 3281 670 3352 propterea
692 3271 781 3348 igitur
802 3279 834 3332 et
853 3280 966 3343 cetera,
991 3272 1067 3333 Ante
1087 3273 1241 3334 lucilerum
1264 3291 1299 3334 ex
1322 3282 1409 3335 utero
1431 3292 1529 3355 ge-t,

309 3373 413 3437 nemsi
438 3382 485 3444 te,
508 3372 536 3434 in
560 3371 715 3433 Ezechiam
738 3371 898 3433 convenire
920 3371 977 3434 ¹'et
998 3373 1028 3434 in
1044 3372 1185 3434 Ezechiae
1199 3374 1394 3437 nativitatem.
1421 3373 1529 3439 Non.

313 3475 429 3538 eminus
452 3473 601 3551 evangelia
624 3472 674 3547 (dc
696 3491 824 3551 quorum
846 3472 904 3534 lide
925 3472 1034 3553 aliquid
1056 3473 1158 3553 titique
1173 3474 1231 3536 iem
1247 3475 1276 3535 in
1292 3483 1375 3538 tento
1391 3494 1529 3557 opere¹

312 3575 407 3639 istos·
428 3575 623 3636 confirmasse
645 3573 817 3649 debemus),
846 3583 991 3636 nocturne
1013 3575 1163 3637 sauvitate
1184 3574 1362 3638 declarantis
1384 3574 1529 3639 doui-.

313 3694 401 3746 num,
432 3683 464 3734 ut
484 3674 542 3734 boc
564 3675 603 3735 sit
624 3684 692 3736 aitte
712 3673 883 3746 lucilerum,
915 3683 946 3735 et
973 3694 1009 3735 ex
1037 3675 1121 3737 stella
1142 3675 1236 3755 magis
1260 3676 1425 3751 intellecta,
1454 3682 1517 3739 et

311 3794 345 3863 ex
369 3774 538 3837 testimonio
561 3774 672 3852 angeli,
702 3776 751 3854 qui
775 3783 863 3837 nocte
884 3775 1057 3856 pastoribus
1085 3777 1268 3839 annuntiavit
1289 3784 1391 3841 natum
1412 3790 1525 3839 esse·

312 3868 378 3937 cum
400 3875 526 3937 maxime
544 3874 709 3947 Christum,
734 3885 820 3938 etex
841 3876 908 3939 loeo
930 3886 1049 3956 pertus,
1071 3877 1101 3939 in
1123 3876 1322 3941 diversorium
1343 3877 1430 3955 eni·¹
1446 3870 1529 3943 ndi

311 3986 428 4038 noctem
444 3975 626 4037 convenitur.
658 3975 836 4038 Eortassean
859 3986 888 4038 et
910 3978 1031 4059 mystice
1051 3979 1158 4041 lactum
1182 3979 1223 4040 sit
1244 3989 1277 4040 ut
1290 3988 1379 4042 nocte
1393 3974 1514 4042 mri-

311 4087 377 4139 stus
400 4085 585 4150 nasceretur,
607 4076 655 4139 lux
677 4077 809 4140 ueritatis
830 4080 948 4141 iuturus
969 4078 1152 4159 ignorantiae
1167 4078 1309 4143 enebris.
1340 4080 1402 4145 Sed
1415 4094 1514 4143 not·

311 4178 455 4239 Generavi
479 4187 524 4249 te,
549 4177 719 4240 ”edixisset
740 4178 830 4251 deus,
864 4180 922 4242 nisi
946 4180 1033 4243 '‘filio
1054 4198 1136 4243 vero.
1180 4180 1253 4242 Nem
1275 4181 1334 4243 etsi
1355 4181 1393 4244 de
1415 4180 1511 4243 tow

230 4354 232 4359 ·
310 4331 497 4394 8.eednqu0u
516 4332 646 4381 interram
665 4331 1102 4395 abitPetr.cioecoriue,Falerios,
1137 4334 1188 4383 abit
1204 4333 1269 4398 qnod
1287 4335 1312 4385 in
1329 4341 1418 4384 terrem
1446 4322 1518 4379 iffi

309 4400 366 4450 libri
383 4414 467 4449 omnes.
520 4397 544 4448 9.
563 4398 685 4461 quomodo
704 4400 817 4448 latinius
845 4400 927 4452 Probet
945 4400 1081 4451 Fciusiee.
1124 4398 1164 4451 1⁰.
1182 4400 1271 4451 Christi
1290 4402 1333 4452 BC.
1375 4400 1415 4452 ll.
1439 4402 1529 4467 9⁰53

311 4481 365 4516 nem
383 4467 425 4516 EC.
479 4465 517 4515 tt.
537 4468 654 4514 cultorem
673 4465 714 4515 st.
765 4466 804 4517 13.
823 4467 985 4520 dominaberis
1003 4485 1022 4521 e.
1072 4467 1111 4518 tl.
1129 4476 1235 4530 tuorum,
1253 4468 1353 4521 Tecum.
1375 4468 1424 4518 Sed
1454 4454 1514 4511 δ’·

310 4546 414 4585 tuorum.
439 4533 528 4583 Tecum
546 4540 592 4582 ete.
616 4531 663 4582 Sed
681 4547 701 4582 e.
746 4541 851 4585 morem.
885 4537 983 4595 Tecum,
1002 4545 1026 4586 et
1043 4543 1132 4587 cetere.
1163 4537 1212 4586 Sed
1237 4539 1261 4589 d.
1321 4536 1360 4587 lb.
1383 4534 1449 4601 qni·
1476 4518 1529 4597 Βῆ

310 4602 399 4652 sederit
416 4602 470 4651 obi.
512 4601 567 4665 quie
586 4601 615 4660 is,
633 4601 708 4659 aiunt,
725 4602 789 4652 sedit
806 4618 826 4653 c.
869 4606 918 4668 qni,
937 4604 1011 4662 eiont,
1029 4596 1091 4653 sedit
1114 4602 1252 4655 Phlemeis.
1295 4604 1337 4671 gei
1359 4604 1392 4653 eit
1413 4584 1529 4671 ufm.

308 4670 353 4721 EG.
369 4669 551 4732 hirsaugiensis,
572 4668 710 4718 Gorsieooie.
752 4667 791 4719 to.
810 4679 835 4719 et
852 4679 906 4720 ente
924 4671 1038 4721 Ezechiae
1055 4670 1288 4723 samareites.
1330 4670 1372 4723 li.
1388 4666 1525 4733 editt?

310 4736 588 4788 seruantissimum
604 4736 670 4785 oller.
704 4736 803 4787 dixisset
819 4739 914 4805 reliqui.
972 4737 1010 4789 18.
1029 4738 1080 4789 utto
1096 4752 1153 4789 voro
1171 4738 1230 4790 Pelr.
1246 4739 1388 4792 aarum
1421 4728 1529 4787 W:

310 4807 371 4856 berit
389 4806 458 4855 estes
475 4803 512 4853 Fr.
523 4803 612 4853 lenius
647 4802 697 4853 utto
715 4818 792 4868 puero
808 4806 865 4856 libri
881 4821 967 4857 oreeee

343 4921 364 4957 e.
382 4902 456 4970 istos]
472 4905 590 4959 dimicem
607 4902 718 4955 ludaeos
735 4905 843 4968 (Rigalt)
