<?xml version="1.0" encoding="UTF-8"?>
<!DOCTYPE html PUBLIC "-//W3C//DTD XHTML 1.0 Transitional//EN"
    "http://www.w3.org/TR/xhtml1/DTD/xhtml1-transitional.dtd">
<html xmlns="http://www.w3.org/1999/xhtml" xml:lang="en" lang="en">
 <head>
  <title>
</title>
<meta http-equiv="Content-Type" content="text/html;charset=utf-8" />
  <meta name='ocr-system' content='tesseract 3.04.00' />
  <meta name='ocr-capabilities' content='ocr_page ocr_carea ocr_par ocr_line ocrx_word'/>
</head>
<body>
  <div class='ocr_page' id='page_1' title='image "./quaesupersuntom00oehlgoog_0826.png"; bbox 0 0 3242 5775; ppageno 0'>
   <div class='ocr_carea' id='block_1_1' title="bbox 598 1382 1193 1467">
    <p class='ocr_par' dir='ltr' id='par_1_1' title="bbox 598 1382 1193 1467">
     <span class='ocr_line' id='line_1_1' title="bbox 598 1382 1193 1467; baseline -0.003 0"><span class='ocrx_word' id='word_1_1' title='bbox 598 1403 851 1467; x_wconf 82' lang='lat' dir='ltr'><strong>¹uxuinu1s</strong></span> <span class='ocrx_word' id='word_1_2' title='bbox 880 1382 1193 1466; x_wconf 76' lang='lat' dir='ltr'><strong>inenuntium</strong></span> 
     </span>
    </p>
   </div>
   <div class='ocr_carea' id='block_1_2' title="bbox 361 1612 1444 1746">
    <p class='ocr_par' dir='ltr' id='par_1_2' title="bbox 361 1612 1444 1746">
     <span class='ocr_line' id='line_1_2' title="bbox 361 1612 1444 1746; baseline -0.001 -16"><span class='ocrx_word' id='word_1_3' title='bbox 361 1618 451 1746; x_wconf 85' lang='lat' dir='ltr'><strong>DE</strong></span> <span class='ocrx_word' id='word_1_4' title='bbox 486 1612 908 1731; x_wconf 79' lang='lat' dir='ltr'>EXECRANDIS</span> <span class='ocrx_word' id='word_1_5' title='bbox 944 1613 1249 1729; x_wconf 86' lang='lat' dir='ltr'><strong>GENTIUM</strong></span> <span class='ocrx_word' id='word_1_6' title='bbox 1284 1613 1444 1729; x_wconf 88' lang='lat' dir='ltr'><strong>DllS.</strong></span> 
     </span>
    </p>
   </div>
   <div class='ocr_carea' id='block_1_3' title="bbox 741 1882 1038 1893">
    <p class='ocr_par' dir='ltr' id='par_1_3' title="bbox 741 1882 1038 1893">
     <span class='ocr_line' id='line_1_3' title="bbox 741 1882 1038 1893; baseline 0.007 -2"><span class='ocrx_word' id='word_1_7' title='bbox 741 1882 1038 1893; x_wconf 81' lang='lat'>..—---——-——-</span> 
     </span>
    </p>
   </div>
   <div class='ocr_carea' id='block_1_4' title="bbox 207 2092 1519 2905">
    <p class='ocr_par' dir='ltr' id='par_1_4' title="bbox 399 2092 1488 2198">
     <span class='ocr_line' id='line_1_4' title="bbox 399 2092 1488 2198; baseline 0 -16"><span class='ocrx_word' id='word_1_8' title='bbox 399 2092 536 2182; x_wconf 82' lang='lat' dir='ltr'><strong>Tantum</strong></span> <span class='ocrx_word' id='word_1_9' title='bbox 559 2118 706 2181; x_wconf 78' lang='lat' dir='ltr'><strong>caecitatis</strong></span> <span class='ocrx_word' id='word_1_10' title='bbox 729 2120 837 2182; x_wconf 85' lang='lat' dir='ltr'><strong>invasit</strong></span> <span class='ocrx_word' id='word_1_11' title='bbox 858 2137 953 2198; x_wconf 89' lang='lat' dir='ltr'><strong>genus</strong></span> <span class='ocrx_word' id='word_1_12' title='bbox 968 2119 1150 2191; x_wconf 82' lang='lat' dir='ltr'><strong>Romanum,</strong></span> <span class='ocrx_word' id='word_1_13' title='bbox 1173 2127 1207 2180; x_wconf 92' lang='lat' dir='ltr'><strong>ut</strong></span> <span class='ocrx_word' id='word_1_14' title='bbox 1227 2118 1394 2183; x_wconf 88' lang='lat' dir='ltr'><strong>iuimichm</strong></span> <span class='ocrx_word' id='word_1_15' title='bbox 1409 2138 1488 2196; x_wconf 78' lang='grc' dir='ltr'>ιιιιιι</span> 
     </span>
    </p>

    <p class='ocr_par' dir='ltr' id='par_1_5' title="bbox 310 2219 1489 2284">
     <span class='ocr_line' id='line_1_5' title="bbox 310 2219 1489 2284; baseline 0.001 0"><span class='ocrx_word' id='word_1_16' title='bbox 310 2220 469 2284; x_wconf 84' lang='lat' dir='ltr'><strong>Dominum</strong></span> <span class='ocrx_word' id='word_1_17' title='bbox 497 2227 605 2283; x_wconf 83' lang='lat' dir='ltr'><strong>vocent</strong></span> <span class='ocrx_word' id='word_1_18' title='bbox 631 2228 663 2282; x_wconf 87' lang='lat' dir='ltr'><strong>ct</strong></span> <span class='ocrx_word' id='word_1_19' title='bbox 693 2221 855 2282; x_wconf 87' lang='lat' dir='ltr'><strong>ablatorem</strong></span> <span class='ocrx_word' id='word_1_20' title='bbox 885 2219 1032 2281; x_wconf 93' lang='lat' dir='ltr'><strong>bonorum</strong></span> <span class='ocrx_word' id='word_1_21' title='bbox 1060 2219 1134 2280; x_wconf 92' lang='lat' dir='ltr'><strong>adeo</strong></span> <span class='ocrx_word' id='word_1_22' title='bbox 1164 2219 1299 2281; x_wconf 90' lang='lat' dir='ltr'><strong>datorem</strong></span> <span class='ocrx_word' id='word_1_23' title='bbox 1339 2221 1400 2284; x_wconf 90' lang='lat' dir='ltr'><strong>sibi</strong></span> <span class='ocrx_word' id='word_1_24' title='bbox 1427 2240 1489 2284; x_wconf 81' lang='lat' dir='ltr'><strong>este</strong></span> 
     </span>
    </p>

    <p class='ocr_par' dir='ltr' id='par_1_6' title="bbox 207 2319 1488 2405">
     <span class='ocr_line' id='line_1_6' title="bbox 207 2319 1488 2405; baseline 0.001 -20"><span class='ocrx_word' id='word_1_25' title='bbox 207 2394 215 2403; x_wconf 20' lang='grc' dir='ltr'>ἱ</span> <span class='ocrx_word' id='word_1_26' title='bbox 309 2322 497 2405; x_wconf 73' lang='lat' dir='ltr'>praedicent,</span> <span class='ocrx_word' id='word_1_27' title='bbox 533 2331 621 2401; x_wconf 88' lang='lat' dir='ltr'><strong>atque</strong></span> <span class='ocrx_word' id='word_1_28' title='bbox 649 2321 690 2382; x_wconf 90' lang='lat' dir='ltr'><strong>illi</strong></span> <span class='ocrx_word' id='word_1_29' title='bbox 712 2321 822 2400; x_wconf 79' lang='lat' dir='ltr'>gratias</span> <span class='ocrx_word' id='word_1_30' title='bbox 845 2329 948 2399; x_wconf 77' lang='lat' dir='ltr'><strong>agant3</strong></span> <span class='ocrx_word' id='word_1_31' title='bbox 981 2328 1087 2403; x_wconf 83' lang='lat' dir='ltr'><strong>vocant</strong></span> <span class='ocrx_word' id='word_1_32' title='bbox 1113 2338 1184 2399; x_wconf 89' lang='lat' dir='ltr'><strong>ergo</strong></span> <span class='ocrx_word' id='word_1_33' title='bbox 1214 2319 1284 2381; x_wconf 85' lang='lat' dir='ltr'><strong>illos</strong></span> <span class='ocrx_word' id='word_1_34' title='bbox 1318 2322 1488 2385; x_wconf 76' lang='lat' dir='ltr'><strong>nominibus</strong></span> 
     </span>
    </p>

    <p class='ocr_par' dir='ltr' id='par_1_7' title="bbox 235 2405 1489 2504">
     <span class='ocr_line' id='line_1_7' title="bbox 235 2405 1489 2504; baseline -0.001 -22"><span class='ocrx_word' id='word_1_35' title='bbox 235 2479 237 2482; x_wconf 84' lang='lat'>.</span> <span class='ocrx_word' id='word_1_36' title='bbox 309 2423 465 2497; x_wconf 85' lang='lat' dir='ltr'><strong>humanis,</strong></span> <span class='ocrx_word' id='word_1_37' title='bbox 498 2441 560 2484; x_wconf 92' lang='lat' dir='ltr'><strong>non</strong></span> <span class='ocrx_word' id='word_1_38' title='bbox 586 2422 733 2502; x_wconf 84' lang='lat' dir='ltr'><strong>propriis;</strong></span> <span class='ocrx_word' id='word_1_39' title='bbox 764 2422 903 2483; x_wconf 86' lang='lat' dir='ltr'><strong>nesciunt</strong></span> <span class='ocrx_word' id='word_1_40' title='bbox 930 2420 1009 2481; x_wconf 91' lang='lat' dir='ltr'><strong>enim</strong></span> <span class='ocrx_word' id='word_1_41' title='bbox 1038 2405 1142 2482; x_wconf 81' lang='lat' dir='ltr'><strong>eorum</strong></span> <span class='ocrx_word' id='word_1_42' title='bbox 1165 2420 1306 2495; x_wconf 79' lang='lat' dir='ltr'><strong>uomina3</strong></span> <span class='ocrx_word' id='word_1_43' title='bbox 1344 2423 1415 2504; x_wconf 77' lang='lat' dir='ltr'><strong>quin</strong></span> <span class='ocrx_word' id='word_1_44' title='bbox 1436 2422 1489 2488; x_wconf 74' lang='lat' dir='ltr'><strong>nint</strong></span> 
     </span>
    </p>

    <p class='ocr_par' dir='ltr' id='par_1_8' title="bbox 310 2520 1487 2606">
     <span class='ocr_line' id='line_1_8' title="bbox 310 2520 1487 2606; baseline 0.002 -20"><span class='ocrx_word' id='word_1_45' title='bbox 310 2524 473 2587; x_wconf 86' lang='lat' dir='ltr'><strong>daemones</strong></span> <span class='ocrx_word' id='word_1_46' title='bbox 495 2522 678 2601; x_wconf 82' lang='lat' dir='ltr'><strong>intelligunt,</strong></span> <span class='ocrx_word' id='word_1_47' title='bbox 700 2522 754 2585; x_wconf 85' lang='lat' dir='ltr'><strong>scd</strong></span> <span class='ocrx_word' id='word_1_48' title='bbox 776 2523 920 2583; x_wconf 74' lang='lat' dir='ltr'><strong>historias</strong></span> <span class='ocrx_word' id='word_1_49' title='bbox 942 2529 1075 2583; x_wconf 85' lang='lat' dir='ltr'><strong>veterum</strong></span> <span class='ocrx_word' id='word_1_50' title='bbox 1090 2522 1201 2600; x_wconf 82' lang='lat' dir='ltr'><strong>Regum</strong></span> <span class='ocrx_word' id='word_1_51' title='bbox 1218 2520 1344 2601; x_wconf 89' lang='lat' dir='ltr'><strong>legunt,</strong></span> <span class='ocrx_word' id='word_1_52' title='bbox 1369 2541 1487 2606; x_wconf 81' lang='lat' dir='ltr'><strong>quom</strong></span> 
     </span>
    </p>

    <p class='ocr_par' dir='ltr' id='par_1_9' title="bbox 309 2622 1519 2804">
     <span class='ocr_line' id='line_1_9' title="bbox 310 2622 1486 2696; baseline 0.003 -10"><span class='ocrx_word' id='word_1_53' title='bbox 310 2633 407 2686; x_wconf 83' lang='lat' dir='ltr'><strong>actum</strong></span> <span class='ocrx_word' id='word_1_54' title='bbox 428 2641 496 2684; x_wconf 89' lang='lat' dir='ltr'><strong>cum</strong></span> <span class='ocrx_word' id='word_1_55' title='bbox 517 2622 638 2684; x_wconf 85' lang='lat' dir='ltr'><strong>videant</strong></span> <span class='ocrx_word' id='word_1_56' title='bbox 650 2624 745 2685; x_wconf 85' lang='lat' dir='ltr'><strong>tuisse</strong></span> <span class='ocrx_word' id='word_1_57' title='bbox 760 2623 926 2696; x_wconf 79' lang='lat' dir='ltr'><strong>mortalem,</strong></span> <span class='ocrx_word' id='word_1_58' title='bbox 948 2622 1053 2684; x_wconf 87' lang='lat' dir='ltr'><strong>deifico</strong></span> <span class='ocrx_word' id='word_1_59' title='bbox 1074 2622 1273 2685; x_wconf 85' lang='lat' dir='ltr'><strong>honorificant</strong></span> <span class='ocrx_word' id='word_1_60' title='bbox 1287 2642 1349 2687; x_wconf 89' lang='lat' dir='ltr'><strong>eos</strong></span> <span class='ocrx_word' id='word_1_61' title='bbox 1364 2626 1486 2690; x_wconf 78' lang='lat' dir='ltr'><strong>nomos</strong></span> 
     </span>
     <span class='ocr_line' id='line_1_10' title="bbox 309 2723 1519 2804; baseline -0.003 -18"><span class='ocrx_word' id='word_1_62' title='bbox 309 2724 410 2786; x_wconf 81' lang='lat' dir='ltr'><strong>iorem</strong></span> <span class='ocrx_word' id='word_1_63' title='bbox 432 2742 520 2803; x_wconf 88' lang='lat' dir='ltr'><strong>quem</strong></span> <span class='ocrx_word' id='word_1_64' title='bbox 543 2732 650 2785; x_wconf 71' lang='lat' dir='ltr'><strong>vocant</strong></span> <span class='ocrx_word' id='word_1_65' title='bbox 670 2742 818 2804; x_wconf 86' lang='lat' dir='ltr'><strong>quemque</strong></span> <span class='ocrx_word' id='word_1_66' title='bbox 838 2731 943 2804; x_wconf 92' lang='lat' dir='ltr'><strong>putant</strong></span> <span class='ocrx_word' id='word_1_67' title='bbox 965 2742 1113 2787; x_wconf 90' lang='lat' dir='ltr'><strong>summum</strong></span> <span class='ocrx_word' id='word_1_68' title='bbox 1128 2723 1232 2797; x_wconf 85' lang='lat' dir='ltr'><strong>Deum,</strong></span> <span class='ocrx_word' id='word_1_69' title='bbox 1256 2726 1386 2803; x_wconf 86' lang='lat' dir='ltr'><strong>quando</strong></span> <span class='ocrx_word' id='word_1_70' title='bbox 1407 2727 1519 2790; x_wconf 71' lang='lat' dir='ltr'><strong>natu·</strong></span> 
     </span>
    </p>

    <p class='ocr_par' dir='ltr' id='par_1_10' title="bbox 310 2824 1483 2905">
     <span class='ocr_line' id='line_1_11' title="bbox 310 2824 1483 2905; baseline 0.003 -17"><span class='ocrx_word' id='word_1_71' title='bbox 310 2833 373 2900; x_wconf 87' lang='lat' dir='ltr'><strong>est,</strong></span> <span class='ocrx_word' id='word_1_72' title='bbox 396 2843 412 2888; x_wconf 85' lang='grc' dir='ltr'>ι</span> <span class='ocrx_word' id='word_1_73' title='bbox 435 2824 649 2887; x_wconf 89' lang='lat' dir='ltr'><strong>constitutione</strong></span> <span class='ocrx_word' id='word_1_74' title='bbox 671 2824 773 2887; x_wconf 91' lang='lat' dir='ltr'><strong>mundi</strong></span> <span class='ocrx_word' id='word_1_75' title='bbox 796 2832 881 2886; x_wconf 82' lang='lat' dir='ltr'><strong>eram</strong></span> <span class='ocrx_word' id='word_1_76' title='bbox 902 2825 938 2887; x_wconf 91' lang='lat' dir='ltr'><strong>ad</strong></span> <span class='ocrx_word' id='word_1_77' title='bbox 960 2825 1041 2889; x_wconf 89' lang='lat' dir='ltr'><strong>illum</strong></span> <span class='ocrx_word' id='word_1_78' title='bbox 1064 2834 1182 2905; x_wconf 87' lang='lat' dir='ltr'><strong>tempus</strong></span> <span class='ocrx_word' id='word_1_79' title='bbox 1209 2824 1282 2887; x_wconf 84' lang='lat' dir='ltr'><strong>anni</strong></span> <span class='ocrx_word' id='word_1_80' title='bbox 1313 2826 1412 2891; x_wconf 78' lang='lat' dir='ltr'><strong>ferme</strong></span> <span class='ocrx_word' id='word_1_81' title='bbox 1438 2825 1483 2891; x_wconf 60' lang='grc' dir='ltr'><strong>ιιι</strong></span> 
     </span>
    </p>
   </div>
   <div class='ocr_carea' id='block_1_5' title="bbox 212 2977 1481 4864">
    <p class='ocr_par' dir='ltr' id='par_1_11' title="bbox 308 2977 1481 3717">
     <span class='ocr_line' id='line_1_12' title="bbox 381 2977 1481 3044; baseline 0.002 -16"><span class='ocrx_word' id='word_1_82' title='bbox 381 2979 403 3028; x_wconf 89' lang='lat' dir='ltr'><strong>l.</strong></span> <span class='ocrx_word' id='word_1_83' title='bbox 421 2978 473 3028; x_wconf 88' lang='lat' dir='ltr'><strong>iloc</strong></span> <span class='ocrx_word' id='word_1_84' title='bbox 491 2978 660 3040; x_wconf 71' lang='lat' dir='ltr'><strong>fragmentum,</strong></span> <span class='ocrx_word' id='word_1_85' title='bbox 678 2979 746 3028; x_wconf 88' lang='lat' dir='ltr'><strong>cuius</strong></span> <span class='ocrx_word' id='word_1_86' title='bbox 764 2980 929 3042; x_wconf 73' lang='lat' dir='ltr'><strong>apographum</strong></span> <span class='ocrx_word' id='word_1_87' title='bbox 948 2977 1025 3028; x_wconf 86' lang='lat' dir='ltr'><strong>debeo</strong></span> <span class='ocrx_word' id='word_1_88' title='bbox 1044 2978 1183 3027; x_wconf 80' lang='lat' dir='ltr'><strong>humanitati</strong></span> <span class='ocrx_word' id='word_1_89' title='bbox 1193 2977 1217 3025; x_wconf 78' lang='lat' dir='ltr'><strong>l.</strong></span> <span class='ocrx_word' id='word_1_90' title='bbox 1230 2978 1267 3028; x_wconf 84' lang='lat' dir='ltr'><strong>ci.</strong></span> <span class='ocrx_word' id='word_1_91' title='bbox 1282 2979 1301 3030; x_wconf 90' lang='lat' dir='ltr'><strong>l.</strong></span> <span class='ocrx_word' id='word_1_92' title='bbox 1313 2980 1387 3044; x_wconf 82' lang='lat' dir='ltr'><strong>Geel,</strong></span> <span class='ocrx_word' id='word_1_93' title='bbox 1404 2980 1481 3032; x_wconf 71' lang='lat' dir='ltr'><strong>biblis·</strong></span> 
     </span>
     <span class='ocr_line' id='line_1_13' title="bbox 310 3046 1480 3110; baseline 0.004 -15"><span class='ocrx_word' id='word_1_94' title='bbox 310 3047 395 3095; x_wconf 81' lang='lat' dir='ltr'><strong>thecae</strong></span> <span class='ocrx_word' id='word_1_95' title='bbox 412 3046 523 3095; x_wconf 86' lang='lat' dir='ltr'><strong>beidensi</strong></span> <span class='ocrx_word' id='word_1_96' title='bbox 546 3047 671 3110; x_wconf 85' lang='lat' dir='ltr'><strong>praetecti,</strong></span> <span class='ocrx_word' id='word_1_97' title='bbox 699 3048 728 3095; x_wconf 84' lang='lat' dir='ltr'><strong>eb</strong></span> <span class='ocrx_word' id='word_1_98' title='bbox 748 3046 879 3096; x_wconf 71' lang='lat' dir='ltr'><strong>tonitam</strong></span> <span class='ocrx_word' id='word_1_99' title='bbox 898 3047 1011 3095; x_wconf 86' lang='lat' dir='ltr'><strong>Suaresiu</strong></span> <span class='ocrx_word' id='word_1_100' title='bbox 1036 3061 1063 3096; x_wconf 86' lang='lat' dir='ltr'><strong>er</strong></span> <span class='ocrx_word' id='word_1_101' title='bbox 1088 3047 1233 3095; x_wconf 77' lang='lat' dir='ltr'><strong>bibliotheca</strong></span> <span class='ocrx_word' id='word_1_102' title='bbox 1253 3047 1372 3099; x_wconf 75' lang='lat' dir='ltr'><strong>Vaticana</strong></span> <span class='ocrx_word' id='word_1_103' title='bbox 1399 3058 1480 3100; x_wconf 72' lang='lat' dir='ltr'><strong>mne</strong></span> 
     </span>
     <span class='ocr_line' id='line_1_14' title="bbox 310 3113 1479 3177; baseline 0.001 -14"><span class='ocrx_word' id='word_1_104' title='bbox 310 3114 399 3176; x_wconf 88' lang='lat' dir='ltr'><strong>prodiit</strong></span> <span class='ocrx_word' id='word_1_105' title='bbox 418 3114 507 3163; x_wconf 82' lang='lat' dir='ltr'><strong>lionae</strong></span> <span class='ocrx_word' id='word_1_106' title='bbox 525 3128 588 3163; x_wconf 83' lang='lat' dir='ltr'><strong>enno</strong></span> <span class='ocrx_word' id='word_1_107' title='bbox 607 3113 735 3163; x_wconf 77' lang='lat' dir='ltr'><strong>ttncxxx.</strong></span> <span class='ocrx_word' id='word_1_108' title='bbox 777 3113 820 3162; x_wconf 81' lang='lat' dir='ltr'><strong>Cui</strong></span> <span class='ocrx_word' id='word_1_109' title='bbox 846 3114 924 3162; x_wconf 89' lang='lat' dir='ltr'><strong>editor</strong></span> <span class='ocrx_word' id='word_1_110' title='bbox 943 3115 1001 3162; x_wconf 86' lang='lat' dir='ltr'><strong>hacc</strong></span> <span class='ocrx_word' id='word_1_111' title='bbox 1026 3115 1147 3177; x_wconf 82' lang='lat' dir='ltr'><strong>praetatus</strong></span> <span class='ocrx_word' id='word_1_112' title='bbox 1166 3120 1216 3162; x_wconf 88' lang='lat' dir='ltr'><strong>est:</strong></span> <span class='ocrx_word' id='word_1_113' title='bbox 1244 3115 1381 3174; x_wconf 73' lang='lat' dir='ltr'><strong>„Candido</strong></span> <span class='ocrx_word' id='word_1_114' title='bbox 1398 3116 1479 3167; x_wconf 67' lang='lat' dir='ltr'><strong>ucis</strong></span> 
     </span>
     <span class='ocr_line' id='line_1_15' title="bbox 309 3180 1478 3245; baseline 0.001 -15"><span class='ocrx_word' id='word_1_115' title='bbox 309 3180 429 3245; x_wconf 83' lang='lat' dir='ltr'><strong>losephus</strong></span> <span class='ocrx_word' id='word_1_116' title='bbox 446 3181 520 3230; x_wconf 82' lang='lat' dir='ltr'><strong>liaris</strong></span> <span class='ocrx_word' id='word_1_117' title='bbox 537 3182 666 3236; x_wconf 83' lang='lat' dir='ltr'><strong>Suaresius</strong></span> <span class='ocrx_word' id='word_1_118' title='bbox 684 3181 857 3230; x_wconf 81' lang='lat' dir='ltr'><strong>hrenioneusis</strong></span> <span class='ocrx_word' id='word_1_119' title='bbox 874 3181 990 3230; x_wconf 81' lang='lat' dir='ltr'><strong>Selutem.</strong></span> <span class='ocrx_word' id='word_1_120' title='bbox 1036 3181 1141 3229; x_wconf 84' lang='lat' dir='ltr'><strong>Candide</strong></span> <span class='ocrx_word' id='word_1_121' title='bbox 1160 3180 1254 3229; x_wconf 66' lang='lat' dir='ltr'><strong>lector.</strong></span> <span class='ocrx_word' id='word_1_122' title='bbox 1275 3182 1349 3233; x_wconf 80' lang='lat' dir='ltr'><strong>Petet</strong></span> <span class='ocrx_word' id='word_1_123' title='bbox 1374 3184 1429 3235; x_wconf 76' lang='lat' dir='ltr'><strong>ntiln</strong></span> <span class='ocrx_word' id='word_1_124' title='bbox 1449 3184 1478 3231; x_wconf 83' lang='lat' dir='ltr'><strong>le-</strong></span> 
     </span>
     <span class='ocr_line' id='line_1_16' title="bbox 310 3248 1477 3312; baseline 0.003 -14"><span class='ocrx_word' id='word_1_125' title='bbox 310 3249 363 3298; x_wconf 89' lang='lat' dir='ltr'><strong>cilis</strong></span> <span class='ocrx_word' id='word_1_126' title='bbox 382 3249 460 3298; x_wconf 83' lang='lat' dir='ltr'><strong>aditus</strong></span> <span class='ocrx_word' id='word_1_127' title='bbox 478 3250 507 3297; x_wconf 90' lang='lat' dir='ltr'><strong>ad</strong></span> <span class='ocrx_word' id='word_1_128' title='bbox 527 3248 696 3297; x_wconf 80' lang='lat' dir='ltr'><strong>bibliothecam</strong></span> <span class='ocrx_word' id='word_1_129' title='bbox 714 3249 859 3308; x_wconf 79' lang='lat' dir='ltr'><strong>Vaticanum,</strong></span> <span class='ocrx_word' id='word_1_130' title='bbox 879 3249 1024 3309; x_wconf 75' lang='lat' dir='ltr'><strong>benignitate</strong></span> <span class='ocrx_word' id='word_1_131' title='bbox 1043 3248 1177 3297; x_wconf 74' lang='lat' dir='ltr'><strong>cardinalis</strong></span> <span class='ocrx_word' id='word_1_132' title='bbox 1195 3249 1353 3312; x_wconf 77' lang='lat' dir='ltr'><strong>amplissimi</strong></span> <span class='ocrx_word' id='word_1_133' title='bbox 1372 3248 1477 3301; x_wconf 57' lang='lat' dir='ltr'><strong>ruini</strong></span> 
     </span>
     <span class='ocr_line' id='line_1_17' title="bbox 308 3315 1477 3378; baseline 0 -13"><span class='ocrx_word' id='word_1_134' title='bbox 308 3315 433 3365; x_wconf 79' lang='lat' dir='ltr'><strong>herberini</strong></span> <span class='ocrx_word' id='word_1_135' title='bbox 452 3317 627 3365; x_wconf 78' lang='lat' dir='ltr'><strong>bibliothecarii</strong></span> <span class='ocrx_word' id='word_1_136' title='bbox 651 3324 722 3378; x_wconf 86' lang='lat' dir='ltr'><strong>atque</strong></span> <span class='ocrx_word' id='word_1_137' title='bbox 740 3315 883 3365; x_wconf 75' lang='lat' dir='ltr'><strong>Maecenatis</strong></span> <span class='ocrx_word' id='word_1_138' title='bbox 909 3317 963 3375; x_wconf 88' lang='lat' dir='ltr'><strong>mei,</strong></span> <span class='ocrx_word' id='word_1_139' title='bbox 991 3316 1031 3378; x_wconf 90' lang='lat' dir='ltr'><strong>qui</strong></span> <span class='ocrx_word' id='word_1_140' title='bbox 1055 3330 1109 3364; x_wconf 85' lang='lat' dir='ltr'><strong>vers</strong></span> <span class='ocrx_word' id='word_1_141' title='bbox 1134 3315 1280 3366; x_wconf 81' lang='lat' dir='ltr'><strong>bibliotheca</strong></span> <span class='ocrx_word' id='word_1_142' title='bbox 1308 3319 1391 3368; x_wconf 76' lang='lat' dir='ltr'><strong>virens</strong></span> <span class='ocrx_word' id='word_1_143' title='bbox 1412 3315 1477 3367; x_wconf 69' lang='lat' dir='ltr'><strong>souti</strong></span> 
     </span>
     <span class='ocr_line' id='line_1_18' title="bbox 309 3383 1476 3446; baseline 0.002 -14"><span class='ocrx_word' id='word_1_144' title='bbox 309 3391 415 3446; x_wconf 67' lang='lat' dir='ltr'><strong>posset·</strong></span> <span class='ocrx_word' id='word_1_145' title='bbox 429 3393 452 3431; x_wconf 88' lang='lat' dir='ltr'><strong>et</strong></span> <span class='ocrx_word' id='word_1_146' title='bbox 470 3384 634 3433; x_wconf 79' lang='lat' dir='ltr'><strong>benevolentia</strong></span> <span class='ocrx_word' id='word_1_147' title='bbox 654 3383 740 3432; x_wconf 81' lang='lat' dir='ltr'><strong>Felicis</strong></span> <span class='ocrx_word' id='word_1_148' title='bbox 758 3383 890 3432; x_wconf 83' lang='lat' dir='ltr'><strong>Contelorii</strong></span> <span class='ocrx_word' id='word_1_149' title='bbox 909 3383 1025 3442; x_wconf 87' lang='lat' dir='ltr'><strong>custodis,</strong></span> <span class='ocrx_word' id='word_1_150' title='bbox 1048 3383 1090 3432; x_wconf 78' lang='lat' dir='ltr'><strong>uiri</strong></span> <span class='ocrx_word' id='word_1_151' title='bbox 1109 3383 1216 3431; x_wconf 82' lang='lat' dir='ltr'><strong>scientiis</strong></span> <span class='ocrx_word' id='word_1_152' title='bbox 1234 3386 1355 3435; x_wconf 88' lang='lat' dir='ltr'><strong>omnibus</strong></span> <span class='ocrx_word' id='word_1_153' title='bbox 1372 3384 1476 3436; x_wconf 69' lang='lat' dir='ltr'><strong>innuen</strong></span> 
     </span>
     <span class='ocr_line' id='line_1_19' title="bbox 308 3449 1476 3513; baseline 0.002 -14"><span class='ocrx_word' id='word_1_154' title='bbox 308 3449 363 3502; x_wconf 89' lang='lat' dir='ltr'><strong>lllic</strong></span> <span class='ocrx_word' id='word_1_155' title='bbox 381 3465 425 3512; x_wconf 86' lang='lat' dir='ltr'><strong>ego</strong></span> <span class='ocrx_word' id='word_1_156' title='bbox 444 3452 500 3500; x_wconf 90' lang='lat' dir='ltr'><strong>dnm</strong></span> <span class='ocrx_word' id='word_1_157' title='bbox 518 3452 612 3512; x_wconf 82' lang='lat' dir='ltr'><strong>singule</strong></span> <span class='ocrx_word' id='word_1_158' title='bbox 632 3451 717 3508; x_wconf 83' lang='lat' dir='ltr'><strong>lustro,</strong></span> <span class='ocrx_word' id='word_1_159' title='bbox 736 3451 806 3498; x_wconf 91' lang='lat' dir='ltr'><strong>incidi</strong></span> <span class='ocrx_word' id='word_1_160' title='bbox 826 3459 1007 3513; x_wconf 86' lang='lat' dir='ltr'><strong>peropportune</strong></span> <span class='ocrx_word' id='word_1_161' title='bbox 1026 3451 1047 3497; x_wconf 91' lang='lat' dir='ltr'><strong>in</strong></span> <span class='ocrx_word' id='word_1_162' title='bbox 1067 3458 1228 3512; x_wconf 79' lang='lat' dir='ltr'><strong>pervetustum</strong></span> <span class='ocrx_word' id='word_1_163' title='bbox 1247 3453 1362 3502; x_wconf 84' lang='lat' dir='ltr'><strong>codicem</strong></span> <span class='ocrx_word' id='word_1_164' title='bbox 1382 3468 1396 3503; x_wconf 90' lang='grc' dir='ltr'>ι</span> <span class='ocrx_word' id='word_1_165' title='bbox 1412 3465 1476 3502; x_wconf 66' lang='lat' dir='ltr'><strong>met</strong></span> 
     </span>
     <span class='ocr_line' id='line_1_20' title="bbox 309 3518 1477 3582; baseline 0.001 -15"><span class='ocrx_word' id='word_1_166' title='bbox 309 3518 393 3577; x_wconf 84' lang='lat' dir='ltr'><strong>brena,</strong></span> <span class='ocrx_word' id='word_1_167' title='bbox 413 3521 573 3582; x_wconf 88' lang='lat' dir='ltr'><strong>perscriptum</strong></span> <span class='ocrx_word' id='word_1_168' title='bbox 593 3519 679 3567; x_wconf 89' lang='lat' dir='ltr'><strong>litteris</strong></span> <span class='ocrx_word' id='word_1_169' title='bbox 697 3518 901 3578; x_wconf 70' lang='lat' dir='ltr'><strong>bongobsrdicis‚</strong></span> <span class='ocrx_word' id='word_1_170' title='bbox 928 3519 968 3580; x_wconf 89' lang='lat' dir='ltr'><strong>qui</strong></span> <span class='ocrx_word' id='word_1_171' title='bbox 995 3518 1102 3581; x_wconf 78' lang='lat' dir='ltr'><strong>praefert</strong></span> <span class='ocrx_word' id='word_1_172' title='bbox 1127 3525 1227 3566; x_wconf 76' lang='lat' dir='ltr'><strong>aetatem</strong></span> <span class='ocrx_word' id='word_1_173' title='bbox 1253 3524 1477 3571; x_wconf 63' lang='lat' dir='ltr'><strong>sexcentorum!</strong></span> 
     </span>
     <span class='ocr_line' id='line_1_21' title="bbox 308 3584 1476 3650; baseline 0.004 -17"><span class='ocrx_word' id='word_1_174' title='bbox 308 3587 515 3648; x_wconf 81' lang='lat' dir='ltr'><strong>septingentorum</strong></span> <span class='ocrx_word' id='word_1_175' title='bbox 535 3600 669 3644; x_wconf 81' lang='lat' dir='ltr'><strong>annornm,</strong></span> <span class='ocrx_word' id='word_1_176' title='bbox 689 3599 790 3646; x_wconf 87' lang='lat' dir='ltr'><strong>cumque</strong></span> <span class='ocrx_word' id='word_1_177' title='bbox 809 3585 888 3634; x_wconf 82' lang='lat' dir='ltr'><strong>bedae</strong></span> <span class='ocrx_word' id='word_1_178' title='bbox 907 3586 1052 3642; x_wconf 83' lang='lat' dir='ltr'><strong>Chronicon‚</strong></span> <span class='ocrx_word' id='word_1_179' title='bbox 1071 3594 1094 3632; x_wconf 88' lang='lat' dir='ltr'><strong>et</strong></span> <span class='ocrx_word' id='word_1_180' title='bbox 1113 3584 1158 3632; x_wconf 85' lang='lat' dir='ltr'><strong>ulio</strong></span> <span class='ocrx_word' id='word_1_181' title='bbox 1177 3600 1239 3647; x_wconf 87' lang='lat' dir='ltr'><strong>quae</strong></span> <span class='ocrx_word' id='word_1_182' title='bbox 1258 3589 1409 3648; x_wconf 78' lang='lat' dir='ltr'><strong>continebat,</strong></span> <span class='ocrx_word' id='word_1_183' title='bbox 1431 3600 1476 3650; x_wconf 78' lang='lat' dir='ltr'><strong>pst·</strong></span> 
     </span>
     <span class='ocr_line' id='line_1_22' title="bbox 309 3651 1476 3717; baseline 0.003 -16"><span class='ocrx_word' id='word_1_184' title='bbox 309 3654 450 3710; x_wconf 82' lang='lat' dir='ltr'><strong>currissem,</strong></span> <span class='ocrx_word' id='word_1_185' title='bbox 478 3655 501 3701; x_wconf 92' lang='lat' dir='ltr'><strong>in</strong></span> <span class='ocrx_word' id='word_1_186' title='bbox 520 3654 586 3702; x_wconf 87' lang='lat' dir='ltr'><strong>calce</strong></span> <span class='ocrx_word' id='word_1_187' title='bbox 604 3653 681 3702; x_wconf 83' lang='lat' dir='ltr'><strong>inveni</strong></span> <span class='ocrx_word' id='word_1_188' title='bbox 700 3653 858 3713; x_wconf 75' lang='lat' dir='ltr'><strong>fragmentum</strong></span> <span class='ocrx_word' id='word_1_189' title='bbox 878 3652 994 3701; x_wconf 90' lang='lat' dir='ltr'><strong>librorum</strong></span> <span class='ocrx_word' id='word_1_190' title='bbox 1014 3651 1153 3700; x_wconf 85' lang='lat' dir='ltr'><strong>Tertulliani</strong></span> <span class='ocrx_word' id='word_1_191' title='bbox 1172 3652 1201 3700; x_wconf 84' lang='lat' dir='ltr'><strong>de</strong></span> <span class='ocrx_word' id='word_1_192' title='bbox 1219 3657 1366 3704; x_wconf 73' lang='lat' dir='ltr'><strong>execrandis</strong></span> <span class='ocrx_word' id='word_1_193' title='bbox 1384 3656 1476 3717; x_wconf 74' lang='lat' dir='ltr'><strong>gentio!</strong></span> 
     </span>
    </p>

    <p class='ocr_par' dir='ltr' id='par_1_12' title="bbox 212 3718 1477 3916">
     <span class='ocr_line' id='line_1_23' title="bbox 212 3718 1476 3782; baseline 0.001 -15"><span class='ocrx_word' id='word_1_194' title='bbox 212 3769 217 3778; x_wconf 61' lang='grc'>,</span> <span class='ocrx_word' id='word_1_195' title='bbox 309 3718 378 3778; x_wconf 81' lang='lat' dir='ltr'><strong>divis,</strong></span> <span class='ocrx_word' id='word_1_196' title='bbox 397 3720 464 3768; x_wconf 87' lang='lat' dir='ltr'><strong>cuins</strong></span> <span class='ocrx_word' id='word_1_197' title='bbox 483 3720 560 3768; x_wconf 89' lang='lat' dir='ltr'><strong>ultimi</strong></span> <span class='ocrx_word' id='word_1_198' title='bbox 579 3735 662 3768; x_wconf 83' lang='lat' dir='ltr'><strong>versus</strong></span> <span class='ocrx_word' id='word_1_199' title='bbox 680 3720 775 3768; x_wconf 84' lang='lat' dir='ltr'><strong>inerant</strong></span> <span class='ocrx_word' id='word_1_200' title='bbox 792 3721 864 3776; x_wconf 89' lang='lat' dir='ltr'><strong>erasi,</strong></span> <span class='ocrx_word' id='word_1_201' title='bbox 886 3728 910 3767; x_wconf 85' lang='lat' dir='ltr'><strong>et</strong></span> <span class='ocrx_word' id='word_1_202' title='bbox 927 3720 991 3782; x_wconf 86' lang='lat' dir='ltr'><strong>qnod</strong></span> <span class='ocrx_word' id='word_1_203' title='bbox 1010 3720 1032 3767; x_wconf 92' lang='lat' dir='ltr'><strong>in</strong></span> <span class='ocrx_word' id='word_1_204' title='bbox 1052 3719 1113 3767; x_wconf 82' lang='lat' dir='ltr'><strong>iouis</strong></span> <span class='ocrx_word' id='word_1_205' title='bbox 1131 3719 1245 3768; x_wconf 80' lang='lat' dir='ltr'><strong>elevanda</strong></span> <span class='ocrx_word' id='word_1_206' title='bbox 1265 3721 1392 3772; x_wconf 82' lang='lat' dir='ltr'><strong>diuinitate</strong></span> <span class='ocrx_word' id='word_1_207' title='bbox 1409 3721 1476 3771; x_wconf 82' lang='grc' dir='ltr'>ιιΙιι</span> 
     </span>
     <span class='ocr_line' id='line_1_24' title="bbox 309 3786 1477 3849; baseline 0.004 -16"><span class='ocrx_word' id='word_1_208' title='bbox 309 3786 446 3834; x_wconf 86' lang='lat' dir='ltr'><strong>insumitur.</strong></span> <span class='ocrx_word' id='word_1_209' title='bbox 481 3786 505 3834; x_wconf 93' lang='lat' dir='ltr'><strong>ld</strong></span> <span class='ocrx_word' id='word_1_210' title='bbox 518 3801 561 3845; x_wconf 88' lang='lat' dir='ltr'><strong>ego</strong></span> <span class='ocrx_word' id='word_1_211' title='bbox 576 3801 630 3835; x_wconf 89' lang='lat' dir='ltr'><strong>cum</strong></span> <span class='ocrx_word' id='word_1_212' title='bbox 642 3788 717 3834; x_wconf 87' lang='lat' dir='ltr'><strong>semel</strong></span> <span class='ocrx_word' id='word_1_213' title='bbox 733 3789 868 3849; x_wconf 85' lang='lat' dir='ltr'><strong>iterumque</strong></span> <span class='ocrx_word' id='word_1_214' title='bbox 885 3786 1052 3849; x_wconf 80' lang='lat' dir='ltr'><strong>perlegissem,</strong></span> <span class='ocrx_word' id='word_1_215' title='bbox 1072 3802 1100 3834; x_wconf 89' lang='lat' dir='ltr'><strong>ac</strong></span> <span class='ocrx_word' id='word_1_216' title='bbox 1113 3786 1199 3836; x_wconf 87' lang='lat' dir='ltr'><strong>deinde</strong></span> <span class='ocrx_word' id='word_1_217' title='bbox 1212 3789 1385 3849; x_wconf 72' lang='lat' dir='ltr'><strong>contulissem,</strong></span> <span class='ocrx_word' id='word_1_218' title='bbox 1405 3802 1477 3838; x_wconf 78' lang='lat' dir='ltr'><strong>asset·</strong></span> 
     </span>
     <span class='ocr_line' id='line_1_25' title="bbox 310 3853 1476 3916; baseline 0.005 -16"><span class='ocrx_word' id='word_1_219' title='bbox 310 3853 382 3901; x_wconf 89' lang='lat' dir='ltr'><strong>timus</strong></span> <span class='ocrx_word' id='word_1_220' title='bbox 396 3854 450 3910; x_wconf 77' lang='lat' dir='ltr'><strong>teir)</strong></span> <span class='ocrx_word' id='word_1_221' title='bbox 468 3867 521 3901; x_wconf 89' lang='lat' dir='ltr'><strong>cnm</strong></span> <span class='ocrx_word' id='word_1_222' title='bbox 537 3854 573 3901; x_wconf 90' lang='lat' dir='ltr'><strong>bis</strong></span> <span class='ocrx_word' id='word_1_223' title='bbox 588 3868 649 3916; x_wconf 84' lang='lat' dir='ltr'><strong>quae</strong></span> <span class='ocrx_word' id='word_1_224' title='bbox 663 3854 693 3900; x_wconf 87' lang='lat' dir='ltr'><strong>do</strong></span> <span class='ocrx_word' id='word_1_225' title='bbox 707 3854 760 3901; x_wconf 84' lang='lat' dir='ltr'><strong>love</strong></span> <span class='ocrx_word' id='word_1_226' title='bbox 773 3854 857 3903; x_wconf 85' lang='lat' dir='ltr'><strong>scribit</strong></span> <span class='ocrx_word' id='word_1_227' title='bbox 871 3854 933 3902; x_wconf 87' lang='lat' dir='ltr'><strong>idom</strong></span> <span class='ocrx_word' id='word_1_228' title='bbox 944 3853 1106 3902; x_wconf 84' lang='lat' dir='ltr'><strong>Tertullianus</strong></span> <span class='ocrx_word' id='word_1_229' title='bbox 1120 3855 1142 3901; x_wconf 90' lang='lat' dir='ltr'><strong>iu</strong></span> <span class='ocrx_word' id='word_1_230' title='bbox 1159 3853 1228 3903; x_wconf 86' lang='lat' dir='ltr'><strong>libris</strong></span> <span class='ocrx_word' id='word_1_231' title='bbox 1244 3855 1364 3906; x_wconf 80' lang='lat' dir='ltr'><strong>adversus</strong></span> <span class='ocrx_word' id='word_1_232' title='bbox 1374 3857 1476 3906; x_wconf 71' lang='lat' dir='ltr'><strong>nithe·</strong></span> 
     </span>
    </p>

    <p class='ocr_par' dir='ltr' id='par_1_13' title="bbox 292 3919 1478 4864">
     <span class='ocr_line' id='line_1_26' title="bbox 292 3919 1477 3983; baseline 0.002 -15"><span class='ocrx_word' id='word_1_233' title='bbox 292 3926 333 3968; x_wconf 87' lang='lat' dir='ltr'><strong>·et</strong></span> <span class='ocrx_word' id='word_1_234' title='bbox 343 3921 365 3967; x_wconf 92' lang='lat' dir='ltr'><strong>in</strong></span> <span class='ocrx_word' id='word_1_235' title='bbox 377 3919 548 3982; x_wconf 76' lang='lat' dir='ltr'><strong>Apotngetic03</strong></span> <span class='ocrx_word' id='word_1_236' title='bbox 568 3920 686 3968; x_wconf 78' lang='lat' dir='ltr'><strong>diversum</strong></span> <span class='ocrx_word' id='word_1_237' title='bbox 699 3922 793 3982; x_wconf 84' lang='lat' dir='ltr'><strong>penitus</strong></span> <span class='ocrx_word' id='word_1_238' title='bbox 808 3922 887 3983; x_wconf 87' lang='lat' dir='ltr'><strong>reperi</strong></span> <span class='ocrx_word' id='word_1_239' title='bbox 898 3922 989 3979; x_wconf 89' lang='lat' dir='ltr'><strong>stilum,</strong></span> <span class='ocrx_word' id='word_1_240' title='bbox 1008 3929 1087 3969; x_wconf 86' lang='lat' dir='ltr'><strong>tamen</strong></span> <span class='ocrx_word' id='word_1_241' title='bbox 1100 3935 1185 3983; x_wconf 85' lang='lat' dir='ltr'><strong>purum</strong></span> <span class='ocrx_word' id='word_1_242' title='bbox 1198 3932 1282 3983; x_wconf 85' lang='lat' dir='ltr'><strong>putum</strong></span> <span class='ocrx_word' id='word_1_243' title='bbox 1295 3924 1477 3974; x_wconf 79' lang='lat' dir='ltr'><strong>Tertullienen</strong></span> 
     </span>
     <span class='ocr_line' id='line_1_27' title="bbox 309 3987 1478 4055; baseline 0.004 -22"><span class='ocrx_word' id='word_1_244' title='bbox 309 3992 334 4033; x_wconf 89' lang='lat' dir='ltr'><strong>et</strong></span> <span class='ocrx_word' id='word_1_245' title='bbox 350 3999 395 4045; x_wconf 85' lang='lat' dir='ltr'><strong>ego</strong></span> <span class='ocrx_word' id='word_1_246' title='bbox 414 3987 496 4046; x_wconf 79' lang='lat' dir='ltr'><strong>agnovi</strong></span> <span class='ocrx_word' id='word_1_247' title='bbox 517 3996 540 4034; x_wconf 90' lang='lat' dir='ltr'><strong>et</strong></span> <span class='ocrx_word' id='word_1_248' title='bbox 557 3987 636 4044; x_wconf 83' lang='lat' dir='ltr'><strong>amici,</strong></span> <span class='ocrx_word' id='word_1_249' title='bbox 655 3989 742 4049; x_wconf 86' lang='lat' dir='ltr'><strong>quibus</strong></span> <span class='ocrx_word' id='word_1_250' title='bbox 760 3990 864 4047; x_wconf 87' lang='lat' dir='ltr'><strong>ostendi,</strong></span> <span class='ocrx_word' id='word_1_251' title='bbox 882 4002 967 4036; x_wconf 89' lang='lat' dir='ltr'><strong>omnes</strong></span> <span class='ocrx_word' id='word_1_252' title='bbox 985 3996 1167 4037; x_wconf 86' lang='lat' dir='ltr'><strong>consenserunt.</strong></span> <span class='ocrx_word' id='word_1_253' title='bbox 1204 3989 1255 4037; x_wconf 87' lang='lat' dir='ltr'><strong>lloc</strong></span> <span class='ocrx_word' id='word_1_254' title='bbox 1273 3990 1358 4051; x_wconf 87' lang='lat' dir='ltr'><strong>igitur,</strong></span> <span class='ocrx_word' id='word_1_255' title='bbox 1383 3990 1478 4055; x_wconf 76' lang='lat' dir='ltr'><strong>queunt</strong></span> 
     </span>
     <span class='ocr_line' id='line_1_28' title="bbox 310 4052 1477 4118; baseline 0.003 -17"><span class='ocrx_word' id='word_1_256' title='bbox 310 4052 477 4112; x_wconf 81' lang='lat' dir='ltr'><strong>iregmentem,</strong></span> <span class='ocrx_word' id='word_1_257' title='bbox 502 4054 591 4103; x_wconf 88' lang='lat' dir='ltr'><strong>diutius</strong></span> <span class='ocrx_word' id='word_1_258' title='bbox 610 4055 684 4104; x_wconf 87' lang='lat' dir='ltr'><strong>tatere</strong></span> <span class='ocrx_word' id='word_1_259' title='bbox 703 4057 768 4104; x_wconf 91' lang='lat' dir='ltr'><strong>notui</strong></span> <span class='ocrx_word' id='word_1_260' title='bbox 788 4065 810 4103; x_wconf 88' lang='lat' dir='ltr'><strong>et</strong></span> <span class='ocrx_word' id='word_1_261' title='bbox 830 4070 893 4104; x_wconf 88' lang='lat' dir='ltr'><strong>nunc</strong></span> <span class='ocrx_word' id='word_1_262' title='bbox 917 4057 939 4103; x_wconf 94' lang='lat' dir='ltr'><strong>in</strong></span> <span class='ocrx_word' id='word_1_263' title='bbox 959 4070 1087 4103; x_wconf 87' lang='lat' dir='ltr'><strong>commune</strong></span> <span class='ocrx_word' id='word_1_264' title='bbox 1112 4064 1134 4103; x_wconf 90' lang='lat' dir='ltr'><strong>et</strong></span> <span class='ocrx_word' id='word_1_265' title='bbox 1153 4056 1175 4103; x_wconf 90' lang='lat' dir='ltr'><strong>in</strong></span> <span class='ocrx_word' id='word_1_266' title='bbox 1195 4056 1322 4118; x_wconf 90' lang='lat' dir='ltr'><strong>publicum</strong></span> <span class='ocrx_word' id='word_1_267' title='bbox 1343 4061 1427 4109; x_wconf 87' lang='lat' dir='ltr'><strong>emitte</strong></span> <span class='ocrx_word' id='word_1_268' title='bbox 1442 4070 1477 4105; x_wconf 84' lang='grc' dir='ltr'><strong>ιι·</strong></span> 
     </span>
     <span class='ocr_line' id='line_1_29' title="bbox 308 4119 1477 4189; baseline 0.004 -23"><span class='ocrx_word' id='word_1_269' title='bbox 308 4119 392 4180; x_wconf 88' lang='lat' dir='ltr'><strong>spiciis</strong></span> <span class='ocrx_word' id='word_1_270' title='bbox 411 4120 498 4169; x_wconf 87' lang='lat' dir='ltr'><strong>Urbani</strong></span> <span class='ocrx_word' id='word_1_271' title='bbox 518 4121 585 4170; x_wconf 87' lang='lat' dir='ltr'><strong>Pont.</strong></span> <span class='ocrx_word' id='word_1_272' title='bbox 605 4122 672 4179; x_wconf 70' lang='lat' dir='ltr'><strong>idun,</strong></span> <span class='ocrx_word' id='word_1_273' title='bbox 696 4137 743 4184; x_wconf 91' lang='lat' dir='ltr'><strong>quo</strong></span> <span class='ocrx_word' id='word_1_274' title='bbox 763 4124 785 4171; x_wconf 91' lang='lat' dir='ltr'><strong>in</strong></span> <span class='ocrx_word' id='word_1_275' title='bbox 805 4123 922 4171; x_wconf 85' lang='lat' dir='ltr'><strong>Cathedra</strong></span> <span class='ocrx_word' id='word_1_276' title='bbox 943 4123 1004 4171; x_wconf 79' lang='lat' dir='ltr'><strong>Petri</strong></span> <span class='ocrx_word' id='word_1_277' title='bbox 1024 4123 1122 4171; x_wconf 85' lang='lat' dir='ltr'><strong>sedente</strong></span> <span class='ocrx_word' id='word_1_278' title='bbox 1142 4137 1189 4171; x_wconf 93' lang='lat' dir='ltr'><strong>nou</strong></span> <span class='ocrx_word' id='word_1_279' title='bbox 1209 4123 1292 4173; x_wconf 85' lang='lat' dir='ltr'><strong>llnsec</strong></span> <span class='ocrx_word' id='word_1_280' title='bbox 1312 4134 1407 4175; x_wconf 82' lang='lat' dir='ltr'><strong>tantum</strong></span> <span class='ocrx_word' id='word_1_281' title='bbox 1424 4124 1477 4189; x_wconf 84' lang='lat' dir='ltr'><strong>poli·</strong></span> 
     </span>
     <span class='ocr_line' id='line_1_30' title="bbox 307 4185 1478 4255; baseline 0.005 -22"><span class='ocrx_word' id='word_1_282' title='bbox 307 4185 431 4248; x_wconf 76' lang='lat' dir='ltr'><strong>tionesque</strong></span> <span class='ocrx_word' id='word_1_283' title='bbox 450 4189 542 4236; x_wconf 83' lang='lat' dir='ltr'><strong>litterae</strong></span> <span class='ocrx_word' id='word_1_284' title='bbox 561 4205 588 4237; x_wconf 88' lang='lat' dir='ltr'><strong>ac</strong></span> <span class='ocrx_word' id='word_1_285' title='bbox 607 4190 757 4253; x_wconf 79' lang='lat' dir='ltr'><strong>disciplinae,</strong></span> <span class='ocrx_word' id='word_1_286' title='bbox 783 4191 862 4252; x_wconf 84' lang='lat' dir='ltr'><strong>poetis</strong></span> <span class='ocrx_word' id='word_1_287' title='bbox 881 4200 904 4238; x_wconf 89' lang='lat' dir='ltr'><strong>et</strong></span> <span class='ocrx_word' id='word_1_288' title='bbox 922 4190 1044 4238; x_wconf 88' lang='lat' dir='ltr'><strong>historicis</strong></span> <span class='ocrx_word' id='word_1_289' title='bbox 1068 4191 1158 4255; x_wconf 81' lang='lat' dir='ltr'><strong>passim</strong></span> <span class='ocrx_word' id='word_1_290' title='bbox 1177 4191 1358 4242; x_wconf 79' lang='lat' dir='ltr'><strong>exundantibus</strong></span> <span class='ocrx_word' id='word_1_291' title='bbox 1377 4202 1401 4242; x_wconf 88' lang='lat' dir='ltr'><strong>et</strong></span> <span class='ocrx_word' id='word_1_292' title='bbox 1418 4206 1478 4242; x_wconf 81' lang='lat' dir='ltr'><strong>esse·</strong></span> 
     </span>
     <span class='ocr_line' id='line_1_31' title="bbox 309 4252 1476 4324; baseline 0.007 -26"><span class='ocrx_word' id='word_1_293' title='bbox 309 4252 420 4301; x_wconf 86' lang='lat' dir='ltr'><strong>dentibus</strong></span> <span class='ocrx_word' id='word_1_294' title='bbox 439 4258 506 4317; x_wconf 89' lang='lat' dir='ltr'><strong>quasi</strong></span> <span class='ocrx_word' id='word_1_295' title='bbox 525 4257 616 4305; x_wconf 88' lang='lat' dir='ltr'><strong>reddita</strong></span> <span class='ocrx_word' id='word_1_296' title='bbox 631 4258 750 4304; x_wconf 80' lang='lat' dir='ltr'><strong>iuuentute</strong></span> <span class='ocrx_word' id='word_1_297' title='bbox 764 4260 919 4315; x_wconf 81' lang='lat' dir='ltr'><strong>revirescunt,</strong></span> <span class='ocrx_word' id='word_1_298' title='bbox 937 4272 1017 4305; x_wconf 81' lang='lat' dir='ltr'><strong>verum</strong></span> <span class='ocrx_word' id='word_1_299' title='bbox 1030 4259 1100 4305; x_wconf 86' lang='lat' dir='ltr'><strong>etiam</strong></span> <span class='ocrx_word' id='word_1_300' title='bbox 1112 4266 1251 4305; x_wconf 85' lang='lat' dir='ltr'><strong>sanctorum</strong></span> <span class='ocrx_word' id='word_1_301' title='bbox 1263 4259 1363 4310; x_wconf 74' lang='lat' dir='ltr'><strong>Parrum</strong></span> <span class='ocrx_word' id='word_1_302' title='bbox 1374 4260 1476 4324; x_wconf 79' lang='lat' dir='ltr'><strong>operibns</strong></span> 
     </span>
     <span class='ocr_line' id='line_1_32' title="bbox 309 4320 1477 4390; baseline 0.007 -25"><span class='ocrx_word' id='word_1_303' title='bbox 309 4320 414 4381; x_wconf 83' lang='lat' dir='ltr'><strong>undique</strong></span> <span class='ocrx_word' id='word_1_304' title='bbox 433 4323 606 4383; x_wconf 88' lang='lat' dir='ltr'><strong>prodeuntibus</strong></span> <span class='ocrx_word' id='word_1_305' title='bbox 625 4326 647 4371; x_wconf 95' lang='lat' dir='ltr'><strong>in</strong></span> <span class='ocrx_word' id='word_1_306' title='bbox 668 4324 744 4372; x_wconf 87' lang='lat' dir='ltr'><strong>iucem</strong></span> <span class='ocrx_word' id='word_1_307' title='bbox 765 4325 896 4374; x_wconf 80' lang='lat' dir='ltr'><strong>orthodoxa</strong></span> <span class='ocrx_word' id='word_1_308' title='bbox 916 4325 1001 4384; x_wconf 87' lang='lat' dir='ltr'><strong>religio</strong></span> <span class='ocrx_word' id='word_1_309' title='bbox 1020 4326 1108 4387; x_wconf 86' lang='lat' dir='ltr'><strong>ubique</strong></span> <span class='ocrx_word' id='word_1_310' title='bbox 1130 4334 1247 4373; x_wconf 79' lang='lat' dir='ltr'><strong>terrarum</strong></span> <span class='ocrx_word' id='word_1_311' title='bbox 1267 4337 1343 4390; x_wconf 86' lang='lat' dir='ltr'><strong>caput</strong></span> <span class='ocrx_word' id='word_1_312' title='bbox 1360 4328 1477 4378; x_wconf 78' lang='lat' dir='ltr'><strong>attollitet</strong></span> 
     </span>
     <span class='ocr_line' id='line_1_33' title="bbox 308 4387 1477 4454; baseline 0.006 -21"><span class='ocrx_word' id='word_1_313' title='bbox 308 4387 449 4436; x_wconf 85' lang='lat' dir='ltr'><strong>reflorescit.</strong></span> <span class='ocrx_word' id='word_1_314' title='bbox 492 4390 565 4438; x_wconf 86' lang='lat' dir='ltr'><strong>ileum</strong></span> <span class='ocrx_word' id='word_1_315' title='bbox 585 4406 671 4454; x_wconf 86' lang='lat' dir='ltr'><strong>precor</strong></span> <span class='ocrx_word' id='word_1_316' title='bbox 691 4400 715 4438; x_wconf 88' lang='lat' dir='ltr'><strong>ut</strong></span> <span class='ocrx_word' id='word_1_317' title='bbox 734 4393 811 4453; x_wconf 85' lang='lat' dir='ltr'><strong>ipsum</strong></span> <span class='ocrx_word' id='word_1_318' title='bbox 832 4400 855 4439; x_wconf 88' lang='lat' dir='ltr'><strong>et</strong></span> <span class='ocrx_word' id='word_1_319' title='bbox 872 4390 1062 4440; x_wconf 87' lang='lat' dir='ltr'><strong>illustrissimum</strong></span> <span class='ocrx_word' id='word_1_320' title='bbox 1082 4392 1233 4440; x_wconf 86' lang='lat' dir='ltr'><strong>Cardinulcm</strong></span> <span class='ocrx_word' id='word_1_321' title='bbox 1253 4394 1412 4445; x_wconf 83' lang='lat' dir='ltr'><strong>Franciscnm</strong></span> <span class='ocrx_word' id='word_1_322' title='bbox 1429 4394 1477 4442; x_wconf 82' lang='lat' dir='ltr'><strong>bar·</strong></span> 
     </span>
     <span class='ocr_line' id='line_1_34' title="bbox 307 4454 1477 4526; baseline 0.011 -26"><span class='ocrx_word' id='word_1_323' title='bbox 307 4454 417 4502; x_wconf 87' lang='lat' dir='ltr'><strong>berinum</strong></span> <span class='ocrx_word' id='word_1_324' title='bbox 437 4457 539 4506; x_wconf 75' lang='lat' dir='ltr'><strong>Atlantis</strong></span> <span class='ocrx_word' id='word_1_325' title='bbox 557 4460 614 4506; x_wconf 88' lang='lat' dir='ltr'><strong>tanti</strong></span> <span class='ocrx_word' id='word_1_326' title='bbox 634 4459 761 4507; x_wconf 87' lang='lat' dir='ltr'><strong>llerculem</strong></span> <span class='ocrx_word' id='word_1_327' title='bbox 780 4460 809 4508; x_wconf 80' lang='lat' dir='ltr'><strong>ed</strong></span> <span class='ocrx_word' id='word_1_328' title='bbox 828 4459 950 4508; x_wconf 82' lang='lat' dir='ltr'><strong>Ecclesiae</strong></span> <span class='ocrx_word' id='word_1_329' title='bbox 968 4475 1026 4507; x_wconf 88' lang='lat' dir='ltr'><strong>suae</strong></span> <span class='ocrx_word' id='word_1_330' title='bbox 1045 4460 1118 4507; x_wconf 84' lang='lat' dir='ltr'><strong>deciis</strong></span> <span class='ocrx_word' id='word_1_331' title='bbox 1137 4460 1272 4509; x_wconf 86' lang='lat' dir='ltr'><strong>diutissime</strong></span> <span class='ocrx_word' id='word_1_332' title='bbox 1296 4464 1416 4526; x_wconf 90' lang='lat' dir='ltr'><strong>sospitem</strong></span> <span class='ocrx_word' id='word_1_333' title='bbox 1433 4472 1477 4511; x_wconf 74' lang='lat' dir='ltr'><strong>esst</strong></span> 
     </span>
     <span class='ocr_line' id='line_1_35' title="bbox 307 4520 1476 4588; baseline 0.006 -21"><span class='ocrx_word' id='word_1_334' title='bbox 307 4520 371 4569; x_wconf 83' lang='lat' dir='ltr'><strong>velit.</strong></span> <span class='ocrx_word' id='word_1_335' title='bbox 407 4523 451 4580; x_wconf 82' lang='lat' dir='ltr'><strong>Tu,</strong></span> <span class='ocrx_word' id='word_1_336' title='bbox 470 4522 555 4580; x_wconf 87' lang='lat' dir='ltr'><strong>lector,</strong></span> <span class='ocrx_word' id='word_1_337' title='bbox 573 4541 713 4588; x_wconf 75' lang='lat' dir='ltr'><strong>epprncnre,</strong></span> <span class='ocrx_word' id='word_1_338' title='bbox 733 4534 756 4574; x_wconf 88' lang='lat' dir='ltr'><strong>et</strong></span> <span class='ocrx_word' id='word_1_339' title='bbox 774 4528 821 4574; x_wconf 90' lang='lat' dir='ltr'><strong>hoc</strong></span> <span class='ocrx_word' id='word_1_340' title='bbox 839 4542 892 4574; x_wconf 88' lang='lat' dir='ltr'><strong>meo</strong></span> <span class='ocrx_word' id='word_1_341' title='bbox 912 4526 1055 4575; x_wconf 88' lang='lat' dir='ltr'><strong>munusculo</strong></span> <span class='ocrx_word' id='word_1_342' title='bbox 1074 4535 1155 4587; x_wconf 90' lang='lat' dir='ltr'><strong>gratus</strong></span> <span class='ocrx_word' id='word_1_343' title='bbox 1174 4535 1251 4585; x_wconf 85' lang='lat' dir='ltr'><strong>utere,</strong></span> <span class='ocrx_word' id='word_1_344' title='bbox 1271 4530 1384 4579; x_wconf 81' lang='lat' dir='ltr'><strong>iuuere.“</strong></span> <span class='ocrx_word' id='word_1_345' title='bbox 1414 4529 1476 4580; x_wconf 83' lang='lat' dir='ltr'><strong>Cuies</strong></span> 
     </span>
     <span class='ocr_line' id='line_1_36' title="bbox 307 4589 1477 4658; baseline 0.007 -22"><span class='ocrx_word' id='word_1_346' title='bbox 307 4589 433 4647; x_wconf 77' lang='lat' dir='ltr'><strong>fragmenti</strong></span> <span class='ocrx_word' id='word_1_347' title='bbox 452 4591 533 4638; x_wconf 86' lang='lat' dir='ltr'><strong>stilum</strong></span> <span class='ocrx_word' id='word_1_348' title='bbox 554 4607 600 4654; x_wconf 89' lang='lat' dir='ltr'><strong>quo</strong></span> <span class='ocrx_word' id='word_1_349' title='bbox 620 4594 670 4641; x_wconf 89' lang='lat' dir='ltr'><strong>iure</strong></span> <span class='ocrx_word' id='word_1_350' title='bbox 689 4603 728 4642; x_wconf 89' lang='lat' dir='ltr'><strong>aut</strong></span> <span class='ocrx_word' id='word_1_351' title='bbox 747 4595 844 4643; x_wconf 90' lang='lat' dir='ltr'><strong>nomine</strong></span> <span class='ocrx_word' id='word_1_352' title='bbox 860 4596 939 4642; x_wconf 86' lang='lat' dir='ltr'><strong>statim</strong></span> <span class='ocrx_word' id='word_1_353' title='bbox 960 4609 1064 4657; x_wconf 86' lang='lat' dir='ltr'><strong>„purum</strong></span> <span class='ocrx_word' id='word_1_354' title='bbox 1083 4603 1165 4657; x_wconf 89' lang='lat' dir='ltr'><strong>putum</strong></span> <span class='ocrx_word' id='word_1_355' title='bbox 1180 4595 1396 4647; x_wconf 84' lang='lat' dir='ltr'><strong>Tertullianeum“</strong></span> <span class='ocrx_word' id='word_1_356' title='bbox 1413 4609 1477 4658; x_wconf 85' lang='lat' dir='ltr'><strong>agno·</strong></span> 
     </span>
     <span class='ocr_line' id='line_1_37' title="bbox 306 4659 1476 4724; baseline 0.005 -21"><span class='ocrx_word' id='word_1_357' title='bbox 306 4670 375 4703; x_wconf 85' lang='lat' dir='ltr'><strong>scers</strong></span> <span class='ocrx_word' id='word_1_358' title='bbox 394 4659 499 4718; x_wconf 87' lang='lat' dir='ltr'><strong>potuerit</strong></span> <span class='ocrx_word' id='word_1_359' title='bbox 517 4659 645 4707; x_wconf 87' lang='lat' dir='ltr'><strong>Suaresius</strong></span> <span class='ocrx_word' id='word_1_360' title='bbox 664 4675 717 4709; x_wconf 90' lang='lat' dir='ltr'><strong>cum</strong></span> <span class='ocrx_word' id='word_1_361' title='bbox 736 4662 787 4709; x_wconf 86' lang='lat' dir='ltr'><strong>suis</strong></span> <span class='ocrx_word' id='word_1_362' title='bbox 806 4662 904 4720; x_wconf 84' lang='lat' dir='ltr'><strong>amicis,</strong></span> <span class='ocrx_word' id='word_1_363' title='bbox 924 4676 968 4723; x_wconf 87' lang='lat' dir='ltr'><strong>ego</strong></span> <span class='ocrx_word' id='word_1_364' title='bbox 988 4677 1035 4710; x_wconf 93' lang='lat' dir='ltr'><strong>non</strong></span> <span class='ocrx_word' id='word_1_365' title='bbox 1055 4663 1125 4710; x_wconf 77' lang='lat' dir='ltr'><strong>facile</strong></span> <span class='ocrx_word' id='word_1_366' title='bbox 1146 4677 1272 4724; x_wconf 85' lang='lat' dir='ltr'><strong>assequor.</strong></span> <span class='ocrx_word' id='word_1_367' title='bbox 1303 4665 1406 4715; x_wconf 86' lang='lat' dir='ltr'><strong>Multum</strong></span> <span class='ocrx_word' id='word_1_368' title='bbox 1424 4666 1476 4713; x_wconf 82' lang='lat' dir='ltr'><strong>enin</strong></span> 
     </span>
     <span class='ocr_line' id='line_1_38' title="bbox 307 4720 1477 4794; baseline 0.007 -25"><span class='ocrx_word' id='word_1_369' title='bbox 307 4736 319 4770; x_wconf 89' lang='grc' dir='ltr'>ι</span> <span class='ocrx_word' id='word_1_370' title='bbox 338 4724 418 4783; x_wconf 87' lang='lat' dir='ltr'><strong>vigore</strong></span> <span class='ocrx_word' id='word_1_371' title='bbox 436 4726 485 4772; x_wconf 85' lang='lat' dir='ltr'><strong>stili</strong></span> <span class='ocrx_word' id='word_1_372' title='bbox 504 4726 658 4775; x_wconf 82' lang='lat' dir='ltr'><strong>Tortirllianei</strong></span> <span class='ocrx_word' id='word_1_373' title='bbox 677 4728 797 4777; x_wconf 69' lang='lat' dir='ltr'><strong>abhorret,</strong></span> <span class='ocrx_word' id='word_1_374' title='bbox 835 4730 886 4786; x_wconf 84' lang='lat' dir='ltr'><strong>Qua</strong></span> <span class='ocrx_word' id='word_1_375' title='bbox 905 4729 935 4776; x_wconf 85' lang='lat' dir='ltr'><strong>de</strong></span> <span class='ocrx_word' id='word_1_376' title='bbox 953 4744 1024 4778; x_wconf 83' lang='lat' dir='ltr'><strong>causa</strong></span> <span class='ocrx_word' id='word_1_377' title='bbox 1045 4731 1090 4779; x_wconf 92' lang='lat' dir='ltr'><strong>hoc</strong></span> <span class='ocrx_word' id='word_1_378' title='bbox 1109 4720 1348 4794; x_wconf 77' lang='grc' dir='ltr'><strong>ἆποσπασμάτιον</strong></span> <span class='ocrx_word' id='word_1_379' title='bbox 1366 4734 1477 4782; x_wconf 83' lang='lat' dir='ltr'><strong>declama·</strong></span> 
     </span>
     <span class='ocr_line' id='line_1_39' title="bbox 307 4790 1477 4864; baseline 0.009 -28"><span class='ocrx_word' id='word_1_380' title='bbox 307 4790 352 4836; x_wconf 88' lang='lat' dir='ltr'><strong>tori</strong></span> <span class='ocrx_word' id='word_1_381' title='bbox 372 4794 451 4853; x_wconf 89' lang='lat' dir='ltr'><strong>potius</strong></span> <span class='ocrx_word' id='word_1_382' title='bbox 469 4793 541 4841; x_wconf 84' lang='lat' dir='ltr'><strong>alicui</strong></span> <span class='ocrx_word' id='word_1_383' title='bbox 561 4794 701 4844; x_wconf 86' lang='lat' dir='ltr'><strong>Tertulliani</strong></span> <span class='ocrx_word' id='word_1_384' title='bbox 725 4796 872 4859; x_wconf 87' lang='lat' dir='ltr'><strong>scripturum</strong></span> <span class='ocrx_word' id='word_1_385' title='bbox 901 4810 948 4845; x_wconf 89' lang='lat' dir='ltr'><strong>non</strong></span> <span class='ocrx_word' id='word_1_386' title='bbox 974 4797 1045 4858; x_wconf 86' lang='lat' dir='ltr'><strong>plone</strong></span> <span class='ocrx_word' id='word_1_387' title='bbox 1070 4799 1152 4860; x_wconf 85' lang='lat' dir='ltr'><strong>ignnro</strong></span> <span class='ocrx_word' id='word_1_388' title='bbox 1179 4813 1252 4860; x_wconf 85' lang='lat' dir='ltr'><strong>quam</strong></span> <span class='ocrx_word' id='word_1_389' title='bbox 1277 4801 1328 4864; x_wconf 87' lang='lat' dir='ltr'><strong>ipsi</strong></span> <span class='ocrx_word' id='word_1_390' title='bbox 1353 4803 1477 4851; x_wconf 79' lang='lat' dir='ltr'><strong>tribuerin-</strong></span> 
     </span>
    </p>
   </div>
   <div class='ocr_carea' id='block_1_6' title="bbox 0 0 1626 5775">
    <p class='ocr_par' dir='ltr' id='par_1_14' title="bbox 0 0 1626 5775">
     <span class='ocr_line' id='line_1_40' title="bbox 0 0 1626 5775; baseline 0 2"><span class='ocrx_word' id='word_1_391' title='bbox 0 0 1626 5775; x_wconf 95' lang='lat' dir='ltr'><strong> </strong></span> 
     </span>
    </p>
   </div>
  </div>
 </body>
</html>
