3242 5775
203 680 206 692 Ι
307 568 367 676 rit
461 600 482 620 ''
513 619 554 673 rs
574 619 770 666 sarcasmum
791 617 922 663 senueris
946 618 1021 669 ausu
1043 617 1261 664 mrsmssurrr.

254 795 258 802 ’
305 795 389 860 pacm
410 775 558 837 aduersus
572 771 764 853 Apollonium
787 771 986 851 conposuit.“
1016 768 1102 832 idern
1112 769 1185 832 ibid.
1202 789 1269 851 cap.
1283 773 1348 836 24:
1372 771 1479 846 „liuius
1517 753 1519 792 ³

305 876 474 954 (blelitonis
497 872 654 935 Seu-densis
676 871 821 951 episcopi)
849 871 967 949 elegans
996 879 1026 931 et
1054 869 1306 936 declamatorium
1338 874 1480 955 ingenium

308 979 437 1058 undans
459 974 554 1050 (tiss
578 973 725 1036 Gemblac.
748 982 778 1035 et
799 972 954 1052 sigeberg.
975 990 1030 1052 pro
1054 972 1185 1037 laudans
1208 1008 1251 1021 -
1277 977 1357 1039 dicit
1381 978 1481 1039 babent

308 1075 483 1159 cavillatur)
516 1075 722 1139 Tertullianus
749 1079 782 1136 in
810 1086 923 1155 septem
950 1066 1038 1136 libris
1068 1094 1141 1155 quos
1173 1080 1309 1157 scripsit
1340 1081 1480 1142 aduersus

307 1180 459 1244 ecclesiam
476 1198 536 1260 pro
552 1178 698 1240 Montano
722 1178 793 1239 dicit
814 1176 991 1249 (cavillatur
1010 1177 1107 1238 dicens
1130 1176 1220 1238 habet
1234 1179 1301 1241 tls,
1320 1180 1480 1261 Guelpber-

306 1281 378 1364 byt.)
400 1300 467 1343 earn
487 1300 507 1342 a
525 1279 678 1361 plerisque
700 1290 881 1341 nostrorum
899 1278 1086 1358 propnetam,
1104 1284 1246 1358 putari.“
1303 1282 1389 1344 ldem
1419 1283 1481 1344 ibid.

307 1402 371 1464 cap.
386 1387 444 1447 4οε
473 1380 701 1453 „Tertullianus
723 1397 778 1440 sen
799 1378 1002 1441 voluminibus
1030 1380 1178 1442 adversus
1202 1382 1372 1445 ecclesium
1394 1387 1480 1455 editis.

307 1504 382 1567 puae
403 1486 527 1564 scripsit
547 1480 624 1564 περὶ
642 1471 864 1556 naudaeus.
884 1484 1040 1561 septimun
1060 1486 1189 1562 proprie
1210 1484 1375 1549 aduersus
1398 1488 1481 1567 Apol·

308 1586 424 1650 lonium
444 1584 625 1655 elaborauit,
658 1586 691 1644 in
713 1601 770 1664 quo
800 1587 901 1644 ornata
921 1600 996 1662 puae
1016 1583 1069 1644 ille
1089 1588 1193 1663 arpuit
1217 1600 1363 1651 canatur
1385 1591 1480 1670 deses-

308 1689 410 1754 dsre.“
452 1686 495 1748 Ex
517 1684 565 1746 his
587 1691 620 1746 ut
640 1684 784 1764 septimus
804 1683 926 1763 proprie
948 1692 1012 1746 erat
1032 1684 1175 1746 aduersus
1197 1685 1421 1765 Apollonium,
1450 1692 1481 1752 ita

196 1850 201 1861 ,
306 1789 423 1871 priores
444 1806 495 1850 sex
523 1795 604 1849 recte
631 1785 788 1864 collegisse
818 1784 933 1847 videtur
954 1785 977 1846 1.
993 1786 1026 1847 A.
1041 1785 1193 1847 Fabricius
1223 1788 1331 1853 luisse
1360 1793 1478 1873 scriptos

306 1892 447 1956 adversm
469 1889 605 1951 Soterem
627 1887 799 1967 episcopum
821 1886 949 1959 Romae,
976 1907 1012 1949 ex
1033 1887 1131 1949 verbis
1153 1888 1239 1951 luet.
1263 1890 1480 1957 Praenestini

182 1991 185 2000 '
305 1992 393 2056 Haec.
415 1993 474 2057 26:
497 1988 643 2068 „Scripsit
664 1997 766 2050 contra
788 2006 843 2049 eos
865 1987 1082 2065 (blontanistas)
1103 1988 1209 2051 librum
1235 2003 1371 2057 sanctus
1395 1997 1478 2070 sue,

305 2094 384 2175 Papa
412 2091 516 2165 Urbis,
552 2099 581 2152 et
608 2089 798 2170 Apollonius,
831 2089 1030 2169 Ephesiorum
1064 2092 1199 2152 antistes.
1256 2095 1385 2160 Contra
1418 2117 1478 2180 psas

306 2198 430 2277 scripsit
454 2193 672 2262 Tertullianus,
702 2190 865 2271 presbyter
888 2192 1155 2271 Carthaginiensis.
1201 2194 1370 2267 Quicum
1393 2204 1478 2263 omnis

306 2298 376 2364 lesse
397 2306 426 2360 et
444 2300 542 2376 prime
564 2304 593 2356 et
613 2293 894 2373 incomparabiliter
914 2298 1087 2374 arrepserit,
1104 2299 1149 2380 ‚in
1172 2294 1228 2358 boa
1252 2299 1365 2363 solum
1387 2321 1418 2365 se
1437 2321 1477 2364 re

300 2396 532 2482 prehensibilest
552 2397 625 2476 fecit
647 2396 725 2476 qnod
739 2394 917 2457 Montanum
933 2396 1081 2475 defendit,
1105 2414 1195 2476 apens
1214 2412 1335 2462 contra
1353 2403 1475 2467 Soura·

211 2511 214 2516 '
302 2502 511 2581 supradictum
536 2496 624 2559 Urbis
646 2494 793 2577 Papam.“
841 2496 863 2557 l.
885 2495 1032 2557 Pamelius
1060 2498 1116 2558 hos
1144 2497 1240 2560 libros
1266 2501 1391 2568 Graeco
1419 2525 1473 2568 ser·

302 2619 392 2670 moue
413 2599 509 2662 editos
531 2597 657 2661 censuit.
690 2597 732 2659 lle
754 2597 862 2659 ecstasi
884 2598 920 2658 cl.
937 2597 1059 2661 Tertull.
1075 2598 1116 2660 Ile
1132 2600 1186 2660 dn.
1203 2619 1270 2682 cap.
1284 2608 1345 2669 45.
1362 2613 1473 2689 capit.

304 2719 367 2784 cap.
381 2703 434 2766 21.
448 2692 519 2780 cap.
534 2702 564 2764 9.
597 2699 669 2761 dds.
690 2698 776 2761 Pras.
798 2717 862 2778 cap.
881 2702 930 2763 15.
962 2698 1034 2761 nav.
1057 2700 1145 2762 llarc.
1166 2702 1200 2775 V,
1215 2691 1249 2767 Ι8.

789 2907 992 2923 *uu-

581 3069 692 3131 LIBER
714 3068 906 3132 ADVERSVS
928 3071 1195 3135 APELLElACOS.

391 3205 589 3270 Tertullianus
604 3204 647 3266 lle
662 3204 755 3267 Carne
774 3205 842 3267 Chr.
866 3226 930 3286 cap.
943 3209 977 3273 8:
1002 3209 1082 3281 „Sed
1106 3210 1245 3288 quoniam
1269 3221 1299 3272 et
1324 3215 1376 3277 isti
1390 3216 1468 3296 Apel-

304 3309 388 3373 leiaci
409 3307 505 3371 carnis
528 3307 717 3387 ignominiam
739 3308 935 3388 praetendunt
950 3311 1092 3384 maxime,
1114 3329 1201 3390 quam
1216 3313 1325 3376 uolunt
1340 3317 1377 3379 ab
1391 3319 1470 3398 igneo

303 3411 355 3475 illo
376 3409 512 3491 praeside
534 3409 602 3472 mali
630 3409 793 3472 sollicitatis
823 3408 974 3472 animabus
1001 3411 1194 3486 adstructam,
1228 3423 1259 3475 et
1286 3416 1398 3482 idcirco
1424 3419 1469 3479 in·

304 3513 420 3594 dignam
437 3512 573 3586 Christo,
596 3511 755 3574 etidcirco
777 3511 814 3573 de
836 3511 984 3574 sideribus
1008 3513 1201 3576 substantiam
1224 3515 1265 3576 illi
1282 3520 1469 3600 competisse,

304 3615 397 3678 debeo
420 3613 488 3676 illos
511 3614 547 3676 de
569 3632 622 3676 sua
636 3624 781 3695 paratura
803 3623 1003 3692 repercutere.
1045 3616 1186 3695 Angelum
1211 3620 1363 3696 quendam
1384 3622 1468 3701 incly-

303 3725 365 3779 tum
387 3716 557 3789 nominant,
579 3715 629 3794 qui
650 3715 793 3777 mundum
815 3714 894 3777 huuc
914 3715 1076 3777 instituerit
1097 3726 1127 3778 et
1147 3718 1286 3782 instituto
1310 3740 1350 3784 eo
1372 3725 1469 3804 paeni·

303 3817 425 3879 tentiam
447 3816 645 3878 admiscuerit.
689 3816 726 3876 Et
747 3816 804 3877 hoc
826 3835 882 3879 suo
903 3816 969 3880 loco
993 3821 1188 3884 tractavimus.
1234 3820 1313 3884 Nam
1329 3826 1469 3888 estradis

302 3920 451 3982 aduersus
472 3916 543 3979 illos
565 3916 700 3989 libellus,
724 3936 765 3978 an
786 3921 839 3998 pul
858 3922 1001 3998 spiritum
1022 3931 1051 3983 et
1072 3922 1258 3984 voluntatem
1280 3935 1310 3986 et
1332 3931 1471 3991 mrtutes

305 4018 419 4082 Ciristi
439 4019 578 4081 labuerit
599 4020 639 4081 ad
659 4037 693 4081 ea
717 4037 823 4100 opera,
854 4021 975 4100 dignuin
1001 4021 1116 4104 aliquid
1141 4029 1329 4103 paenitentia
1358 4031 1469 4109 feeerit,

250 4144 252 4149 ·
303 4139 370 4182 usna
390 4119 528 4200 anpeluns
550 4122 639 4181 etiam
661 4121 695 4183 de
715 4121 818 4201 figura
840 4126 988 4185 erraticae
1015 4129 1080 4186 ouis
1110 4129 1377 4205 interpretentur‘
1407 4139 1469 4194 cett

303 4220 345 4282 ct.
368 4221 500 4283 Vincent.
522 4221 615 4282 Lirin.
639 4221 853 4284 Commonitor.
886 4243 947 4302 cap.
964 4226 1015 4287 24.
1066 4226 1146 4286 Addo
1174 4227 1246 4288 Adr.
1271 4229 1361 4292 llmn.
1384 4232 1468 4294 liter.

302 4340 365 4401 cap.
382 4325 411 4386 6.
449 4323 570 4385 Tertull.
595 4323 637 4384 lle
652 4324 755 4386 Anima
777 4343 841 4405 cap.
855 4327 905 4389 23.
935 4325 976 4387 Ile
999 4326 1176 4407 Praeseript.
1200 4329 1319 4393 Haeret.
1344 4352 1407 4415 cap.
1421 4337 1468 4399 34.

300 4423 343 4485 lle
364 4423 487 4485 Resurr.
511 4425 613 4487 Carnis
637 4444 699 4506 cap.
716 4430 746 4490 5.
