3242 5775
220 671 223 680 ,
270 609 273 616 ’
306 606 369 671 362
559 623 661 675 omrtrt
683 622 816 666 suornm
837 609 1004 668 ruonuurrs
1026 622 1223 666 rraruearanr

183 786 292 839 centn.
307 773 370 835 ium
390 771 489 854 primo
511 772 619 834 iactum
641 774 795 851 professa,
817 773 851 834 itt
873 772 1021 853 principio
1043 772 1118 834 deus
1139 772 1208 834 iecit
1221 770 1352 845 caelum,
1375 771 1484 835 debinc

153 889 292 944 ωιτη.
307 873 538 955 dispositionem
560 873 625 935 eius
649 873 894 953 ¹superinducit·,
918 882 948 936 et
967 873 1134 956 'separarit
1154 872 1234 934 iuter
1255 890 1378 952 aquam,
1406 891 1482 954 quae

305 983 372 1038 erat
391 975 467 1036 iufra
488 975 723 1047 firmamentum,
752 984 781 1036 et
802 992 877 1055 quae
899 974 981 1037 ’erat
1002 993 1095 1056 super
1116 974 1351 1046 firmamentum,
1373 982 1404 1036 et
1425 992 1481 1036 ro·
1520 1015 1524 1056 p

305 1077 382 1139 carii
403 1076 477 1138 deus
499 1075 716 1137 firmamentum
739 1076 869 1149 caelum,
896 1076 995 1156 ipsum
1017 1075 1098 1156 quod
1118 1076 1149 1136 iu
1170 1075 1336 1155 primordio
1360 1075 1480 1137 iecerat.
1518 1117 1521 1140 .

173 1189 291 1243 oenum.
304 1175 435 1238 Proinde
458 1184 488 1237 et
508 1176 546 1237 dc
567 1175 704 1250 homine,
737 1176 775 1238 Et
795 1177 866 1238 iecit
886 1177 960 1240 deus
982 1178 1149 1250 bominem,
1178 1175 1216 1237 ad
1243 1175 1400 1255 imaginem
1432 1176 1480 1238 dei
1519 1225 1524 1258 Ι

178 1278 374 1342 uonna-iecit
387 1275 479 1339 ilium.
512 1277 627 1339 debinc
647 1277 773 1357 qualiter
793 1278 915 1341 ⁴iecerit
935 1277 1047 1341 reddit:
1069 1278 1107 1339 Et
1128 1277 1213 1339 tinxit
1233 1277 1308 1338 deus
1327 1277 1480 1338 bominem
1515 1321 1524 1362 ,

296 1379 342 1441 *de
363 1379 436 1441 limo
458 1386 573 1466 terrae,
605 1387 637 1439 et
656 1378 773 1439 adflavit
800 1378 832 1439 in
859 1380 964 1441 iaciem
991 1379 1057 1441 eius
1084 1380 1185 1440 ilatum
1207 1378 1299 1452 ritae,
1334 1387 1365 1439 et
1384 1378 1479 1439 iactus
1514 1425 1520 1464 ἱ

306 1489 353 1542 est
374 1479 465 1540 homo
488 1479 519 1540 in
540 1479 667 1541 animam
688 1479 792 1540 viram.
829 1479 868 1540 Et
888 1480 991 1560 utique
1012 1479 1056 1541 sic
1076 1480 1161 1542 decet
1176 1478 1377 1541 narrationem
1393 1479 1479 1550 inire,
1514 1531 1524 1573 ι

304 1581 402 1661 priano
416 1580 554 1660 praefari,
577 1589 682 1659 postea
697 1581 854 1660 prosequi3
876 1580 1042 1654 nominare,
1064 1580 1173 1642 deiude
1187 1578 1368 1641 describere.
1395 1579 1478 1641 tttio·
1514 1631 1524 1674 Ι

304 1683 377 1762 quin
398 1700 506 1743 vanum
529 1680 556 1741 si
578 1681 642 1742 eius
671 1681 715 1742 rei
743 1681 828 1743 euius
856 1682 966 1743 nullam
993 1682 1189 1762 praemiserat
1218 1681 1419 1752 mentionem,
1449 1679 1480 1740 id
1515 1738 1524 1772 'i

304 1793 351 1846 est
370 1783 527 1856 materiae,
550 1799 588 1843 ne
609 1782 707 1861 ipsum
729 1783 849 1860 quidem
871 1801 997 1857 nomen,
1025 1783 1124 1845 subito
1146 1783 1271 1843 turmam
1294 1790 1326 1843 et
1347 1780 1524 1878 habitum
1519 1818 1520 1822 =

303 1884 514 1963 promulgarit,
549 1892 617 1944 ante
639 1892 758 1944 enarrat
778 1883 873 1964 qualis
904 1892 986 1946 esset
1013 1903 1101 1965 quam
1129 1883 1183 1944 ‘au
1211 1890 1309 1956 esset,
1347 1831 1524 1978 ostendit:

303 1986 429 2064 figuram
449 1984 639 2059 ‘deformati,
667 2001 778 2045 nomeu
806 1985 991 2047 absconditi.
1034 1986 1072 2046 At
1100 1992 1209 2064 quanto
1231 1983 1405 2046 credibilius
1428 2000 1480 2045 se-

304 2085 431 2148 cundum
455 2103 512 2146 nos
534 2086 599 2147 eius
620 2086 663 2147 rei
685 2085 917 2164 dispositionem
938 2086 1086 2166 scriptura
1108 2085 1261 2146 subiunxit
1282 2086 1366 2147 cuius
1388 2084 1479 2145 insti-

306 2186 450 2249 tutionem
472 2186 618 2265 simulque
638 2187 874 2249 nominationem
887 2186 1064 2268 praemisiti
1099 2187 1194 2260 Quam
1215 2186 1344 2265 denique
1365 2143 1524 2289 integer:

182 2306 236 2351 oen.
243 2305 285 2358 ιι.
306 2305 416 2350 seusus
439 2294 500 2349 est·
522 2288 556 2348 ln
577 2287 723 2368 principio
746 2287 821 2350 deus
842 2289 915 2350 iecit
933 2289 1047 2351 caelum
1070 2297 1100 2349 et
1120 2297 1245 2360 terram,
1278 2296 1358 2349 terra
1380 2246 1524 2388 autem:

305 2397 370 2452 erat
390 2388 546 2450 invisibilis
569 2398 598 2450 et
619 2389 718 2462 rudis;
740 2407 829 2469 quam
850 2390 925 2451 deus
947 2389 1061 2451 scilicet
1080 2389 1165 2462 iecit,
1193 2388 1231 2449 de
1252 2407 1309 2467 qua
1331 2389 1483 2468 scriptura
1515 2449 1524 2490 ι

305 2490 521 2552 cummaxime
547 2488 718 2551 'edixerati
761 2489 834 2550 Nam
864 2498 894 2551 et
920 2490 1061 2551 Autem
1053 2509 1152 2570 rpsum
1180 2489 1260 2550 velut
1286 2488 1377 2550 fibula
1404 2493 1481 2553 cott-
1514 2551 1518 2556 .

305 2589 451 2652 iunctitae
472 2590 632 2669 particulae
647 2591 683 2652 ad
699 2609 865 2653 connexum
887 2591 1069 2653 ‘narrationi
1088 2591 1277 2671 ”adpositum
1299 2599 1360 2651 est:
1385 2590 1482 2653 Terra
1514 2583 1524 2654 .-’

305 2699 414 2753 autem.
457 2691 522 2753 iioc
543 2692 622 2753 enim
643 2691 735 2753 verbo
757 2692 916 2753 revertitur
942 2692 991 2753 ed·
1008 2710 1072 2754 eam
1101 2692 1138 2754 de
1160 2710 1217 2772 qua
1241 2710 1330 2771 supra
1353 2692 1481 2767 dixerat,

306 2801 335 2854 et
361 2793 460 2871 alligat
486 2811 620 2854 sensum.
675 2793 756 2855 Adeo
789 2794 874 2855 auier
900 2793 970 2855 binc
996 2795 1133 2878 dutem,¹
1152 2803 1183 2854 et
1209 2793 1306 2854 soluta
1332 2810 1483 2873 compago

305 2901 368 2969 est,
391 2902 424 2957 ut
445 2903 516 2956 tunc
536 2895 636 2974 possit
657 2894 694 2956 de
715 2895 771 2955 aiia
793 2903 873 2956 terra
895 2894 1005 2957 dictum
1028 2886 1136 2958 videri:
1166 2894 1258 2957 Terra
1287 2903 1351 2957 erat
1371 2894 1482 2957 invisi·

304 2994 372 3056 bilis
396 3004 427 3056 et
446 2994 540 3056 rudis.

152 3116 295 3175 capnttt.
390 3096 465 3157 ¹Sed
488 3104 519 3157 tu
543 3096 698 3176 supercitia
720 3096 841 3176 capitis,
863 3105 937 3158 nutu
952 3096 1035 3176 digiti
1050 3096 1288 3169 accommodato,
1310 3095 1399 3158 altius
1418 3095 1482 3159 toi-

302 3196 368 3258 lens
391 3206 422 3259 et
442 3198 527 3276 quasi
549 3205 632 3259 retro
654 3197 782 3269 iactans,
817 3197 903 3270 Erat,
935 3197 1069 3277 'iuquis,
1102 3197 1187 3276 quasi
1215 3215 1335 3277 semper
1362 3196 1481 3273 ἰιιιι-ιι,

304 3298 417 3360 scilicet
439 3300 539 3361 innata
561 3308 590 3360 et
612 3299 733 3371 iniecta,
757 3297 919 3359 etidcirco
941 3298 1063 3360 materia
1085 3298 1240 3360 credenda.
1277 3297 1314 3358 dt
1334 3315 1392 3376 ego
1413 3299 1483 3361 sino

302 3397 364 3459 ullo
386 3399 534 3461 lenocinio
561 3399 815 3479 pronuntiationis
843 3398 1020 3480 simpliciter
1048 3399 1238 3478 respondebo
1267 3398 1304 3459 de
1332 3399 1419 3461 omni
1447 3418 1483 3462 rc

301 3518 396 3579 posse
418 3501 475 3562 dici
498 3501 583 3573 Erat,
613 3501 700 3561 etiam
723 3501 759 3561 de
781 3518 816 3561 ea
839 3501 1027 3579 quaefacta,
1054 3518 1130 3580 quae
1151 3510 1220 3561 nata
1241 3500 1298 3573 sit,
1320 3517 1401 3579 quac
1423 3499 1481 3563 aii·

302 3602 421 3680 quando
444 3619 504 3662 nou
527 3603 632 3673 tuerit,
667 3612 697 3662 et
723 3620 797 3680 quac
827 3601 950 3662 materia
979 3619 1040 3661 non
1069 3601 1117 3662 sit.
1168 3601 1265 3662 Omne
1293 3600 1374 3662 euim
1397 3600 1483 3681 quod

302 3701 391 3764 babet
418 3722 503 3775 esse,
537 3702 711 3765 ⁴undeunde
738 3702 841 3775 babet,
876 3703 939 3764 sivo
969 3719 1023 3781 per
1048 3701 1166 3764 initium
1187 3701 1268 3763 ὅιιιο
1290 3701 1357 3763 sine
1379 3700 1483 3778 initio,

371 3853 428 3916 Cap.
448 3853 523 3904 ttttt.
561 3855 582 3903 l.
601 3854 742 3918 superducit
759 3854 802 3904 ΑΒ.
847 3853 871 3903 2.
889 3862 985 3918 separat
1003 3858 1029 3905 A.
1071 3854 1095 3904 3.
1114 3864 1165 3904 erat
1183 3855 1292 3905 om.dcd.
1334 3853 1360 3904 4.
1378 3856 1484 3907 iecitd.

302 3921 327 3972 b.
345 3937 375 3970 an
394 3922 474 3971 omi.
533 3920 556 3969 6.
575 3921 696 3970 deformat
713 3922 850 3971 Frdmtiua.
909 3920 933 3970 7.
952 3922 1060 3972 ediderat
1078 3925 1102 3973 d.
1143 3923 1212 3972 ind.
1230 3925 1318 3973 omitto
1336 3929 1393 3973 ιιιιιι
1410 3926 1485 3976 κῆ·

303 3989 612 4052 marimo——ipsum
664 3988 893 4040 Bwnsrrationisd
946 3989 1171 4053 9.oppositumd.

370 4056 532 4118 captivit.
581 4057 602 4105 l
620 4057 668 4107 Sed
687 4065 711 4105 tu
729 4057 859 4121 supercilia
879 4058 973 4120 capitis,
998 4066 1056 4106 nutu
1075 4058 1141 4119 digiti
1159 4056 1344 4107 accommodato
1363 4059 1387 4107 d.
1432 4057 1485 4109 Soti

301 4130 326 4172 tu
345 4123 477 4201 supercilio
495 4123 580 4186 capitis
598 4133 622 4172 et
640 4133 696 4174 nuta
716 4123 782 4187 digiti
800 4124 984 4175 adcommodato
996 4125 1063 4176 icoc.
1081 4126 1320 4175 divionensiseodea.
1356 4131 1485 4191 ataupar·

302 4190 389 4240 citior
376 4191 502 4255 etcopitis
527 4192 591 4240 nudu
616 4200 640 4240 et
663 4192 738 4253 digiti
770 4191 818 4240 Sed
843 4199 867 4240 tu
893 4193 1120 4243 accommodatod.
1164 4192 1212 4242 Sed
1238 4201 1262 4241 tu
1286 4192 1434 4256 supercilio,
1458 4198 1487 4245 at

301 4258 387 4320 capitis
406 4269 463 4308 nutu
482 4260 562 4320 digitis
586 4259 767 4308 accommodato
786 4261 824 4308 Fr.
838 4260 927 4310 luatur.
961 4261 1019 4310 diti
1036 4261 1091 4310 otim
1106 4261 1195 4325 piocttit
1222 4259 1270 4310 Sed
1293 4267 1319 4309 tu
1344 4260 1486 4325 supercitia

301 4326 386 4388 capitis
405 4334 429 4375 et
446 4336 503 4375 nutu
523 4327 589 4388 digiti
613 4327 796 4376 accommodato
823 4334 845 4375 ta
870 4327 942 4377 attius
965 4328 1065 4388 totiens,
1089 4329 1125 4378 oet
1149 4327 1333 4377 accommodato
1358 4329 1436 4379 attica
1457 4334 1485 4379 t·

300 4393 458 4443 toiirnscett.
512 4393 535 4442 2.
554 4395 630 4457 inquit
647 4395 681 4453 d,
700 4396 738 4444 Fr.
752 4395 840 4444 iunius.
893 4393 917 4444 3.
942 4394 1062 4446 iueratd.
1122 4394 1300 4445 d.'ondeuuda
1326 4395 1403 4446 babet
1425 4395 1483 4455 ιιι·

300 4461 356 4509 beat
375 4463 408 4518 d.)
427 4464 459 4523 d,
479 4478 509 4511 ec
526 4463 637 4511 emendat.
648 4463 734 4510 ictinii
750 4460 951 4513 etFoioiidrat‘ni.
988 4463 1050 4513 unde
1068 4463 1141 4513 babet
1157 4463 1233 4514 Adai.
1268 4461 1333 4513 uude
1351 4463 1444 4514 babeat
1460 4476 1482 4512 a.

281 4528 324 4581 ,5.
343 4528 392 4578 sire
410 4531 463 4578 siue
481 4529 548 4578 initio
565 4530 651 4579 dudcd.
670 4530 801 4579 Gorzirttat'a
818 4530 885 4581 teter.
921 4530 969 4581 site
988 4530 1055 4580 initio
1074 4530 1100 4582 B.

336 4629 395 4692 Cap.
413 4629 489 4679 xxvi.
526 4644 547 4678 a.
566 4625 743 4707 superinducit]
764 4629 862 4680 datores
947 4632 970 4680 b.
989 4646 1077 4681 nomeu
1096 4627 1244 4696 abscondit]
1262 4632 1357 4694 Lago,
1359 4630 1482 4687 ,hautun

300 4697 355 4746 iibri
374 4699 515 4762 superducit,
535 4697 599 4761 quod
614 4699 695 4761 utrque
708 4698 780 4747 babet
797 4697 862 4747 unda
912 4700 1073 4762 promuigatit
1095 4708 1160 4760 autc,
1187 4707 1285 4749 coartat
1308 4699 1405 4764 qualia
1414 4696 1483 4751 caat!

300 4765 451 4815 defendatur.
493 4766 529 4815 ΕΙ.
553 4765 643 4815 aduott.
668 4766 698 4815 ad
721 4766 756 4816 Da
779 4765 862 4816 Pudic.
913 4773 1042 4830 autequam
1060 4768 1298 4817 auesactostaodit:
1316 4766 1482 4829 osannae·

300 4847 353 4896 cap.
365 4831 406 4883 20.
914 4834 1011 4896 iormat,
1029 4849 1118 4885 noman
1136 4835 1290 4887 abscondit‘*
1308 4835 1360 4899 ιιι.
1374 4825 1482 4887 iam)
