3242 5775
252 1453 740 1629 ADVERSUS
808 1512 1389 1694 nnnoronun

664 1738 777 1791 tinen
803 1740 954 1792 retatus.

647 1948 967 1961 ——u—w-

310 2121 344 2213 ἃ
371 2152 442 2233 quid
476 2157 563 2212 rotro
592 2157 704 2229 patum
734 2157 784 2211 est
809 2150 898 2213 nobis
926 2153 1070 2216 adversus
1097 2155 1304 2232 Mardonemt
1337 2158 1398 2221 iam
1416 2175 1498 2234 capa

242 2250 296 2313 fic
312 2253 420 2316 nteit
465 2251 584 2313 Nouam
604 2269 667 2313 rem
690 2250 878 2331 aggredimur
898 2272 934 2314 er
955 2262 1067 2317 retem.
1110 2254 1243 2318 Primum
1265 2273 1397 2337 oposeta

243 2350 289 2413 h
306 2355 382 2433 qnasi
402 2352 623 2433 properatum*
644 2351 795 2433 ¹pleniore
822 2360 929 2443 postea
956 2355 1178 2435 compositione
1206 2358 1397 2421 rescideram.
1473 2407 1476 2412 Δ

244 2450 307 2514 Tme
330 2474 444 2534 meque
472 2452 609 2515 nondum
638 2451 824 2533 exemplariis
853 2455 1025 2517 sedectam·
1057 2456 1160 2528 luade
1186 2460 1395 2535 tmanatala,

246 2551 329 2615 imae
345 2564 516 2635 apostatae,
539 2553 641 2627 amisi,
663 2554 714 2634 qui
736 2555 814 2616 lorte
835 2555 1035 2637 descripserat
1055 2545 1199 2638 qoaddam
1220 2560 1394 2624 mendosis·
1439 2555 1444 2564 ’

249 2651 307 2713 siue
327 2664 352 2715 et
376 2656 514 2717 exhibuit
542 2655 736 2734 frequentiae.
789 2654 1013 2720 Emendationis
1040 2658 1206 2722 necessitas
1234 2661 1308 2724 laeta
1337 2670 1394 2726 est.

248 2750 435 2818 'laetationis
458 2757 525 2818 eius
547 2755 666 2819 occasio
688 2754 798 2834 aliquid
820 2756 936 2819 adicere
957 2760 1114 2839 persuasit
1164 2762 1208 2823 lta
1230 2762 1316 2825 stilus
1338 2764 1395 2826 iste

249 2868 304 2917 nne
321 2857 354 2918 de
375 2858 509 2920 senmdo
533 2857 639 2921 tertius
660 2865 690 2918 et
711 2857 749 2919 de
770 2855 859 2919 tertio
875 2857 932 2920 iam
948 2859 1018 2922 ltine
1031 2861 1145 2941 primus
1163 2862 1244 2926 hune
1257 2864 1394 2944 opusculi

248 2958 277 3015 ui
295 2959 394 3021 exitum
416 2960 591 3021 necessario
614 2959 779 3037 praefatur,
802 2977 841 3019 ne
854 2958 960 3038 ’quem
982 2961 1108 3023 varietas
1124 2964 1190 3025 eius
1208 2965 1239 3030 in
1254 2965 1393 3046 disperso

246 3070 333 3136 rpem
353 3061 526 3122 conlundut.
563 3060 696 3132 Pontus,
717 3059 784 3138 ⁴qui
806 3059 914 3122 dieitur
927 3061 1092 3137 Eurinusl,
1114 3064 1236 3126 ‘natura
1258 3077 1393 3146 negatur,

244 3162 337 3222 enine
358 3161 502 3223 illuditur.
547 3161 685 3222 Cetemm
706 3159 884 3240 hospitalem
906 3161 1035 3224 Pontum
1062 3164 1136 3227 ‘nee
1157 3164 1194 3226 de
1217 3166 1277 3228 situ
1298 3169 1394 3229 aesti-

288 3315 342 3376 Cap.
362 3315 381 3362 l.
432 3315 455 3363 l.
480 3314 616 3379 pleniorem
634 3314 659 3362 ΙΙ.
712 3312 735 3362 2.
759 3313 880 3363 innovatio
897 3314 940 3363 AB.
1000 3314 1024 3363 3.
1050 3331 1120 3378 qnam
1146 3317 1205 3364 tta.
1229 3318 1330 3366 Vaticani
1349 3321 1395 3369 dan

233 3384 424 3442 meracum.
464 3396 609 3445 quemqnam
630 3382 697 3431 Coie.
753 3379 778 3428 4.
796 3382 837 3443 qni
855 3381 943 3428 dicitnr
962 3383 985 3430 d.
1020 3384 1061 3443 qui
1080 3382 1230 3442 igitorABG.
1266 3384 1337 3441 igitur
1355 3385 1396 3447 qui
1490 3399 1493 3405 ·

230 3452 267 3498 ate
303 3453 341 3510 qui
360 3465 373 3497 a
394 3452 493 3498 Graecia
512 3450 627 3498 Pithoeus.
688 3448 711 3496 5.
730 3456 812 3497 natura
832 3456 933 3510 negatur
950 3449 1017 3497 oded.
1036 3449 1096 3497 liter
1115 3448 1254 3497 Goraienaa's.
1296 3459 1397 3510 negatur

226 3517 277 3564 tls.
300 3518 410 3566 Vaticani
466 3516 490 3565 6.
509 3531 539 3565 ue
558 3517 603 3565 las.
618 3516 729 3578 Sestion.

248 3653 306 3715 cap.
326 3652 343 3699 Ι.
381 3667 404 3699 a.
423 3652 546 3700 adversus
559 3646 716 3715 ltareinnem]
733 3648 783 3702 :ot-
834 3649 982 3698 lectissimos
1001 3656 1068 3713 puto,
1087 3648 1117 3697 ad
1131 3649 1335 3712 comparationem
1354 3666 1395 3702 se-

220 3722 349 3767 renissime
359 3719 460 3767 abdicat
471 3719 585 3783 quiequid
595 3718 709 3767 adversus
720 3717 791 3767 tter-¹
834 3717 891 3766 nilis
906 3717 1007 3779 peritiae
1019 3717 1100 3766 dicere
1113 3717 1199 3779 potuit,
1216 3726 1306 3780 quanto
1319 3721 1395 3782 magia

220 3803 307 3836 nouem
326 3797 384 3835 aute
403 3788 480 3835 hosce
504 3787 580 3835 libros
604 3793 782 3848 composuerat.
834 3798 878 3846 ego
898 3783 973 3832 libera
991 3786 1109 3848 proliteor
1126 3791 1150 3832 et
1168 3783 1227 3833 illnd
1244 3786 1319 3835 luisse
1334 3802 1395 3850 pne·

217 3856 312 3904 tamo
332 3856 412 3903 luisse
431 3868 545 3902 renuam
570 3854 661 3918 aliquid
685 3853 783 3901 minime
834 3851 886 3900 rilis
905 3852 993 3913 ingenii
1012 3861 1035 3901 et
1053 3853 1100 3902 hoc
1118 3859 1226 3901 maturae
1243 3851 1398 3905 senectutis?

216 3938 265 3972 eaae
290 3923 427 3986 putandam
456 3922 609 3971 ostendimus
633 3921 783 3983 praelatione
834 3918 861 3968 ln
879 3919 948 3967 libris
966 3934 1062 3982 quoque
1084 3927 1168 3969 eontra
1187 3919 1332 3970 Marcionem
1351 3923 1396 3970 Se·

214 3994 240 4040 at
257 3999 372 4056 poemata
401 4005 467 4054 qnae
484 3991 556 4050 vulgo
575 3988 718 4037 Tertulliani
736 4002 782 4037 no·
834 3987 932 4050 ptimius
956 3986 1119 4036 Tertullianus
1150 3988 1197 4035 hoc
1220 3988 1283 4037 idem
1309 4002 1396 4052 pasena

214 4063 273 4109 niae
291 4061 411 4108 adsersus
432 4058 580 4106 Marcionem
602 4056 718 4118 inscripta
736 4068 782 4120 pro
834 4062 879 4114 est,
897 4062 922 4103 et
933 4053 1050 4117 Origenes
1067 4056 1091 4104 in
1109 4055 1209 4105 Cantica
1223 4054 1397 4104 Cantieomm“

213 4130 367 4191 Septimiauis
387 4126 488 4175 edundi
508 4125 596 4173 solent.
617 4122 722 4186 inignit.)
834 4129 888 4170 cett.
979 4144 981 4147 v

242 4199 264 4244 Ι.
282 4189 462 4260 properatum]
487 4192 657 4255 Praepropere
682 4191 782 4239 editum.
868 4189 891 4237 d.
912 4189 1002 4237 Pontus
1019 4189 1061 4252 qui
1079 4182 1292 4252 dieiturlinrinus]
1311 4187 1396 4237 Clin-

212 4265 370 4322 fff,t.nius,)
835 4264 924 4320 terprr.
943 4256 972 4304 ad
992 4256 1058 4305 ovid.
1076 4256 1149 4306 Trist.
1169 4256 1206 4314 ΙΙ,
1217 4255 1242 4312 d,
1253 4255 1295 4304 55.
1313 4262 1337 4303 et
1355 4255 1396 4315 lll¹

241 4350 260 4381 e
278 4326 424 4396 anlleetam]
449 4328 614 4379 Sullieienter
631 4325 783 4389 exscriptam.
838 4323 878 4383 13,
891 4323 931 4373 at.
974 4323 1022 4373 los.
1038 4323 1147 4384 Scaliger
1165 4321 1307 4372 Tertulliani
1325 4322 1398 4371 rerba

211 4400 368 4459 (Trinius.)
411 4397 539 4460 Rigaltiua
564 4394 623 4442 citat
646 4391 785 4455 Hieronymi
835 4393 872 4441 sie
890 4390 988 4455 putabat
1005 4390 1156 4440 emendanda
1182 4396 1205 4439 et
1229 4389 1399 4449 distinguenda

212 4471 272 4518 'arba
291 4485 317 4519 ea
337 4470 445 4533 praelat.
466 4466 615 4516 comment.
642 4461 665 4510 iu
683 4461 784 4511 lindiam
835 4459 951 4520 „Pontum
968 4459 1048 4520 igitur,
1066 4459 1107 4522 qni
1125 4462 1333 4517 naturanepatur,
1353 4470 1400 4505 no-

211 4538 303 4598 piiss,
325 4549 383 4588 100,
394 4537 440 4587 m,
463 4535 516 4597 Op.
531 4528 685 4579 ed.liened.:
704 4528 786 4586 „Dicit
837 4526 901 4576 mine
919 4526 1028 4575 illuditur
1045 4525 1162 4585 (ceterum
1180 4522 1324 4586 hospitalem
1336 4523 1400 4571 Pon·

214 4607 332 4667 §Tattius
356 4618 415 4656 taaa
442 4597 646 4653 adulescentulo
675 4596 721 4644 sibi
746 4596 784 4644 in·
837 4601 934 4644 tumne
954 4593 1048 4642 desito
1066 4593 1189 4651 aestimes,
1214 4591 1245 4639 ita
1264 4589 1294 4638 ab
1312 4589 1399 4638 lauma-

212 4674 279 4726 tlaan
295 4678 418 4739 quaedam
439 4682 466 4723 et
489 4667 572 4719 rudia
590 4664 715 4713 excidisse.
745 4663 787 4711 Sic
839 4660 949 4711 nioribus
960 4662 1028 4710 lretis
1039 4661 1129 4710 nostris
1140 4659 1209 4722 qnasi
1223 4656 1328 4722 quodam
1342 4658 1365 4703 li.
1377 4669 1399 4702 a.

213 4741 246 4792 bt
264 4747 303 4795 alle
325 4757 374 4797 tara
405 4745 440 4795 de
463 4735 563 4792 libris
591 4731 621 4780 ad
640 4730 786 4781 llerenniom
839 4727 1061 4793 pudoraseeessit)
1079 4734 1162 4789 gentes
1180 4721 1400 4775 leroeisaimaein-

214 4822 264 4872 FU
279 4818 306 4866 de
323 4811 488 4870 Rhetoricis,
520 4813 594 4867 quaa
612 4812 656 4861 ego
674 4798 709 4849 rel
728 4813 787 4863 per·
839 4796 964 4847 habitant“
982 4803 1039 4847 cett.
