<?xml version="1.0" encoding="UTF-8"?>
<!DOCTYPE html PUBLIC "-//W3C//DTD XHTML 1.0 Transitional//EN"
    "http://www.w3.org/TR/xhtml1/DTD/xhtml1-transitional.dtd">
<html xmlns="http://www.w3.org/1999/xhtml" xml:lang="en" lang="en">
 <head>
  <title>
</title>
<meta http-equiv="Content-Type" content="text/html;charset=utf-8" />
  <meta name='ocr-system' content='tesseract 3.04.00' />
  <meta name='ocr-capabilities' content='ocr_page ocr_carea ocr_par ocr_line ocrx_word'/>
</head>
<body>
  <div class='ocr_page' id='page_1' title='image "./quaesupersuntom00oehlgoog_0214.png"; bbox 0 0 3242 5775; ppageno 0'>
   <div class='ocr_carea' id='block_1_1' title="bbox 563 586 1400 690">
    <p class='ocr_par' dir='ltr' id='par_1_1' title="bbox 563 586 1400 690">
     <span class='ocr_line' id='line_1_1' title="bbox 563 586 1400 690; baseline 0.035 -30"><span class='ocrx_word' id='word_1_1' title='bbox 563 617 712 661; x_wconf 64' lang='lat' dir='ltr'><strong>ADVERSUS</strong></span> <span class='ocrx_word' id='word_1_2' title='bbox 735 619 909 664; x_wconf 66' lang='lat' dir='ltr'><strong>stactem</strong></span> <span class='ocrx_word' id='word_1_3' title='bbox 930 623 987 666; x_wconf 72' lang='grc' dir='ltr'><strong>ΗΒ.</strong></span> <span class='ocrx_word' id='word_1_4' title='bbox 1004 625 1042 668; x_wconf 82' lang='lat' dir='ltr'><strong>tv.</strong></span> <span class='ocrx_word' id='word_1_5' title='bbox 1159 586 1163 594; x_wconf 37' lang='grc' dir='ltr'>Ι</span> <span class='ocrx_word' id='word_1_6' title='bbox 1336 625 1400 690; x_wconf 65' lang='grc'><strong>259</strong></span> 
     </span>
    </p>
   </div>
   <div class='ocr_carea' id='block_1_2' title="bbox 213 766 1526 2854">
    <p class='ocr_par' dir='ltr' id='par_1_2' title="bbox 213 766 1526 1863">
     <span class='ocr_line' id='line_1_2' title="bbox 213 766 1526 866; baseline 0.019 -39"><span class='ocrx_word' id='word_1_7' title='bbox 213 768 353 846; x_wconf 66' lang='lat' dir='ltr'><strong>ignorans</strong></span> <span class='ocrx_word' id='word_1_8' title='bbox 381 766 503 829; x_wconf 82' lang='lat' dir='ltr'><strong>Esaiam</strong></span> <span class='ocrx_word' id='word_1_9' title='bbox 532 776 690 848; x_wconf 87' lang='lat' dir='ltr'><strong>praecepta</strong></span> <span class='ocrx_word' id='word_1_10' title='bbox 723 767 788 829; x_wconf 87' lang='lat' dir='ltr'><strong>eius</strong></span> <span class='ocrx_word' id='word_1_11' title='bbox 822 769 1004 849; x_wconf 80' lang='lat' dir='ltr'><strong>impleverat</strong></span> <span class='ocrx_word' id='word_1_12' title='bbox 1058 775 1258 859; x_wconf 76' lang='lat' dir='ltr'><strong>Confringito,</strong></span> <span class='ocrx_word' id='word_1_13' title='bbox 1292 785 1526 866; x_wconf 62' lang='lat' dir='ltr'><strong>inquinantes,</strong></span> 
     </span>
     <span class='ocr_line' id='line_1_3' title="bbox 214 868 1396 952; baseline 0.016 -23"><span class='ocrx_word' id='word_1_14' title='bbox 214 887 314 947; x_wconf 79' lang='lat' dir='ltr'><strong>paoem</strong></span> <span class='ocrx_word' id='word_1_15' title='bbox 347 877 433 930; x_wconf 92' lang='lat' dir='ltr'><strong>tuum</strong></span> <span class='ocrx_word' id='word_1_16' title='bbox 462 868 625 940; x_wconf 74' lang='lat' dir='ltr'><strong>esurienti,</strong></span> <span class='ocrx_word' id='word_1_17' title='bbox 660 876 690 929; x_wconf 88' lang='lat' dir='ltr'><strong>et</strong></span> <span class='ocrx_word' id='word_1_18' title='bbox 717 886 779 929; x_wconf 89' lang='lat' dir='ltr'><strong>uon</strong></span> <span class='ocrx_word' id='word_1_19' title='bbox 807 870 952 934; x_wconf 88' lang='lat' dir='ltr'><strong>babentes</strong></span> <span class='ocrx_word' id='word_1_20' title='bbox 981 883 1090 937; x_wconf 86' lang='lat' dir='ltr'><strong>tectum</strong></span> <span class='ocrx_word' id='word_1_21' title='bbox 1118 878 1148 939; x_wconf 91' lang='lat' dir='ltr'><strong>in</strong></span> <span class='ocrx_word' id='word_1_22' title='bbox 1171 880 1292 944; x_wconf 93' lang='lat' dir='ltr'><strong>domum</strong></span> <span class='ocrx_word' id='word_1_23' title='bbox 1315 896 1396 952; x_wconf 88' lang='lat' dir='ltr'><strong>tuam</strong></span> 
     </span>
     <span class='ocr_line' id='line_1_4' title="bbox 214 967 1396 1063; baseline 0.018 -33"><span class='ocrx_word' id='word_1_24' title='bbox 214 967 371 1032; x_wconf 79' lang='lat' dir='ltr'><strong>¹tatuciaa.</strong></span> <span class='ocrx_word' id='word_1_25' title='bbox 418 969 484 1031; x_wconf 85' lang='lat' dir='ltr'><strong>Hoc</strong></span> <span class='ocrx_word' id='word_1_26' title='bbox 505 989 573 1032; x_wconf 82' lang='lat' dir='ltr'><strong>ctum</strong></span> <span class='ocrx_word' id='word_1_27' title='bbox 595 969 723 1030; x_wconf 80' lang='lat' dir='ltr'>maxime</span> <span class='ocrx_word' id='word_1_28' title='bbox 745 970 866 1048; x_wconf 78' lang='lat' dir='ltr'><strong>agebat,</strong></span> <span class='ocrx_word' id='word_1_29' title='bbox 896 984 1051 1059; x_wconf 88' lang='lat' dir='ltr'><strong>exceptum</strong></span> <span class='ocrx_word' id='word_1_30' title='bbox 1080 978 1170 1039; x_wconf 94' lang='lat' dir='ltr'><strong>domo</strong></span> <span class='ocrx_word' id='word_1_31' title='bbox 1194 999 1247 1044; x_wconf 90' lang='lat' dir='ltr'><strong>sua</strong></span> <span class='ocrx_word' id='word_1_32' title='bbox 1269 1001 1396 1063; x_wconf 83' lang='lat' dir='ltr'><strong>pascens</strong></span> 
     </span>
     <span class='ocr_line' id='line_1_5' title="bbox 214 1070 1491 1154; baseline 0.014 -22"><span class='ocrx_word' id='word_1_33' title='bbox 214 1070 377 1133; x_wconf 79' lang='lat' dir='ltr'><strong>dominum.</strong></span> <span class='ocrx_word' id='word_1_34' title='bbox 428 1071 466 1133; x_wconf 82' lang='lat' dir='ltr'><strong>Et</strong></span> <span class='ocrx_word' id='word_1_35' title='bbox 493 1071 605 1132; x_wconf 89' lang='lat' dir='ltr'><strong>nudum</strong></span> <span class='ocrx_word' id='word_1_36' title='bbox 637 1070 661 1130; x_wconf 89' lang='lat' dir='ltr'><strong>si</strong></span> <span class='ocrx_word' id='word_1_37' title='bbox 691 1070 819 1143; x_wconf 85' lang='lat' dir='ltr'><strong>videris,</strong></span> <span class='ocrx_word' id='word_1_38' title='bbox 853 1072 1029 1154; x_wconf 79' lang='lat' dir='ltr'><strong>&#39;contegito</strong></span> <span class='ocrx_word' id='word_1_39' title='bbox 1079 1077 1145 1140; x_wconf 82' lang='lat' dir='ltr'><strong>Hoc</strong></span> <span class='ocrx_word' id='word_1_40' title='bbox 1172 1099 1238 1143; x_wconf 89' lang='lat' dir='ltr'><strong>oum</strong></span> <span class='ocrx_word' id='word_1_41' title='bbox 1267 1088 1395 1152; x_wconf 86' lang='lat' dir='ltr'><strong>maxime</strong></span> <span class='ocrx_word' id='word_1_42' title='bbox 1486 1075 1491 1082; x_wconf 73' lang='grc'><strong>’</strong></span> 
     </span>
     <span class='ocr_line' id='line_1_6' title="bbox 215 1172 1439 1254; baseline 0.012 -21"><span class='ocrx_word' id='word_1_43' title='bbox 215 1172 420 1252; x_wconf 83' lang='lat' dir='ltr'><strong>promittebat,</strong></span> <span class='ocrx_word' id='word_1_44' title='bbox 455 1173 485 1233; x_wconf 91' lang='lat' dir='ltr'><strong>iu</strong></span> <span class='ocrx_word' id='word_1_45' title='bbox 514 1172 613 1233; x_wconf 79' lang='lat' dir='ltr'><strong>omnia</strong></span> <span class='ocrx_word' id='word_1_46' title='bbox 641 1172 882 1234; x_wconf 71' lang='lat' dir='ltr'><strong>‘misericordiae</strong></span> <span class='ocrx_word' id='word_1_47' title='bbox 910 1193 1000 1254; x_wconf 89' lang='lat' dir='ltr'><strong>opera</strong></span> <span class='ocrx_word' id='word_1_48' title='bbox 1028 1177 1181 1241; x_wconf 90' lang='lat' dir='ltr'><strong>dimidium</strong></span> <span class='ocrx_word' id='word_1_49' title='bbox 1210 1182 1395 1250; x_wconf 86' lang='lat' dir='ltr'><strong>substantiae</strong></span> <span class='ocrx_word' id='word_1_50' title='bbox 1435 1242 1439 1248; x_wconf 94' lang='grc'><em>,</em></span> 
     </span>
     <span class='ocr_line' id='line_1_7' title="bbox 214 1272 1393 1350; baseline 0.013 -16"><span class='ocrx_word' id='word_1_51' title='bbox 214 1275 355 1342; x_wconf 67' lang='lat' dir='ltr'><strong>eduens,</strong></span> <span class='ocrx_word' id='word_1_52' title='bbox 381 1273 552 1336; x_wconf 89' lang='lat' dir='ltr'><strong>dissoirens</strong></span> <span class='ocrx_word' id='word_1_53' title='bbox 576 1272 783 1334; x_wconf 86' lang='lat' dir='ltr'><strong>violentiorum</strong></span> <span class='ocrx_word' id='word_1_54' title='bbox 806 1274 1025 1338; x_wconf 70' lang='lat' dir='ltr'><strong>¹’contractuum</strong></span> <span class='ocrx_word' id='word_1_55' title='bbox 1041 1278 1175 1342; x_wconf 80' lang='lat' dir='ltr'><strong>obnexus</strong></span> <span class='ocrx_word' id='word_1_56' title='bbox 1197 1290 1227 1343; x_wconf 94' lang='lat' dir='ltr'><strong>et</strong></span> <span class='ocrx_word' id='word_1_57' title='bbox 1242 1284 1393 1350; x_wconf 87' lang='lat' dir='ltr'><strong>dimittens</strong></span> 
     </span>
     <span class='ocr_line' id='line_1_8' title="bbox 214 1374 1380 1463; baseline 0.011 -29"><span class='ocrx_word' id='word_1_58' title='bbox 214 1374 400 1436; x_wconf 80' lang='lat' dir='ltr'><strong>conflictatos</strong></span> <span class='ocrx_word' id='word_1_59' title='bbox 422 1375 452 1435; x_wconf 94' lang='lat' dir='ltr'><strong>in</strong></span> <span class='ocrx_word' id='word_1_60' title='bbox 474 1375 687 1445; x_wconf 85' lang='lat' dir='ltr'><strong>laxamentum,</strong></span> <span class='ocrx_word' id='word_1_61' title='bbox 711 1383 741 1434; x_wconf 90' lang='lat' dir='ltr'><strong>et</strong></span> <span class='ocrx_word' id='word_1_62' title='bbox 764 1393 882 1437; x_wconf 88' lang='lat' dir='ltr'><strong>omnem</strong></span> <span class='ocrx_word' id='word_1_63' title='bbox 901 1379 1151 1457; x_wconf 89' lang='lat' dir='ltr'><strong>conscriptionem</strong></span> <span class='ocrx_word' id='word_1_64' title='bbox 1173 1382 1302 1463; x_wconf 90' lang='lat' dir='ltr'><strong>iniquam</strong></span> <span class='ocrx_word' id='word_1_65' title='bbox 1325 1386 1380 1446; x_wconf 88' lang='lat' dir='ltr'><strong>dis</strong></span> 
     </span>
     <span class='ocr_line' id='line_1_9' title="bbox 215 1474 1391 1564; baseline 0.01 -29"><span class='ocrx_word' id='word_1_66' title='bbox 215 1474 327 1554; x_wconf 84' lang='lat' dir='ltr'><strong>siparis,</strong></span> <span class='ocrx_word' id='word_1_67' title='bbox 352 1475 500 1547; x_wconf 89' lang='lat' dir='ltr'><strong>diceudo,</strong></span> <span class='ocrx_word' id='word_1_68' title='bbox 523 1475 559 1535; x_wconf 84' lang='lat' dir='ltr'><strong>Et</strong></span> <span class='ocrx_word' id='word_1_69' title='bbox 583 1474 608 1534; x_wconf 89' lang='lat' dir='ltr'><strong>si</strong></span> <span class='ocrx_word' id='word_1_70' title='bbox 631 1474 677 1535; x_wconf 90' lang='lat' dir='ltr'><strong>cui</strong></span> <span class='ocrx_word' id='word_1_71' title='bbox 700 1475 770 1553; x_wconf 94' lang='lat' dir='ltr'><strong>quid</strong></span> <span class='ocrx_word' id='word_1_72' title='bbox 793 1494 848 1555; x_wconf 87' lang='lat' dir='ltr'><strong>per</strong></span> <span class='ocrx_word' id='word_1_73' title='bbox 869 1477 1043 1541; x_wconf 86' lang='lat' dir='ltr'><strong>calumniam</strong></span> <span class='ocrx_word' id='word_1_74' title='bbox 1059 1480 1171 1561; x_wconf 91' lang='lat' dir='ltr'><strong>eripui,</strong></span> <span class='ocrx_word' id='word_1_75' title='bbox 1193 1483 1391 1564; x_wconf 86' lang='lat' dir='ltr'><strong>quadruplum</strong></span> 
     </span>
     <span class='ocr_line' id='line_1_10' title="bbox 217 1575 1520 1686; baseline 0.01 -50"><span class='ocrx_word' id='word_1_76' title='bbox 217 1576 313 1637; x_wconf 84' lang='lat' dir='ltr'><strong>raddo.</strong></span> <span class='ocrx_word' id='word_1_77' title='bbox 361 1576 466 1654; x_wconf 88' lang='lat' dir='ltr'><strong>itaque</strong></span> <span class='ocrx_word' id='word_1_78' title='bbox 488 1576 643 1647; x_wconf 91' lang='lat' dir='ltr'><strong>dominus,</strong></span> <span class='ocrx_word' id='word_1_79' title='bbox 666 1575 778 1648; x_wconf 86' lang='lat' dir='ltr'><strong>Hodie,</strong></span> <span class='ocrx_word' id='word_1_80' title='bbox 802 1577 912 1655; x_wconf 87' lang='lat' dir='ltr'><strong>inquit,</strong></span> <span class='ocrx_word' id='word_1_81' title='bbox 936 1579 1017 1640; x_wconf 86' lang='lat' dir='ltr'><strong>salus</strong></span> <span class='ocrx_word' id='word_1_82' title='bbox 1040 1580 1110 1642; x_wconf 90' lang='lat' dir='ltr'><strong>buic</strong></span> <span class='ocrx_word' id='word_1_83' title='bbox 1132 1582 1242 1644; x_wconf 91' lang='lat' dir='ltr'><strong>domui.</strong></span> <span class='ocrx_word' id='word_1_84' title='bbox 1287 1585 1390 1647; x_wconf 83' lang='lat' dir='ltr'><strong>Testi·</strong></span> <span class='ocrx_word' id='word_1_85' title='bbox 1404 1591 1520 1686; x_wconf 50' lang='lat' dir='ltr'><strong>bpqgtt.</strong></span> 
     </span>
     <span class='ocr_line' id='line_1_11' title="bbox 216 1671 1486 1760; baseline 0.007 -22"><span class='ocrx_word' id='word_1_86' title='bbox 216 1677 343 1738; x_wconf 78' lang='lat' dir='ltr'><strong>nauium</strong></span> <span class='ocrx_word' id='word_1_87' title='bbox 368 1676 444 1738; x_wconf 81' lang='lat' dir='ltr'><strong>dixit</strong></span> <span class='ocrx_word' id='word_1_88' title='bbox 476 1676 615 1737; x_wconf 83' lang='lat' dir='ltr'><strong>salutaria</strong></span> <span class='ocrx_word' id='word_1_89' title='bbox 644 1696 711 1737; x_wconf 87' lang='lat' dir='ltr'><strong>esse</strong></span> <span class='ocrx_word' id='word_1_90' title='bbox 740 1695 815 1756; x_wconf 90' lang='lat' dir='ltr'><strong>quae</strong></span> <span class='ocrx_word' id='word_1_91' title='bbox 836 1688 1029 1758; x_wconf 84' lang='lat' dir='ltr'><strong>praeceperat</strong></span> <span class='ocrx_word' id='word_1_92' title='bbox 1050 1682 1213 1760; x_wconf 85' lang='lat' dir='ltr'><strong>prophetes</strong></span> <span class='ocrx_word' id='word_1_93' title='bbox 1236 1685 1390 1747; x_wconf 87' lang='lat' dir='ltr'><strong>creatoris.</strong></span> <span class='ocrx_word' id='word_1_94' title='bbox 1436 1671 1442 1686; x_wconf 81' lang='lat'>&#39;</span> <span class='ocrx_word' id='word_1_95' title='bbox 1480 1674 1486 1686; x_wconf 83' lang='grc'><strong>’</strong></span> 
     </span>
     <span class='ocr_line' id='line_1_12' title="bbox 217 1776 1390 1863; baseline 0.006 -25"><span class='ocrx_word' id='word_1_96' title='bbox 217 1776 281 1839; x_wconf 77' lang='lat' dir='ltr'><strong>Gom</strong></span> <span class='ocrx_word' id='word_1_97' title='bbox 304 1797 381 1839; x_wconf 78' lang='lat' dir='ltr'><strong>aero</strong></span> <span class='ocrx_word' id='word_1_98' title='bbox 404 1777 491 1848; x_wconf 89' lang='lat' dir='ltr'><strong>dicit,</strong></span> <span class='ocrx_word' id='word_1_99' title='bbox 515 1777 602 1837; x_wconf 86' lang='lat' dir='ltr'><strong>Venit</strong></span> <span class='ocrx_word' id='word_1_100' title='bbox 622 1777 699 1837; x_wconf 89' lang='lat' dir='ltr'><strong>enim</strong></span> <span class='ocrx_word' id='word_1_101' title='bbox 716 1777 794 1839; x_wconf 83' lang='lat' dir='ltr'><strong>titius</strong></span> <span class='ocrx_word' id='word_1_102' title='bbox 809 1778 941 1838; x_wconf 89' lang='lat' dir='ltr'><strong>bominis</strong></span> <span class='ocrx_word' id='word_1_103' title='bbox 957 1780 1069 1841; x_wconf 82' lang='lat' dir='ltr'><strong>salvum</strong></span> <span class='ocrx_word' id='word_1_104' title='bbox 1085 1783 1182 1843; x_wconf 85' lang='lat' dir='ltr'><strong>iacere</strong></span> <span class='ocrx_word' id='word_1_105' title='bbox 1196 1783 1275 1861; x_wconf 93' lang='lat' dir='ltr'><strong>quod</strong></span> <span class='ocrx_word' id='word_1_106' title='bbox 1291 1785 1390 1863; x_wconf 89' lang='lat' dir='ltr'><strong>periit,</strong></span> 
     </span>
    </p>

    <p class='ocr_par' dir='ltr' id='par_1_3' title="bbox 219 1878 1404 2161">
     <span class='ocr_line' id='line_1_13' title="bbox 219 1878 1390 1962; baseline 0.005 -23"><span class='ocrx_word' id='word_1_107' title='bbox 219 1878 266 1939; x_wconf 72' lang='lat' dir='ltr'><strong>ina</strong></span> <span class='ocrx_word' id='word_1_108' title='bbox 295 1896 360 1939; x_wconf 90' lang='lat' dir='ltr'><strong>non</strong></span> <span class='ocrx_word' id='word_1_109' title='bbox 392 1878 541 1939; x_wconf 87' lang='lat' dir='ltr'><strong>contendo</strong></span> <span class='ocrx_word' id='word_1_110' title='bbox 561 1896 628 1938; x_wconf 91' lang='lat' dir='ltr'><strong>eum</strong></span> <span class='ocrx_word' id='word_1_111' title='bbox 659 1878 778 1940; x_wconf 81' lang='lat' dir='ltr'><strong>venisse</strong></span> <span class='ocrx_word' id='word_1_112' title='bbox 805 1887 839 1939; x_wconf 96' lang='lat' dir='ltr'><strong>ut</strong></span> <span class='ocrx_word' id='word_1_113' title='bbox 866 1880 979 1940; x_wconf 83' lang='lat' dir='ltr'><strong>salvum</strong></span> <span class='ocrx_word' id='word_1_114' title='bbox 1007 1882 1118 1942; x_wconf 83' lang='lat' dir='ltr'><strong>iaceret</strong></span> <span class='ocrx_word' id='word_1_115' title='bbox 1144 1883 1226 1960; x_wconf 92' lang='lat' dir='ltr'><strong>quod</strong></span> <span class='ocrx_word' id='word_1_116' title='bbox 1250 1884 1390 1962; x_wconf 79' lang='lat' dir='ltr'><strong>perierat,</strong></span> 
     </span>
     <span class='ocr_line' id='line_1_14' title="bbox 219 1978 1404 2057; baseline 0.005 -17"><span class='ocrx_word' id='word_1_117' title='bbox 219 1978 292 2040; x_wconf 79' lang='lat' dir='ltr'><strong>taius</strong></span> <span class='ocrx_word' id='word_1_118' title='bbox 323 1980 423 2040; x_wconf 82' lang='lat' dir='ltr'><strong>tuerat</strong></span> <span class='ocrx_word' id='word_1_119' title='bbox 451 1988 481 2039; x_wconf 90' lang='lat' dir='ltr'><strong>et</strong></span> <span class='ocrx_word' id='word_1_120' title='bbox 510 1978 557 2039; x_wconf 90' lang='lat' dir='ltr'><strong>cui</strong></span> <span class='ocrx_word' id='word_1_121' title='bbox 585 1978 713 2057; x_wconf 86' lang='lat' dir='ltr'><strong>perierat</strong></span> <span class='ocrx_word' id='word_1_122' title='bbox 739 1980 818 2057; x_wconf 92' lang='lat' dir='ltr'><strong>quod</strong></span> <span class='ocrx_word' id='word_1_123' title='bbox 847 1980 958 2042; x_wconf 84' lang='lat' dir='ltr'><strong>salvum</strong></span> <span class='ocrx_word' id='word_1_124' title='bbox 987 1992 1108 2042; x_wconf 80' lang='lat' dir='ltr'><strong>venerat</strong></span> <span class='ocrx_word' id='word_1_125' title='bbox 1135 1984 1246 2057; x_wconf 84' lang='lat' dir='ltr'><strong>iacere,</strong></span> <span class='ocrx_word' id='word_1_126' title='bbox 1279 1986 1333 2046; x_wconf 89' lang='lat' dir='ltr'><strong>sed</strong></span> <span class='ocrx_word' id='word_1_127' title='bbox 1360 1985 1404 2046; x_wconf 79' lang='lat' dir='ltr'><strong>iu&#39;</strong></span> 
     </span>
     <span class='ocr_line' id='line_1_15' title="bbox 222 2079 1390 2161; baseline 0.004 -21"><span class='ocrx_word' id='word_1_128' title='bbox 222 2079 332 2141; x_wconf 55' lang='lat' dir='ltr'><strong>&amp;rius</strong></span> <span class='ocrx_word' id='word_1_129' title='bbox 356 2080 543 2159; x_wconf 72' lang='lat' dir='ltr'><strong>quaestionis</strong></span> <span class='ocrx_word' id='word_1_130' title='bbox 566 2079 687 2157; x_wconf 83' lang='lat' dir='ltr'><strong>gradum</strong></span> <span class='ocrx_word' id='word_1_131' title='bbox 708 2080 815 2158; x_wconf 80' lang='lat' dir='ltr'><strong>dirigo.</strong></span> <span class='ocrx_word' id='word_1_132' title='bbox 864 2080 906 2141; x_wconf 86' lang='lat' dir='ltr'><strong>De</strong></span> <span class='ocrx_word' id='word_1_133' title='bbox 935 2081 1056 2143; x_wconf 89' lang='lat' dir='ltr'><strong>bomine</strong></span> <span class='ocrx_word' id='word_1_134' title='bbox 1077 2082 1123 2161; x_wconf 77' lang='lat' dir='ltr'><strong>agi</strong></span> <span class='ocrx_word' id='word_1_135' title='bbox 1146 2083 1224 2144; x_wconf 87' lang='lat' dir='ltr'><strong>nulia</strong></span> <span class='ocrx_word' id='word_1_136' title='bbox 1246 2083 1390 2145; x_wconf 70' lang='lat' dir='ltr'><strong>dubitatio</strong></span> 
     </span>
    </p>

    <p class='ocr_par' dir='ltr' id='par_1_4' title="bbox 224 2180 1390 2465">
     <span class='ocr_line' id='line_1_16' title="bbox 224 2180 1390 2263; baseline 0.003 -22"><span class='ocrx_word' id='word_1_137' title='bbox 224 2191 267 2241; x_wconf 72' lang='lat' dir='ltr'><strong>nt</strong></span> <span class='ocrx_word' id='word_1_138' title='bbox 302 2180 360 2241; x_wconf 83' lang='lat' dir='ltr'><strong>ttic</strong></span> <span class='ocrx_word' id='word_1_139' title='bbox 383 2199 450 2242; x_wconf 80' lang='lat' dir='ltr'><strong>carm</strong></span> <span class='ocrx_word' id='word_1_140' title='bbox 474 2198 510 2241; x_wconf 80' lang='lat' dir='ltr'><strong>ea</strong></span> <span class='ocrx_word' id='word_1_141' title='bbox 533 2180 645 2241; x_wconf 93' lang='lat' dir='ltr'><strong>duabus</strong></span> <span class='ocrx_word' id='word_1_142' title='bbox 670 2180 846 2242; x_wconf 85' lang='lat' dir='ltr'><strong>substantiis</strong></span> <span class='ocrx_word' id='word_1_143' title='bbox 869 2191 1001 2255; x_wconf 87' lang='lat' dir='ltr'><strong>constet,</strong></span> <span class='ocrx_word' id='word_1_144' title='bbox 1024 2202 1058 2244; x_wconf 88' lang='lat' dir='ltr'><strong>ea</strong></span> <span class='ocrx_word' id='word_1_145' title='bbox 1082 2201 1208 2263; x_wconf 88' lang='lat' dir='ltr'><strong>corpore</strong></span> <span class='ocrx_word' id='word_1_146' title='bbox 1231 2195 1261 2245; x_wconf 86' lang='lat' dir='ltr'><strong>et</strong></span> <span class='ocrx_word' id='word_1_147' title='bbox 1282 2184 1390 2259; x_wconf 88' lang='lat' dir='ltr'><strong>anima,</strong></span> 
     </span>
     <span class='ocr_line' id='line_1_17' title="bbox 227 2264 1389 2362; baseline 0.004 -20"><span class='ocrx_word' id='word_1_148' title='bbox 227 2264 415 2359; x_wconf 73' lang='lat' dir='ltr'><strong>pacrendum</strong></span> <span class='ocrx_word' id='word_1_149' title='bbox 439 2290 541 2344; x_wconf 88' lang='lat' dir='ltr'><strong>ester</strong></span> <span class='ocrx_word' id='word_1_150' title='bbox 565 2300 621 2360; x_wconf 92' lang='lat' dir='ltr'><strong>qua</strong></span> <span class='ocrx_word' id='word_1_151' title='bbox 644 2281 827 2343; x_wconf 88' lang='lat' dir='ltr'><strong>substantiae</strong></span> <span class='ocrx_word' id='word_1_152' title='bbox 850 2284 950 2361; x_wconf 87' lang='lat' dir='ltr'><strong>specie</strong></span> <span class='ocrx_word' id='word_1_153' title='bbox 972 2283 1100 2362; x_wconf 89' lang='lat' dir='ltr'><strong>periisse</strong></span> <span class='ocrx_word' id='word_1_154' title='bbox 1121 2284 1264 2347; x_wconf 80' lang='lat' dir='ltr'><strong>videatur.</strong></span> <span class='ocrx_word' id='word_1_155' title='bbox 1300 2284 1332 2346; x_wconf 89' lang='lat' dir='ltr'><strong>Si</strong></span> <span class='ocrx_word' id='word_1_156' title='bbox 1355 2297 1389 2348; x_wconf 76' lang='lat' dir='ltr'><strong>et</strong></span> 
     </span>
     <span class='ocr_line' id='line_1_18' title="bbox 229 2382 1390 2465; baseline 0.003 -22"><span class='ocrx_word' id='word_1_157' title='bbox 229 2398 354 2462; x_wconf 74' lang='lat' dir='ltr'><strong>orpora,</strong></span> <span class='ocrx_word' id='word_1_158' title='bbox 380 2402 452 2461; x_wconf 81' lang='lat' dir='ltr'><strong>ergo</strong></span> <span class='ocrx_word' id='word_1_159' title='bbox 475 2400 585 2461; x_wconf 89' lang='lat' dir='ltr'><strong>corpus</strong></span> <span class='ocrx_word' id='word_1_160' title='bbox 607 2382 752 2461; x_wconf 88' lang='lat' dir='ltr'><strong>perierat,</strong></span> <span class='ocrx_word' id='word_1_161' title='bbox 775 2384 871 2445; x_wconf 88' lang='lat' dir='ltr'><strong>anima</strong></span> <span class='ocrx_word' id='word_1_162' title='bbox 894 2402 965 2444; x_wconf 90' lang='lat' dir='ltr'><strong>non.</strong></span> <span class='ocrx_word' id='word_1_163' title='bbox 999 2384 1086 2458; x_wconf 89' lang='lat' dir='ltr'><strong>Quod</strong></span> <span class='ocrx_word' id='word_1_164' title='bbox 1109 2385 1253 2465; x_wconf 90' lang='lat' dir='ltr'><strong>perierat,</strong></span> <span class='ocrx_word' id='word_1_165' title='bbox 1277 2385 1390 2447; x_wconf 81' lang='lat' dir='ltr'><strong>salvum</strong></span> 
     </span>
    </p>

    <p class='ocr_par' dir='ltr' id='par_1_5' title="bbox 232 2482 1390 2673">
     <span class='ocr_line' id='line_1_19' title="bbox 232 2482 1390 2561; baseline 0.003 -18"><span class='ocrx_word' id='word_1_166' title='bbox 232 2482 282 2544; x_wconf 79' lang='lat' dir='ltr'><strong>tait</strong></span> <span class='ocrx_word' id='word_1_167' title='bbox 300 2484 381 2545; x_wconf 81' lang='lat' dir='ltr'><strong>titius</strong></span> <span class='ocrx_word' id='word_1_168' title='bbox 404 2483 551 2544; x_wconf 85' lang='lat' dir='ltr'><strong>bominis:</strong></span> <span class='ocrx_word' id='word_1_169' title='bbox 584 2483 672 2544; x_wconf 89' lang='lat' dir='ltr'><strong>babet</strong></span> <span class='ocrx_word' id='word_1_170' title='bbox 692 2483 782 2561; x_wconf 79' lang='lat' dir='ltr'><strong>igitur</strong></span> <span class='ocrx_word' id='word_1_171' title='bbox 803 2493 833 2544; x_wconf 87' lang='lat' dir='ltr'><strong>et</strong></span> <span class='ocrx_word' id='word_1_172' title='bbox 860 2503 929 2546; x_wconf 79' lang='lat' dir='ltr'><strong>mro</strong></span> <span class='ocrx_word' id='word_1_173' title='bbox 960 2485 1095 2547; x_wconf 88' lang='lat' dir='ltr'><strong>salutem.</strong></span> <span class='ocrx_word' id='word_1_174' title='bbox 1151 2484 1201 2545; x_wconf 75' lang='lat' dir='ltr'><strong>“Si</strong></span> <span class='ocrx_word' id='word_1_175' title='bbox 1229 2504 1264 2546; x_wconf 83' lang='lat' dir='ltr'><strong>ex</strong></span> <span class='ocrx_word' id='word_1_176' title='bbox 1293 2485 1390 2547; x_wconf 85' lang='lat' dir='ltr'><strong>anima</strong></span> 
     </span>
     <span class='ocr_line' id='line_1_20' title="bbox 233 2584 1388 2673; baseline 0.002 -28"><span class='ocrx_word' id='word_1_177' title='bbox 233 2584 355 2659; x_wconf 70' lang='lat' dir='ltr'><strong>peierat,</strong></span> <span class='ocrx_word' id='word_1_178' title='bbox 381 2585 497 2645; x_wconf 89' lang='lat' dir='ltr'><strong>animae</strong></span> <span class='ocrx_word' id='word_1_179' title='bbox 520 2584 645 2663; x_wconf 85' lang='lat' dir='ltr'><strong>perditio</strong></span> <span class='ocrx_word' id='word_1_180' title='bbox 669 2584 755 2645; x_wconf 85' lang='lat' dir='ltr'><strong>saluti</strong></span> <span class='ocrx_word' id='word_1_181' title='bbox 778 2584 960 2646; x_wconf 85' lang='lat' dir='ltr'><strong>destinatur:</strong></span> <span class='ocrx_word' id='word_1_182' title='bbox 993 2605 1079 2658; x_wconf 86' lang='lat' dir='ltr'><strong>caro,</strong></span> <span class='ocrx_word' id='word_1_183' title='bbox 1108 2603 1184 2664; x_wconf 90' lang='lat' dir='ltr'><strong>quae</strong></span> <span class='ocrx_word' id='word_1_184' title='bbox 1206 2604 1267 2647; x_wconf 87' lang='lat' dir='ltr'><strong>non</strong></span> <span class='ocrx_word' id='word_1_185' title='bbox 1289 2587 1388 2673; x_wconf 63' lang='lat' dir='ltr'><strong>periit,</strong></span> 
     </span>
    </p>

    <p class='ocr_par' dir='ltr' id='par_1_6' title="bbox 236 2682 1389 2764">
     <span class='ocr_line' id='line_1_21' title="bbox 236 2682 1389 2764; baseline 0.003 -21"><span class='ocrx_word' id='word_1_186' title='bbox 236 2682 292 2743; x_wconf 82' lang='lat' dir='ltr'><strong>aba</strong></span> <span class='ocrx_word' id='word_1_187' title='bbox 318 2694 375 2746; x_wconf 81' lang='lat' dir='ltr'><strong>est</strong></span> <span class='ocrx_word' id='word_1_188' title='bbox 433 2683 464 2743; x_wconf 90' lang='lat' dir='ltr'><strong>Si</strong></span> <span class='ocrx_word' id='word_1_189' title='bbox 494 2691 575 2743; x_wconf 87' lang='lat' dir='ltr'><strong>totus</strong></span> <span class='ocrx_word' id='word_1_190' title='bbox 605 2686 694 2742; x_wconf 88' lang='lat' dir='ltr'><strong>bomo</strong></span> <span class='ocrx_word' id='word_1_191' title='bbox 722 2684 852 2761; x_wconf 85' lang='lat' dir='ltr'><strong>perierat</strong></span> <span class='ocrx_word' id='word_1_192' title='bbox 880 2704 916 2744; x_wconf 81' lang='lat' dir='ltr'><strong>ex</strong></span> <span class='ocrx_word' id='word_1_193' title='bbox 944 2694 1067 2764; x_wconf 89' lang='lat' dir='ltr'><strong>utraque</strong></span> <span class='ocrx_word' id='word_1_194' title='bbox 1096 2684 1274 2759; x_wconf 88' lang='lat' dir='ltr'><strong>substantia,</strong></span> <span class='ocrx_word' id='word_1_195' title='bbox 1308 2693 1389 2747; x_wconf 91' lang='lat' dir='ltr'><strong>totus</strong></span> 
     </span>
    </p>

    <p class='ocr_par' dir='ltr' id='par_1_7' title="bbox 238 2779 1389 2854">
     <span class='ocr_line' id='line_1_22' title="bbox 238 2779 1389 2854; baseline 0.003 -9"><span class='ocrx_word' id='word_1_196' title='bbox 238 2779 304 2845; x_wconf 78' lang='lat' dir='ltr'><strong>inmo</strong></span> <span class='ocrx_word' id='word_1_197' title='bbox 326 2785 427 2846; x_wconf 83' lang='lat' dir='ltr'><strong>sairus</strong></span> <span class='ocrx_word' id='word_1_198' title='bbox 450 2784 502 2843; x_wconf 85' lang='lat' dir='ltr'><strong>dat</strong></span> <span class='ocrx_word' id='word_1_199' title='bbox 523 2801 647 2844; x_wconf 87' lang='lat' dir='ltr'><strong>necesse</strong></span> <span class='ocrx_word' id='word_1_200' title='bbox 669 2793 730 2854; x_wconf 89' lang='lat' dir='ltr'><strong>est,</strong></span> <span class='ocrx_word' id='word_1_201' title='bbox 765 2792 795 2844; x_wconf 88' lang='lat' dir='ltr'><strong>et</strong></span> <span class='ocrx_word' id='word_1_202' title='bbox 822 2784 894 2844; x_wconf 89' lang='lat' dir='ltr'><strong>elisa</strong></span> <span class='ocrx_word' id='word_1_203' title='bbox 923 2794 970 2845; x_wconf 90' lang='lat' dir='ltr'><strong>est</strong></span> <span class='ocrx_word' id='word_1_204' title='bbox 997 2785 1144 2846; x_wconf 90' lang='lat' dir='ltr'><strong>sententia</strong></span> <span class='ocrx_word' id='word_1_205' title='bbox 1172 2786 1389 2849; x_wconf 86' lang='lat' dir='ltr'><strong>baereticorum</strong></span> 
     </span>
    </p>
   </div>
   <div class='ocr_carea' id='block_1_3' title="bbox 184 2881 1516 3168">
    <p class='ocr_par' dir='ltr' id='par_1_8' title="bbox 183 2881 1516 3168">
     <span class='ocr_line' id='line_1_23' title="bbox 186 2881 1388 2963; baseline 0 -15"><span class='ocrx_word' id='word_1_206' title='bbox 186 2881 191 2922; x_wconf 79' lang='lat'><strong>¹</strong></span> <span class='ocrx_word' id='word_1_207' title='bbox 240 2889 383 2963; x_wconf 51' lang='lat' dir='ltr'><strong>nautium</strong></span> <span class='ocrx_word' id='word_1_208' title='bbox 406 2886 506 2947; x_wconf 89' lang='lat' dir='ltr'><strong>caruis</strong></span> <span class='ocrx_word' id='word_1_209' title='bbox 529 2884 662 2945; x_wconf 88' lang='lat' dir='ltr'><strong>salutem.</strong></span> <span class='ocrx_word' id='word_1_210' title='bbox 713 2884 772 2945; x_wconf 88' lang='lat' dir='ltr'><strong>iam</strong></span> <span class='ocrx_word' id='word_1_211' title='bbox 801 2894 831 2945; x_wconf 92' lang='lat' dir='ltr'><strong>et</strong></span> <span class='ocrx_word' id='word_1_212' title='bbox 852 2884 988 2946; x_wconf 87' lang='lat' dir='ltr'><strong>Christus</strong></span> <span class='ocrx_word' id='word_1_213' title='bbox 1017 2887 1160 2949; x_wconf 89' lang='lat' dir='ltr'><strong>creatoris</strong></span> <span class='ocrx_word' id='word_1_214' title='bbox 1188 2888 1388 2962; x_wconf 80' lang='lat' dir='ltr'><strong>confirmatur,</strong></span> 
     </span>
     <span class='ocr_line' id='line_1_24' title="bbox 184 2985 1386 3067; baseline 0.003 -19.997"><span class='ocrx_word' id='word_1_215' title='bbox 184 2987 193 3020; x_wconf 67' lang='lat' dir='ltr'><strong>s</strong></span> <span class='ocrx_word' id='word_1_216' title='bbox 240 2985 450 3061; x_wconf 76' lang='lat' dir='ltr'><strong>pisccundum</strong></span> <span class='ocrx_word' id='word_1_217' title='bbox 474 2995 635 3046; x_wconf 82' lang='lat' dir='ltr'><strong>creatorem</strong></span> <span class='ocrx_word' id='word_1_218' title='bbox 657 2986 750 3046; x_wconf 92' lang='lat' dir='ltr'><strong>totius</strong></span> <span class='ocrx_word' id='word_1_219' title='bbox 773 2987 1061 3048; x_wconf 85' lang='lat' dir='ltr'><strong>homiuis⁷saiutem</strong></span> <span class='ocrx_word' id='word_1_220' title='bbox 1076 2988 1279 3067; x_wconf 82' lang='lat' dir='ltr'><strong>pollicebatur.</strong></span> <span class='ocrx_word' id='word_1_221' title='bbox 1313 2991 1386 3051; x_wconf 91' lang='lat' dir='ltr'><strong>Ser-</strong></span> 
     </span>
     <span class='ocr_line' id='line_1_25' title="bbox 184 3084 1516 3168; baseline 0.002 -20"><span class='ocrx_word' id='word_1_222' title='bbox 184 3084 194 3124; x_wconf 61' lang='lat' dir='ltr'><strong>i</strong></span> <span class='ocrx_word' id='word_1_223' title='bbox 242 3100 317 3148; x_wconf 81' lang='lat' dir='ltr'><strong>torum</strong></span> <span class='ocrx_word' id='word_1_224' title='bbox 340 3108 460 3168; x_wconf 90' lang='lat' dir='ltr'><strong>quoque</strong></span> <span class='ocrx_word' id='word_1_225' title='bbox 483 3086 638 3167; x_wconf 81' lang='lat' dir='ltr'><strong>parabola,</strong></span> <span class='ocrx_word' id='word_1_226' title='bbox 661 3088 710 3165; x_wconf 94' lang='lat' dir='ltr'><strong>qui</strong></span> <span class='ocrx_word' id='word_1_227' title='bbox 733 3087 895 3147; x_wconf 87' lang='lat' dir='ltr'><strong>secundum</strong></span> <span class='ocrx_word' id='word_1_228' title='bbox 918 3089 1063 3150; x_wconf 88' lang='lat' dir='ltr'><strong>rationem</strong></span> <span class='ocrx_word' id='word_1_229' title='bbox 1079 3090 1227 3150; x_wconf 78' lang='lat' dir='ltr'><strong>feneratae</strong></span> <span class='ocrx_word' id='word_1_230' title='bbox 1246 3086 1516 3168; x_wconf 54' lang='lat' dir='ltr'><strong>pecuniaa¹&#39;⁰⁰·¹¹¹·</strong></span> 
     </span>
    </p>
   </div>
   <div class='ocr_carea' id='block_1_4' title="bbox 243 3141 1489 3269">
    <p class='ocr_par' dir='ltr' id='par_1_9' title="bbox 243 3141 1489 3269">
     <span class='ocr_line' id='line_1_26' title="bbox 243 3141 1489 3269; baseline 0.002 -21"><span class='ocrx_word' id='word_1_231' title='bbox 243 3184 379 3250; x_wconf 70' lang='lat' dir='ltr'><strong>nautes</strong></span> <span class='ocrx_word' id='word_1_232' title='bbox 401 3189 615 3259; x_wconf 84' lang='lat' dir='ltr'><strong>diiudicentur,</strong></span> <span class='ocrx_word' id='word_1_233' title='bbox 638 3187 763 3248; x_wconf 88' lang='lat' dir='ltr'><strong>iudicem</strong></span> <span class='ocrx_word' id='word_1_234' title='bbox 786 3188 917 3248; x_wconf 87' lang='lat' dir='ltr'><strong>ostendit</strong></span> <span class='ocrx_word' id='word_1_235' title='bbox 938 3189 1040 3260; x_wconf 90' lang='lat' dir='ltr'><strong>deum,</strong></span> <span class='ocrx_word' id='word_1_236' title='bbox 1063 3190 1151 3251; x_wconf 92' lang='lat' dir='ltr'><strong>etiam</strong></span> <span class='ocrx_word' id='word_1_237' title='bbox 1174 3208 1209 3250; x_wconf 89' lang='lat' dir='ltr'><strong>ex</strong></span> <span class='ocrx_word' id='word_1_238' title='bbox 1231 3198 1314 3269; x_wconf 87' lang='lat' dir='ltr'><strong>parto</strong></span> <span class='ocrx_word' id='word_1_239' title='bbox 1337 3211 1388 3252; x_wconf 92' lang='lat' dir='ltr'><strong>se·</strong></span> <span class='ocrx_word' id='word_1_240' title='bbox 1407 3141 1489 3187; x_wconf 58' lang='grc' dir='ltr'><strong>Μ’</strong></span> 
     </span>
    </p>
   </div>
   <div class='ocr_carea' id='block_1_5' title="bbox 245 3289 1445 3369">
    <p class='ocr_par' dir='ltr' id='par_1_10' title="bbox 245 3289 1445 3369">
     <span class='ocr_line' id='line_1_27' title="bbox 245 3289 1445 3369; baseline 0.001 -20"><span class='ocrx_word' id='word_1_241' title='bbox 245 3289 344 3352; x_wconf 65' lang='lat' dir='ltr'><strong>unaue</strong></span> <span class='ocrx_word' id='word_1_242' title='bbox 368 3309 429 3350; x_wconf 93' lang='lat' dir='ltr'><strong>non</strong></span> <span class='ocrx_word' id='word_1_243' title='bbox 454 3298 567 3350; x_wconf 92' lang='lat' dir='ltr'><strong>tantum</strong></span> <span class='ocrx_word' id='word_1_244' title='bbox 591 3291 802 3361; x_wconf 87' lang='lat' dir='ltr'><strong>honorantem,</strong></span> <span class='ocrx_word' id='word_1_245' title='bbox 835 3308 935 3350; x_wconf 82' lang='lat' dir='ltr'><strong>rerum</strong></span> <span class='ocrx_word' id='word_1_246' title='bbox 965 3299 994 3350; x_wconf 91' lang='lat' dir='ltr'><strong>et</strong></span> <span class='ocrx_word' id='word_1_247' title='bbox 1015 3291 1197 3350; x_wconf 75' lang='lat' dir='ltr'><strong>auferentem</strong></span> <span class='ocrx_word' id='word_1_248' title='bbox 1220 3291 1298 3368; x_wconf 93' lang='lat' dir='ltr'><strong>quod</strong></span> <span class='ocrx_word' id='word_1_249' title='bbox 1321 3293 1388 3369; x_wconf 87' lang='lat' dir='ltr'><strong>quis</strong></span> <span class='ocrx_word' id='word_1_250' title='bbox 1442 3336 1445 3341; x_wconf 87' lang='lat'>.</span> 
     </span>
    </p>
   </div>
   <div class='ocr_carea' id='block_1_6' title="bbox 185 3386 1389 3461">
    <p class='ocr_par' dir='ltr' id='par_1_11' title="bbox 185 3386 1389 3461">
     <span class='ocr_line' id='line_1_28' title="bbox 185 3386 1389 3461; baseline -0.002 -8"><span class='ocrx_word' id='word_1_251' title='bbox 185 3426 191 3453; x_wconf 93' lang='lat'><strong>.·</strong></span> <span class='ocrx_word' id='word_1_252' title='bbox 247 3386 350 3452; x_wconf 76' lang='lat' dir='ltr'><strong>tiiratur</strong></span> <span class='ocrx_word' id='word_1_253' title='bbox 373 3391 528 3453; x_wconf 86' lang='lat' dir='ltr'><strong>babuisse.</strong></span> <span class='ocrx_word' id='word_1_254' title='bbox 565 3392 622 3450; x_wconf 77' lang='lat' dir='ltr'><strong>dut</strong></span> <span class='ocrx_word' id='word_1_255' title='bbox 645 3391 669 3449; x_wconf 93' lang='lat' dir='ltr'><strong>si</strong></span> <span class='ocrx_word' id='word_1_256' title='bbox 694 3398 724 3449; x_wconf 91' lang='lat' dir='ltr'><strong>et</strong></span> <span class='ocrx_word' id='word_1_257' title='bbox 744 3390 793 3450; x_wconf 87' lang='lat' dir='ltr'><strong>bic</strong></span> <span class='ocrx_word' id='word_1_258' title='bbox 815 3398 979 3450; x_wconf 88' lang='lat' dir='ltr'><strong>creatorem</strong></span> <span class='ocrx_word' id='word_1_259' title='bbox 1002 3390 1119 3450; x_wconf 80' lang='lat' dir='ltr'><strong>tinxerit</strong></span> <span class='ocrx_word' id='word_1_260' title='bbox 1140 3397 1307 3461; x_wconf 89' lang='lat' dir='ltr'><strong>austerum,</strong></span> <span class='ocrx_word' id='word_1_261' title='bbox 1331 3390 1389 3450; x_wconf 90' lang='lat' dir='ltr'><strong>tol-</strong></span> 
     </span>
    </p>
   </div>
   <div class='ocr_carea' id='block_1_7' title="bbox 246 3483 1390 3670">
    <p class='ocr_par' dir='ltr' id='par_1_12' title="bbox 246 3483 1390 3670">
     <span class='ocr_line' id='line_1_29' title="bbox 246 3483 1390 3571; baseline -0.003 -20"><span class='ocrx_word' id='word_1_262' title='bbox 246 3483 325 3551; x_wconf 60' lang='lat' dir='ltr'><strong>Butcm</strong></span> <span class='ocrx_word' id='word_1_263' title='bbox 346 3492 426 3571; x_wconf 91' lang='lat' dir='ltr'><strong>quod</strong></span> <span class='ocrx_word' id='word_1_264' title='bbox 451 3510 512 3551; x_wconf 93' lang='lat' dir='ltr'><strong>non</strong></span> <span class='ocrx_word' id='word_1_265' title='bbox 535 3491 670 3569; x_wconf 83' lang='lat' dir='ltr'><strong>posuerit</strong></span> <span class='ocrx_word' id='word_1_266' title='bbox 692 3499 721 3550; x_wconf 92' lang='lat' dir='ltr'><strong>et</strong></span> <span class='ocrx_word' id='word_1_267' title='bbox 743 3500 902 3551; x_wconf 89' lang='lat' dir='ltr'><strong>metentem</strong></span> <span class='ocrx_word' id='word_1_268' title='bbox 926 3489 1005 3568; x_wconf 92' lang='lat' dir='ltr'><strong>quod</strong></span> <span class='ocrx_word' id='word_1_269' title='bbox 1021 3507 1081 3549; x_wconf 91' lang='lat' dir='ltr'><strong>non</strong></span> <span class='ocrx_word' id='word_1_270' title='bbox 1102 3488 1227 3559; x_wconf 86' lang='lat' dir='ltr'><strong>severit,</strong></span> <span class='ocrx_word' id='word_1_271' title='bbox 1249 3488 1298 3548; x_wconf 92' lang='lat' dir='ltr'><strong>bic</strong></span> <span class='ocrx_word' id='word_1_272' title='bbox 1312 3508 1390 3567; x_wconf 93' lang='lat' dir='ltr'><strong>quo·</strong></span> 
     </span>
     <span class='ocr_line' id='line_1_30' title="bbox 247 3589 1184 3670; baseline -0.004 -18"><span class='ocrx_word' id='word_1_273' title='bbox 247 3602 285 3664; x_wconf 70' lang='lat' dir='ltr'><strong>pc</strong></span> <span class='ocrx_word' id='word_1_274' title='bbox 300 3612 343 3653; x_wconf 89' lang='lat' dir='ltr'><strong>me</strong></span> <span class='ocrx_word' id='word_1_275' title='bbox 364 3594 412 3654; x_wconf 78' lang='lat' dir='ltr'><strong>itte</strong></span> <span class='ocrx_word' id='word_1_276' title='bbox 435 3592 557 3652; x_wconf 92' lang='lat' dir='ltr'><strong>instruit</strong></span> <span class='ocrx_word' id='word_1_277' title='bbox 579 3591 662 3651; x_wconf 89' lang='lat' dir='ltr'><strong>cuius</strong></span> <span class='ocrx_word' id='word_1_278' title='bbox 685 3591 840 3670; x_wconf 89' lang='lat' dir='ltr'><strong>pecuniam</strong></span> <span class='ocrx_word' id='word_1_279' title='bbox 863 3602 896 3650; x_wconf 93' lang='lat' dir='ltr'><strong>ut</strong></span> <span class='ocrx_word' id='word_1_280' title='bbox 917 3591 1048 3650; x_wconf 78' lang='lat' dir='ltr'><strong>fenerem</strong></span> <span class='ocrx_word' id='word_1_281' title='bbox 1071 3589 1184 3649; x_wconf 91' lang='lat' dir='ltr'><strong>edocet.</strong></span> 
     </span>
    </p>
   </div>
   <div class='ocr_carea' id='block_1_8' title="bbox 305 3688 1511 3812">
    <p class='ocr_par' dir='ltr' id='par_1_13' title="bbox 305 3688 1511 3812">
     <span class='ocr_line' id='line_1_31' title="bbox 305 3688 1511 3812; baseline -0.003 -58"><span class='ocrx_word' id='word_1_282' title='bbox 305 3693 419 3754; x_wconf 87' lang='lat' dir='ltr'><strong>Sciebat</strong></span> <span class='ocrx_word' id='word_1_283' title='bbox 441 3691 579 3752; x_wconf 86' lang='lat' dir='ltr'><strong>Christus</strong></span> <span class='ocrx_word' id='word_1_284' title='bbox 608 3691 752 3770; x_wconf 87' lang='lat' dir='ltr'><strong>baptisma</strong></span> <span class='ocrx_word' id='word_1_285' title='bbox 775 3691 894 3751; x_wconf 87' lang='lat' dir='ltr'><strong>ioannis</strong></span> <span class='ocrx_word' id='word_1_286' title='bbox 921 3691 999 3752; x_wconf 89' lang='lat' dir='ltr'><strong>uude</strong></span> <span class='ocrx_word' id='word_1_287' title='bbox 1027 3699 1117 3752; x_wconf 81' lang='lat' dir='ltr'><strong>essct.</strong></span> <span class='ocrx_word' id='word_1_288' title='bbox 1160 3688 1198 3750; x_wconf 84' lang='lat' dir='ltr'><strong>Et</strong></span> <span class='ocrx_word' id='word_1_289' title='bbox 1224 3708 1277 3751; x_wconf 94' lang='lat' dir='ltr'><strong>cur</strong></span> <span class='ocrx_word' id='word_1_290' title='bbox 1305 3691 1390 3769; x_wconf 87' lang='lat' dir='ltr'><strong>quasi</strong></span> <span class='ocrx_word' id='word_1_291' title='bbox 1409 3702 1511 3812; x_wconf 58' lang='lat' dir='ltr'><strong>xiiiia</strong></span> 
     </span>
    </p>
   </div>
   <div class='ocr_carea' id='block_1_9' title="bbox 185 3789 1510 3882">
    <p class='ocr_par' dir='ltr' id='par_1_14' title="bbox 185 3789 1510 3882">
     <span class='ocr_line' id='line_1_32' title="bbox 185 3789 1510 3882; baseline 0.002 -32"><span class='ocrx_word' id='word_1_292' title='bbox 185 3790 187 3817; x_wconf 87' lang='lat'><strong>¹</strong></span> <span class='ocrx_word' id='word_1_293' title='bbox 248 3793 353 3854; x_wconf 64' lang='lat' dir='ltr'><strong>ndens</strong></span> <span class='ocrx_word' id='word_1_294' title='bbox 381 3790 608 3869; x_wconf 76' lang='lat' dir='ltr'><strong>interrogabat?</strong></span> <span class='ocrx_word' id='word_1_295' title='bbox 653 3791 770 3851; x_wconf 83' lang='lat' dir='ltr'><strong>Sciebat</strong></span> <span class='ocrx_word' id='word_1_296' title='bbox 798 3810 858 3851; x_wconf 91' lang='lat' dir='ltr'><strong>non</strong></span> <span class='ocrx_word' id='word_1_297' title='bbox 886 3810 1089 3870; x_wconf 85' lang='lat' dir='ltr'><strong>responsuros</strong></span> <span class='ocrx_word' id='word_1_298' title='bbox 1121 3790 1178 3850; x_wconf 90' lang='lat' dir='ltr'><strong>sibi</strong></span> <span class='ocrx_word' id='word_1_299' title='bbox 1205 3789 1510 3882; x_wconf 46' lang='lat' dir='ltr'><strong>pharisaeosque„⁹</strong></span> 
     </span>
    </p>
   </div>
   <div class='ocr_carea' id='block_1_10' title="bbox 185 3884 1391 3970">
    <p class='ocr_par' dir='ltr' id='par_1_15' title="bbox 185 3884 1391 3970">
     <span class='ocr_line' id='line_1_33' title="bbox 185 3884 1391 3970; baseline 0.002 -23"><span class='ocrx_word' id='word_1_300' title='bbox 185 3942 186 3947; x_wconf 73' lang='grc'>,</span> <span class='ocrx_word' id='word_1_301' title='bbox 249 3884 459 3954; x_wconf 73' lang='lat' dir='ltr'><strong>bertranna</strong></span> <span class='ocrx_word' id='word_1_302' title='bbox 483 3891 707 3970; x_wconf 79' lang='lat' dir='ltr'><strong>interrogabat?</strong></span> <span class='ocrx_word' id='word_1_303' title='bbox 738 3893 781 3952; x_wconf 81' lang='lat' dir='ltr'><strong>bn</strong></span> <span class='ocrx_word' id='word_1_304' title='bbox 804 3901 837 3953; x_wconf 94' lang='lat' dir='ltr'><strong>ut</strong></span> <span class='ocrx_word' id='word_1_305' title='bbox 859 3910 895 3952; x_wconf 83' lang='lat' dir='ltr'><strong>ex</strong></span> <span class='ocrx_word' id='word_1_306' title='bbox 918 3910 970 3952; x_wconf 86' lang='lat' dir='ltr'><strong>ore</strong></span> <span class='ocrx_word' id='word_1_307' title='bbox 992 3892 1127 3970; x_wconf 90' lang='lat' dir='ltr'><strong>ipsorum</strong></span> <span class='ocrx_word' id='word_1_308' title='bbox 1149 3891 1292 3952; x_wconf 86' lang='lat' dir='ltr'><strong>iudicaret</strong></span> <span class='ocrx_word' id='word_1_309' title='bbox 1313 3888 1391 3965; x_wconf 84' lang='lat' dir='ltr'><strong>iilos,</strong></span> 
     </span>
    </p>
   </div>
   <div class='ocr_carea' id='block_1_11' title="bbox 1419 3881 1477 3922">
    <p class='ocr_par' dir='ltr' id='par_1_16' title="bbox 1419 3881 1477 3922">
     <span class='ocr_line' id='line_1_34' title="bbox 1419 3881 1477 3922; baseline 0 0"><span class='ocrx_word' id='word_1_310' title='bbox 1419 3881 1477 3922; x_wconf 79' lang='lat' dir='ltr'><strong>t-a.</strong></span> 
     </span>
    </p>
   </div>
   <div class='ocr_carea' id='block_1_12' title="bbox 248 3989 1393 4470">
    <p class='ocr_par' dir='ltr' id='par_1_17' title="bbox 248 3989 1393 4470">
     <span class='ocr_line' id='line_1_35' title="bbox 248 3989 1391 4070; baseline 0.003 -21"><span class='ocrx_word' id='word_1_311' title='bbox 248 3989 279 4049; x_wconf 81' lang='lat' dir='ltr'><strong>td</strong></span> <span class='ocrx_word' id='word_1_312' title='bbox 295 4012 324 4054; x_wconf 84' lang='lat' dir='ltr'><strong>er</strong></span> <span class='ocrx_word' id='word_1_313' title='bbox 344 3991 456 4055; x_wconf 77' lang='lat' dir='ltr'><strong>corde?</strong></span> <span class='ocrx_word' id='word_1_314' title='bbox 490 3993 579 4052; x_wconf 78' lang='lat' dir='ltr'><strong>Reiur</strong></span> <span class='ocrx_word' id='word_1_315' title='bbox 601 4011 672 4070; x_wconf 80' lang='lat' dir='ltr'><strong>ergo</strong></span> <span class='ocrx_word' id='word_1_316' title='bbox 695 3994 818 4054; x_wconf 85' lang='lat' dir='ltr'><strong>ethaeo</strong></span> <span class='ocrx_word' id='word_1_317' title='bbox 840 3992 875 4052; x_wconf 91' lang='lat' dir='ltr'><strong>ad</strong></span> <span class='ocrx_word' id='word_1_318' title='bbox 897 3992 1115 4052; x_wconf 84' lang='lat' dir='ltr'><strong>excusationem</strong></span> <span class='ocrx_word' id='word_1_319' title='bbox 1137 3990 1281 4052; x_wconf 90' lang='lat' dir='ltr'><strong>creatoris</strong></span> <span class='ocrx_word' id='word_1_320' title='bbox 1303 3999 1333 4051; x_wconf 90' lang='lat' dir='ltr'><strong>ot</strong></span> <span class='ocrx_word' id='word_1_321' title='bbox 1353 3990 1391 4052; x_wconf 90' lang='lat' dir='ltr'><strong>ad</strong></span> 
     </span>
     <span class='ocr_line' id='line_1_36' title="bbox 250 4089 1392 4172; baseline 0 -21"><span class='ocrx_word' id='word_1_322' title='bbox 250 4094 472 4172; x_wconf 75' lang='lat' dir='ltr'><strong>onparatiourm</strong></span> <span class='ocrx_word' id='word_1_323' title='bbox 495 4091 621 4165; x_wconf 85' lang='lat' dir='ltr'><strong>Christi,</strong></span> <span class='ocrx_word' id='word_1_324' title='bbox 644 4102 674 4152; x_wconf 86' lang='lat' dir='ltr'><strong>et</strong></span> <span class='ocrx_word' id='word_1_325' title='bbox 696 4093 850 4154; x_wconf 89' lang='lat' dir='ltr'><strong>considera</strong></span> <span class='ocrx_word' id='word_1_326' title='bbox 872 4092 929 4152; x_wconf 92' lang='lat' dir='ltr'><strong>iam</strong></span> <span class='ocrx_word' id='word_1_327' title='bbox 953 4091 1022 4170; x_wconf 93' lang='lat' dir='ltr'><strong>quid</strong></span> <span class='ocrx_word' id='word_1_328' title='bbox 1045 4100 1214 4151; x_wconf 90' lang='lat' dir='ltr'><strong>secuturum</strong></span> <span class='ocrx_word' id='word_1_329' title='bbox 1238 4098 1335 4162; x_wconf 90' lang='lat' dir='ltr'><strong>esset,</strong></span> <span class='ocrx_word' id='word_1_330' title='bbox 1365 4089 1392 4151; x_wconf 90' lang='lat' dir='ltr'><strong>si</strong></span> 
     </span>
     <span class='ocr_line' id='line_1_37' title="bbox 252 4189 1391 4272; baseline -0.004 -18"><span class='ocrx_word' id='word_1_331' title='bbox 252 4189 299 4263; x_wconf 58' lang='lat' dir='ltr'><strong>flii</strong></span> <span class='ocrx_word' id='word_1_332' title='bbox 317 4193 460 4272; x_wconf 86' lang='lat' dir='ltr'><strong>pharisaei</strong></span> <span class='ocrx_word' id='word_1_333' title='bbox 483 4191 519 4251; x_wconf 91' lang='lat' dir='ltr'><strong>ad</strong></span> <span class='ocrx_word' id='word_1_334' title='bbox 542 4192 805 4269; x_wconf 86' lang='lat' dir='ltr'><strong>interrogationem</strong></span> <span class='ocrx_word' id='word_1_335' title='bbox 829 4191 1059 4254; x_wconf 87' lang='lat' dir='ltr'><strong>renuntiassent.</strong></span> <span class='ocrx_word' id='word_1_336' title='bbox 1095 4190 1169 4251; x_wconf 88' lang='lat' dir='ltr'><strong>Puta</strong></span> <span class='ocrx_word' id='word_1_337' title='bbox 1191 4190 1257 4250; x_wconf 89' lang='lat' dir='ltr'><strong>ilios</strong></span> <span class='ocrx_word' id='word_1_338' title='bbox 1278 4207 1391 4251; x_wconf 90' lang='lat' dir='ltr'><strong>renun-</strong></span> 
     </span>
     <span class='ocr_line' id='line_1_38' title="bbox 252 4285 1392 4371; baseline 0.002 -25"><span class='ocrx_word' id='word_1_339' title='bbox 252 4285 318 4351; x_wconf 81' lang='lat' dir='ltr'><strong>b&#39;asse</strong></span> <span class='ocrx_word' id='word_1_340' title='bbox 335 4293 495 4353; x_wconf 89' lang='lat' dir='ltr'><strong>humanum</strong></span> <span class='ocrx_word' id='word_1_341' title='bbox 519 4292 637 4352; x_wconf 86' lang='lat' dir='ltr'><strong>ioannis</strong></span> <span class='ocrx_word' id='word_1_342' title='bbox 659 4293 823 4371; x_wconf 88' lang='lat' dir='ltr'><strong>baptisma,</strong></span> <span class='ocrx_word' id='word_1_343' title='bbox 858 4292 956 4352; x_wconf 89' lang='lat' dir='ltr'><strong>statim</strong></span> <span class='ocrx_word' id='word_1_344' title='bbox 986 4289 1132 4369; x_wconf 87' lang='lat' dir='ltr'><strong>lapidibus</strong></span> <span class='ocrx_word' id='word_1_345' title='bbox 1161 4287 1225 4351; x_wconf 84' lang='lat' dir='ltr'><strong>elisi</strong></span> <span class='ocrx_word' id='word_1_346' title='bbox 1254 4288 1392 4352; x_wconf 84' lang='lat' dir='ltr'><strong>tuissent.</strong></span> 
     </span>
     <span class='ocr_line' id='line_1_39' title="bbox 252 4381 1393 4470; baseline 0 -23"><span class='ocrx_word' id='word_1_347' title='bbox 252 4381 370 4453; x_wconf 72' lang='lat' dir='ltr'><strong>iaistcaet</strong></span> <span class='ocrx_word' id='word_1_348' title='bbox 390 4392 499 4470; x_wconf 86' lang='lat' dir='ltr'><strong>¹aliqui</strong></span> <span class='ocrx_word' id='word_1_349' title='bbox 521 4392 651 4453; x_wconf 84' lang='lat' dir='ltr'><strong>Marcion</strong></span> <span class='ocrx_word' id='word_1_350' title='bbox 674 4393 818 4454; x_wconf 88' lang='lat' dir='ltr'><strong>adversus</strong></span> <span class='ocrx_word' id='word_1_351' title='bbox 834 4391 1023 4462; x_wconf 81' lang='lat' dir='ltr'><strong>Marcionem,</strong></span> <span class='ocrx_word' id='word_1_352' title='bbox 1047 4389 1096 4468; x_wconf 91' lang='lat' dir='ltr'><strong>qui</strong></span> <span class='ocrx_word' id='word_1_353' title='bbox 1119 4390 1239 4462; x_wconf 88' lang='lat' dir='ltr'><strong>diceret,</strong></span> <span class='ocrx_word' id='word_1_354' title='bbox 1262 4389 1393 4451; x_wconf 85' lang='lat' dir='ltr'><strong>Odeum</strong></span> 
     </span>
    </p>
   </div>
   <div class='ocr_carea' id='block_1_13' title="bbox 251 4532 1395 4662">
    <p class='ocr_par' dir='ltr' id='par_1_18' title="bbox 251 4532 1395 4662">
     <span class='ocr_line' id='line_1_40' title="bbox 251 4532 1395 4604; baseline -0.003 -15"><span class='ocrx_word' id='word_1_355' title='bbox 251 4532 347 4591; x_wconf 66' lang='lat' dir='ltr'><strong>tiatira</strong></span> <span class='ocrx_word' id='word_1_356' title='bbox 363 4544 389 4593; x_wconf 74' lang='lat' dir='ltr'><strong>b.</strong></span> <span class='ocrx_word' id='word_1_357' title='bbox 435 4542 461 4592; x_wconf 75' lang='lat'><strong>³.</strong></span> <span class='ocrx_word' id='word_1_358' title='bbox 479 4544 599 4604; x_wconf 74' lang='lat' dir='ltr'><strong>contegito</strong></span> <span class='ocrx_word' id='word_1_359' title='bbox 617 4547 652 4594; x_wconf 86' lang='lat' dir='ltr'><strong>cd.</strong></span> <span class='ocrx_word' id='word_1_360' title='bbox 675 4545 834 4594; x_wconf 74' lang='lat' dir='ltr'><strong>vaticanorum</strong></span> <span class='ocrx_word' id='word_1_361' title='bbox 850 4558 919 4593; x_wconf 78' lang='lat' dir='ltr'><strong>anas.</strong></span> <span class='ocrx_word' id='word_1_362' title='bbox 954 4543 1028 4604; x_wconf 72' lang='lat' dir='ltr'><strong>tegito</strong></span> <span class='ocrx_word' id='word_1_363' title='bbox 1045 4541 1117 4593; x_wconf 74' lang='lat' dir='ltr'><strong>teat.</strong></span> <span class='ocrx_word' id='word_1_364' title='bbox 1161 4540 1186 4590; x_wconf 70' lang='lat' dir='ltr'><strong>b.</strong></span> <span class='ocrx_word' id='word_1_365' title='bbox 1204 4554 1278 4604; x_wconf 83' lang='lat' dir='ltr'><strong>opera</strong></span> <span class='ocrx_word' id='word_1_366' title='bbox 1298 4537 1395 4587; x_wconf 84' lang='lat' dir='ltr'><strong>miseri·</strong></span> 
     </span>
     <span class='ocr_line' id='line_1_41' title="bbox 251 4606 1395 4662; baseline -0.004 -7"><span class='ocrx_word' id='word_1_367' title='bbox 251 4606 326 4655; x_wconf 68' lang='lat' dir='ltr'><strong>ordine</strong></span> <span class='ocrx_word' id='word_1_368' title='bbox 341 4610 363 4658; x_wconf 73' lang='lat' dir='ltr'><strong>d.</strong></span> <span class='ocrx_word' id='word_1_369' title='bbox 404 4610 428 4659; x_wconf 70' lang='grc'><strong>6.</strong></span> <span class='ocrx_word' id='word_1_370' title='bbox 447 4618 612 4659; x_wconf 82' lang='lat' dir='ltr'><strong>contractuum</strong></span> <span class='ocrx_word' id='word_1_371' title='bbox 631 4611 740 4660; x_wconf 81' lang='lat' dir='ltr'><strong>obnexus</strong></span> <span class='ocrx_word' id='word_1_372' title='bbox 757 4614 793 4660; x_wconf 82' lang='lat' dir='ltr'><strong>cd.</strong></span> <span class='ocrx_word' id='word_1_373' title='bbox 811 4613 931 4661; x_wconf 75' lang='lat' dir='ltr'><strong>Vaticanus</strong></span> <span class='ocrx_word' id='word_1_374' title='bbox 949 4612 1016 4659; x_wconf 84' lang='lat' dir='ltr'><strong>aiter.</strong></span> <span class='ocrx_word' id='word_1_375' title='bbox 1052 4617 1217 4659; x_wconf 81' lang='lat' dir='ltr'><strong>contractuum</strong></span> <span class='ocrx_word' id='word_1_376' title='bbox 1235 4610 1395 4662; x_wconf 76' lang='lat' dir='ltr'><strong>(contractam</strong></span> 
     </span>
    </p>
   </div>
   <div class='ocr_carea' id='block_1_14' title="bbox 249 4668 1397 4795">
    <p class='ocr_par' dir='ltr' id='par_1_19' title="bbox 249 4668 1397 4795">
     <span class='ocr_line' id='line_1_42' title="bbox 251 4668 1397 4736; baseline -0.004 -12"><span class='ocrx_word' id='word_1_377' title='bbox 251 4668 387 4725; x_wconf 70' lang='lat' dir='ltr'><strong>ttobnatta</strong></span> <span class='ocrx_word' id='word_1_378' title='bbox 404 4676 449 4725; x_wconf 78' lang='lat' dir='ltr'><strong>BG.</strong></span> <span class='ocrx_word' id='word_1_379' title='bbox 489 4686 653 4726; x_wconf 84' lang='lat' dir='ltr'><strong>contractuum</strong></span> <span class='ocrx_word' id='word_1_380' title='bbox 672 4679 790 4728; x_wconf 86' lang='lat' dir='ltr'><strong>obnoxios</strong></span> <span class='ocrx_word' id='word_1_381' title='bbox 808 4681 846 4728; x_wconf 81' lang='lat' dir='ltr'><strong>ab.</strong></span> <span class='ocrx_word' id='word_1_382' title='bbox 898 4678 922 4725; x_wconf 89' lang='lat'><strong>6.</strong></span> <span class='ocrx_word' id='word_1_383' title='bbox 940 4678 966 4727; x_wconf 84' lang='lat' dir='ltr'><strong>st</strong></span> <span class='ocrx_word' id='word_1_384' title='bbox 984 4688 1012 4725; x_wconf 87' lang='lat' dir='ltr'><strong>ea</strong></span> <span class='ocrx_word' id='word_1_385' title='bbox 1031 4675 1055 4724; x_wconf 80' lang='lat' dir='ltr'><strong>d.</strong></span> <span class='ocrx_word' id='word_1_386' title='bbox 1100 4677 1125 4726; x_wconf 89' lang='lat' dir='ltr'><strong>Si</strong></span> <span class='ocrx_word' id='word_1_387' title='bbox 1150 4682 1174 4724; x_wconf 86' lang='lat' dir='ltr'><strong>et</strong></span> <span class='ocrx_word' id='word_1_388' title='bbox 1197 4674 1290 4736; x_wconf 78' lang='lat' dir='ltr'><strong>reliqui</strong></span> <span class='ocrx_word' id='word_1_389' title='bbox 1333 4676 1357 4718; x_wconf 83' lang='lat' dir='ltr'><strong>at</strong></span> <span class='ocrx_word' id='word_1_390' title='bbox 1373 4669 1397 4719; x_wconf 87' lang='lat' dir='ltr'><strong>ai</strong></span> 
     </span>
     <span class='ocr_line' id='line_1_43' title="bbox 249 4734 657 4795; baseline 0.005 -4"><span class='ocrx_word' id='word_1_391' title='bbox 249 4734 365 4792; x_wconf 65' lang='lat' dir='ltr'><strong>st-bian.</strong></span> <span class='ocrx_word' id='word_1_392' title='bbox 415 4742 440 4790; x_wconf 76' lang='grc'><strong>1.</strong></span> <span class='ocrx_word' id='word_1_393' title='bbox 458 4743 559 4792; x_wconf 78' lang='lat' dir='ltr'><strong>uitatem</strong></span> <span class='ocrx_word' id='word_1_394' title='bbox 578 4761 621 4795; x_wconf 89' lang='lat' dir='ltr'><strong>on.</strong></span> <span class='ocrx_word' id='word_1_395' title='bbox 634 4748 657 4794; x_wconf 86' lang='lat' dir='ltr'><strong>d.</strong></span> 
     </span>
    </p>
   </div>
   <div class='ocr_carea' id='block_1_15' title="bbox 305 4806 1245 4934">
    <p class='ocr_par' dir='ltr' id='par_1_20' title="bbox 305 4806 1245 4934">
     <span class='ocr_line' id='line_1_44' title="bbox 305 4806 1245 4934; baseline 0.009 -79"><span class='ocrx_word' id='word_1_396' title='bbox 305 4806 356 4870; x_wconf 74' lang='lat' dir='ltr'><strong>Cap.</strong></span> <span class='ocrx_word' id='word_1_397' title='bbox 371 4808 491 4857; x_wconf 75' lang='lat' dir='ltr'><strong>milii.</strong></span> <span class='ocrx_word' id='word_1_398' title='bbox 527 4812 548 4859; x_wconf 88' lang='lat' dir='ltr'><strong>l.</strong></span> <span class='ocrx_word' id='word_1_399' title='bbox 567 4812 640 4876; x_wconf 83' lang='lat' dir='ltr'><strong>aliqui</strong></span> <span class='ocrx_word' id='word_1_400' title='bbox 658 4815 682 4864; x_wconf 81' lang='lat' dir='ltr'><strong>d.</strong></span> <span class='ocrx_word' id='word_1_401' title='bbox 717 4812 805 4876; x_wconf 78' lang='lat' dir='ltr'><strong>aliquia</strong></span> <span class='ocrx_word' id='word_1_402' title='bbox 822 4811 907 4875; x_wconf 75' lang='lat' dir='ltr'><strong>reliqui</strong></span> <span class='ocrx_word' id='word_1_403' title='bbox 924 4811 987 4861; x_wconf 78' lang='lat' dir='ltr'><strong>iibri.</strong></span> <span class='ocrx_word' id='word_1_404' title='bbox 1191 4883 1245 4934; x_wconf 68' lang='lat' dir='ltr'><em>w</em></span> 
     </span>
    </p>
   </div>
   <div class='ocr_carea' id='block_1_16' title="bbox 0 0 1640 5775">
    <p class='ocr_par' dir='ltr' id='par_1_21' title="bbox 0 0 1640 5775">
     <span class='ocr_line' id='line_1_45' title="bbox 0 0 1640 5775; baseline 0 0"><span class='ocrx_word' id='word_1_405' title='bbox 0 0 1640 5775; x_wconf 95' lang='lat' dir='ltr'><strong> </strong></span> 
     </span>
    </p>
   </div>
  </div>
 </body>
</html>
