3242 5775
306 568 348 631 98
559 581 660 633 oomni
683 581 814 626 ιιιτιιιιι
837 578 1003 624 monearis
1024 575 1221 621 τιιιιιιιιιιι

307 732 501 802 exorbitasse,
524 738 554 793 et
575 735 790 792 commeatum¹
810 727 1066 811 ”operationibus
1088 725 1154 789 eius
1175 723 1370 788 admetiendo
1389 723 1487 788 ratio-

307 851 374 895 nem
396 831 537 893 bonitatis
559 848 630 893 auae
652 830 728 910 egit,
751 831 857 892 eodem
879 829 1003 893 oonsilio
1024 829 1167 891 dillerens
1187 825 1405 888 extinctionem
1419 824 1485 888 tn·

306 933 366 995 boli
388 951 447 1012 quo
468 931 597 993 bominis
619 931 848 993 restitutionem.
867 1011 870 1016 .
894 929 1052 992 Certamini
1075 928 1153 990 enim
1175 926 1257 990 dedit
1278 927 1430 1012 spatium,
1451 933 1485 990 nt
1516 962 1525 1004 Ι

307 1041 337 1094 et
358 1035 449 1094 home
470 1032 572 1093 eadem
595 1030 708 1093 arbitrii
730 1032 866 1094 libertate
887 1032 1011 1093 elideret
1031 1027 1183 1090 inimicum
1205 1045 1263 1106 (pn
1283 1025 1525 1106 ¹'succidente

307 1133 366 1207 illi,
387 1133 518 1213 probans
542 1152 643 1206 suam,
665 1151 727 1193 non
748 1131 795 1193 dei
818 1132 950 1212 culpam,
973 1138 999 1190 et
1016 1129 1056 1191 ita
1070 1129 1196 1191 salmem
1211 1127 1301 1207 digne
1315 1145 1373 1207 per
1386 1126 1481 1188 ricto-
1508 1167 1525 1209 5,

306 1234 379 1295 n'am
401 1244 605 1313 recuperaret,
628 1242 658 1294 et
678 1232 814 1294 diabolus
836 1231 965 1293 amarius
981 1230 1136 1310 puniretur
1150 1228 1186 1290 ab
1203 1246 1240 1289 eo
1255 1246 1348 1307 quem
1363 1228 1480 1290 eliserat
1509 1270 1525 1313 p

306 1342 373 1394 ente
401 1333 548 1405 devictus,
581 1343 611 1396 et
639 1334 713 1395 deus
735 1341 818 1394 tanto
845 1332 940 1411 magis
967 1331 1065 1393 bonus
1093 1329 1292 1401 inveniretur,
1325 1328 1478 1394 sustincte
1509 1359 1525 1418 ,v

306 1435 458 1496 bominem
480 1435 688 1513 gloriosiorem
714 1435 745 1494 in
767 1433 938 1513 paradisum
965 1432 1002 1492 ad
1029 1430 1175 1491 licentiam
1203 1428 1415 1508 decerpendae·
1431 1443 1478 1490 m·
1512 1473 1525 1517 t:

306 1534 390 1596 boris
410 1535 487 1595 vitae
509 1536 567 1596 iam
589 1536 626 1596 de
647 1535 706 1596 vita
727 1551 944 1613 regressurum.
1513 1579 1525 1622 ,

188 1661 287 1720 029,ss
391 1635 484 1713 Igitur
516 1653 610 1714 usque
638 1636 674 1696 ad
702 1634 841 1695 delictum
869 1633 1000 1694 bominis
1029 1632 1102 1694 deus
1129 1650 1145 1693 a
1172 1629 1340 1710 primordio
1366 1637 1479 1692 tantu

306 1734 414 1809 bonus,
437 1735 543 1796 exinde
564 1736 651 1797 iudex
674 1743 704 1796 et
724 1754 848 1798 severus
865 1743 904 1808 ct,
926 1733 1006 1812 quod
1022 1731 1209 1794 Marcionitae
1224 1732 1339 1804 volunt,
1361 1735 1516 1802 saexml,

168 1856 223 1901 cen
229 1854 265 1907 ιι,
269 1857 301 1899 ιι.
308 1836 412 1897 Statim
435 1836 571 1897 mulier
562 1855 593 1897 an
615 1835 769 1897 doloribus
795 1853 901 1915 parere
929 1842 959 1896 et
985 1833 1050 1893 viro
1079 1832 1192 1895 servire
1219 1833 1393 1906 damnatur,
1426 1829 1516 1894 sed

308 1955 382 2016 quae
404 1946 472 1997 ante
493 1938 559 1998 sine
582 1936 638 1998 ulle
660 1936 886 1999 contristatione
912 1953 967 2014 per
994 1933 1232 1996 benedictionem
1264 1929 1525 2012 ιιιιιιιιιιιιιι’Ι

307 2036 426 2115 generis
448 2036 598 2111 audierat,
621 2036 767 2109 Crescite,
790 2043 930 2108 tantum·‚
953 2041 984 2096 et
1005 2033 1253 2114 multiplicamini,
1276 2033 1330 2095 sed
1352 2051 1431 2113 quiae
1449 2032 1525 2132 ιι

306 2135 485 2198 adiutorium
508 2136 656 2210 masculo,
687 2154 748 2197 non
769 2136 801 2196 in
824 2134 977 2197 servitium
998 2137 1094 2197 luerat
1115 2135 1270 2197 destinata.
1321 2133 1431 2196 Statim
1452 2142 1525 2218 ιι,

163 2255 219 2300 een.
224 2252 261 2308 ιιι,
267 2255 299 2297 ιι.
310 2247 387 2298 terra
408 2237 607 2311 maledicitur,
632 2238 685 2299 sed
707 2246 774 2299 ante
796 2236 959 2298 benedicta.
994 2235 1099 2297 Statim
1116 2235 1216 2297 tribuli
1237 2243 1269 2296 et
1283 2234 1406 2316 spinae,
1427 2193 1525 2337 sed:

307 2347 376 2399 ante
403 2339 525 2400 foenum
554 2347 585 2400 et
610 2338 720 2400 herbae
748 2345 778 2398 et
805 2336 945 2398 arborum
973 2337 1133 2397 lruotuosa.
1189 2336 1295 2397 Statim
1328 2335 1483 2398 sudoret

306 2437 392 2499 labor
418 2439 520 2518 panis,
555 2438 609 2499 sed
637 2446 707 2499 ante
733 2457 769 2500 ex
797 2437 879 2499 omni
910 2437 990 2516 ligno
1013 2436 1136 2498 vietus
1127 2430 1268 2498 immunis
1291 2444 1322 2497 et
1343 2436 1481 2500 alimento

308 2556 421 2599 secura.
471 2538 584 2598 Exinde
612 2538 702 2598 bomo
730 2538 766 2598 ad
795 2545 921 2609 terram,
950 2537 1002 2598 sed
1031 2545 1099 2598 ante
1127 2537 1163 2598 de
1185 2546 1281 2610 terra3
1314 2537 1424 2600 exinde
1443 2513 1525 2602 ad
1516 2599 1525 2644 t

307 2644 451 2710 mortem,
474 2638 617 2702 sedante
639 2637 675 2697 ad
698 2636 802 2712 vitam3
825 2637 983 2699 exindern
1005 2637 1131 2699 scorteis
1153 2637 1304 2709 restibus,
1335 2637 1390 2698 sed
1413 2643 1483 2700 unte

308 2738 374 2799 sine
401 2736 540 2816 scrupulo
568 2736 677 2798 nudus.
729 2738 773 2798 lta
802 2738 887 2818 prior
913 2738 1030 2799 bonitas
1057 2737 1105 2800 dei
1134 2738 1298 2799 secundum
1334 2746 1481 2814 naturum,
1504 2769 1516 2800 .·.

307 2838 466 2901 ¹severitas
487 2837 641 2917 posterior
661 2835 824 2899 secuudum
846 2857 973 2901 causant.
1005 2838 1079 2900 llla
1071 2839 1218 2918 ingenita,
1239 2837 1481 2916 baeeaocidennt
1515 2809 1525 2854 Ι

307 2938 355 2999 illa
376 2939 513 3018 propria,
535 2939 609 3000 baec
629 2940 866 3013 accommodam
889 2940 937 3001 illa
960 2940 1053 3014 edita,
1077 2941 1151 3002 baec
1170 2939 1311 3001 adbibita.
1348 2938 1520 3004 Neon-v

308 3048 372 3100 tura
394 3038 473 3099 enim
496 3040 679 3118 inoperatam
702 3039 804 3101 debuit
825 3041 1008 3102 continuisse
1026 3041 1204 3114 bonitatem,
1227 3059 1284 3101 noc
1302 3058 1395 3103 causa
1413 3040 1481 3103 dis·
1516 3016 1525 3061 ²

308 3140 473 3200 simulatam
506 3138 635 3200 evasisse
662 3139 860 3202 severitatem.
910 3141 1037 3202 Alteram
1066 3141 1139 3214 sibi,
1177 3140 1299 3203 alteram
1326 3141 1372 3203 rei
1404 3118 1525 3247 den:

239 3310 243 3316 ⁴
307 3239 463 3319 praestitit.
496 3240 596 3320 Incipe
618 3240 805 3302 nuncetiam
827 3241 933 3303 iudicis
955 3222 1525 3322 statumutaffinemmebergncre,

308 3341 357 3420 qui
380 3340 489 3402 ideirco
512 3340 599 3402 alium
622 3341 709 3402 deum
738 3341 911 3416 somniasti,
943 3342 1131 3403 solummodo
1160 3343 1289 3418 bonum,
1321 3343 1390 3423 quia
1418 3326 1525 3417 non

307 3449 393 3522 potes
416 3442 558 3516 iudicem3
581 3460 756 3521 quamquam
780 3442 911 3504 stillum
934 3452 967 3503 ut
988 3442 1114 3504 iudicem
1137 3443 1334 3505 ostendimus.
1370 3444 1431 3507 Aut
1450 3426 1525 3507 ιι

307 3561 367 3602 raon
390 3543 533 3613 iudicem,
557 3552 635 3604 certe
655 3561 829 3621 perversum
845 3560 880 3602 ao
892 3560 999 3603 vanum
1015 3542 1186 3623 disciplinae
1202 3562 1262 3604 non
1278 3544 1482 3619 vindicandae,
1517 3544 1523 3567 ¹

305 3640 336 3700 id
359 3649 487 3700 estnon
510 3641 697 3713 iudicandae,
729 3642 966 3703 constitutorem.
1016 3643 1082 3704 Non
1104 3645 1249 3723 reprobas
1271 3652 1369 3707 autem
1392 3645 1525 3717 deum

307 3738 450 3813 iudicem,
473 3742 523 3819 qui
545 3758 604 3800 non
628 3742 753 3803 iudicem
775 3742 863 3804 deum
877 3742 999 3821 probas
1036 3743 1173 3823 lpsam
1149 3764 1215 3806 sine
1230 3746 1344 3807 dubio
1335 3746 1525 3809 iustitiam

307 3858 447 3902 accusare
468 3840 608 3913 debebis,
641 3860 716 3920 quae
737 3842 864 3904 iudicem
891 3851 1038 3922 praestat,
1067 3854 1117 3905 aut
1144 3844 1193 3907 'et
1221 3865 1284 3908 earn
1306 3846 1337 3908 ιιι
1359 3847 1482 3926 specics
1518 3890 1525 3925 ι

306 3941 432 4001 malitiae
455 3942 613 4020 deputare,
640 3941 669 4001 id
693 3951 739 4003 ost
760 3940 933 4004 iniustitiam
958 3945 988 4004 in
1011 3944 1111 4006 titulos
1122 3945 1276 4012 bonitatis
1298 3946 1525 4011 adscribere.

306 4038 390 4100 Nunc
412 4039 489 4100 enirn
511 4041 623 4102 iustitia
645 4043 769 4116 malum,
794 4042 820 4103 si
843 4044 985 4106 iniustitia
1000 4045 1122 4106 bonum.
1157 4046 1250 4108 Porro
1273 4066 1340 4110 oum
1361 4048 1482 4129 cogeris

306 4140 479 4201 iniustitiam
502 4142 538 4202 de
558 4144 698 4222 pessimis
719 4145 930 4225 pronuntiare,
964 4145 1070 4206 eodem
1097 4146 1166 4225 iugo
1197 4148 1313 4226 urgeris
1334 4148 1482 4212 iustitiam
1521 4158 1525 4237 ,“

306 4323 347 4374 21.
371 4340 398 4441 ep
422 4328 603 4444 spepationibns
629 4329 673 4378 ΑΒ.
730 4327 771 4377 22.
793 4329 929 4381 succiderat
955 4332 1022 4382 ebed.
1046 4332 1148 4381 Vaticani
1166 4333 1221 4381 dno.
1269 4333 1414 4385 succederet
1435 4334 1481 4387 AB.
1523 4378 1525 4401 :

305 4407 378 4442 succe
397 4409 437 4441 ere
482 4431 487 4443 .

374 4461 431 4523 Cap.
450 4462 488 4511 lll.
526 4462 548 4511 l.
567 4465 674 4525 severior
691 4464 891 4524 posteritasllld
926 4464 1015 4515 2.(ιιι
1033 4466 1161 4517 eamtec.
1197 4481 1249 4516 sam
1268 4468 1481 4521 liberdorsieeris.

339 4642 360 4690 g.
385 4625 558 4695 eornmeaturn]
592 4631 628 4680 Cl
652 4630 742 4679 adnott.
773 4631 803 4680 ad
830 4631 863 4681 lle
915 4633 945 4681 ad
963 4635 1078 4684 oudinet.
1121 4634 1180 4683 Nam
1206 4633 1309 4684 excludit
1333 4635 1396 4688 illud
1414 4638 1481 4703 quod
1519 4664 1522 4669 ·

304 4696 393 4758 Fuga
388 4710 411 4744 ιι
431 4696 550 4747 Persecut
569 4714 621 4762 cap.
635 4697 660 4748 a.
913 4708 1000 4763 postea
1018 4700 1112 4761 dicitur,
1131 4701 1201 4752 deum
1218 4700 1295 4763 legem
1308 4702 1447 4754 dolorum
1440 4720 1481 4756 tn·

340 4765 397 4827 Cep
409 4763 446 4812 lll
473 4780 493 4814 a
513 4761 617 4831 tautum]
636 4766 863 4816 lloctuntentrabe
914 4768 1011 4817 dixisse.
