3242 5775
500 611 539 655 ur
560 612 806 656 nasnsnacrronr
829 612 940 656 creme
1241 599 1309 666 '4¹18

130 781 211 843 qnae
237 760 404 835 intercidit,
438 760 498 822 ¹³ut
524 761 646 824 claudus
675 768 705 823 et
733 762 834 824 luscus
862 762 919 824 “et
940 781 1046 825 caecus
1069 747 1099 825 e't
1120 747 1258 844 leprosus
1281 773 1311 828 et

129 862 312 944 paralyticus
337 862 563 934 '’revertamur,
599 874 631 924 ut
658 862 776 925 redisse
804 881 864 924 non
886 862 975 940 libeat
996 864 1240 944 adpristinumi
1271 883 1310 927 an
1366 915 1373 924 .
1420 930 1423 937 ,
1482 852 1491 861 ’

131 964 258 1044 integri,
286 974 320 1024 ut
342 963 448 1025 iterum
473 964 539 1024 talia
562 964 623 1046 pati
647 963 790 1025 timeant?
839 963 917 1037 Quid
941 973 1001 1026 tum
1024 965 1061 1026 de
1087 965 1310 1046 consequentiis

132 1063 270 1127 caruis¹i
307 1064 463 1126 Rursusne
485 1064 584 1126 omnia
607 1064 775 1127 necessaria
797 1064 856 1139 illi,
879 1073 910 1127 et
931 1065 1067 1146 inprimis
1090 1066 1198 1146 pabula
1221 1074 1310 1147 atque

116 1165 304 1247 'petaurla,-
320 1174 351 1226 et
370 1165 562 1245 pulmonibus
590 1165 779 1238 natandum‘,
813 1174 844 1228 et
871 1166 1022 1228 intestinis
1045 1166 1258 1243 aestuandum,
1281 1176 1311 1230 et

135 1266 280 1347 pudendis
303 1284 364 1327 nun
380 1266 567 1346 pudendum,
591 1275 621 1327 et
636 1266 774 1328 omnibus
791 1266 932 1329 membris
946 1266 1166 1329 laborandum?
1193 1268 1309 1331 Rursus
1379 1348 1383 1358 ¹

138 1368 231 1429 ulcera
253 1376 284 1429 et
306 1367 425 1429 vulnera
449 1377 480 1430 et
499 1368 593 1429 febris
618 1367 675 1429 '⁸et
694 1368 826 1447 podagra
849 1376 878 1429 et
900 1386 982 1429 mors
1007 1368 1221 1449 ¹⁷reoptsudai
1254 1369 1309 1431 Ni·

139 1469 241 1529 mirum
264 1467 339 1529 baec
360 1477 448 1529 crunt
470 1478 536 1530 vota
558 1469 656 1558 carnis
679 1468 914 1548 recuperandae,
949 1468 1054 1531 itonam
1084 1489 1194 1551 cupere
1216 1471 1254 1533 de
1276 1490 1310 1534 ea

141 1568 268 1630 eradere.
302 1568 339 1630 Et
360 1587 417 1631 nos
440 1570 558 1648 quidem
582 1571 655 1631 baec
675 1570 823 1649 aliquanto
846 1569 1001 1631 honestius
1024 1588 1079 1650 pro
1102 1572 1162 1634 stili
1183 1572 1309 1652 pudore.

143 1667 272 1730 &terum
296 1678 437 1747 quantum
461 1670 548 1732 etiam
573 1670 802 1750 ¹⁸spurciloquio
817 1669 904 1731 liceat
916 1670 1035 1731 illorum
1050 1671 1081 1732 iu
1097 1672 1308 1751 congressibus

145 1768 316 1850 ”experire,
339 1778 398 1831 tam
422 1771 607 1834 ethnicorum
619 1790 715 1851 quam
739 1772 966 1836 baereticorum.
1009 1782 1012 1786 '

221 1870 313 1949 lgitur
336 1871 475 1949 quoniam
498 1882 528 1933 et
549 1873 640 1934 rudes
663 1874 771 1952 quique
800 1873 837 1933 de
860 1871 1066 1933 communibus
1088 1872 1184 1934 adbuc
1200 1872 1307 1935 sensi·
1327 1880 1417 1939 capr.

147 1967 195 2030 bns
215 1970 353 2050 sapiunt,
381 1981 412 2032 et
433 1972 513 2033 dubii
537 1981 567 2033 ct
589 1972 739 2053 simplices
766 1992 822 2053 per
844 1973 965 2035 eosdem
988 1991 1097 2035 sensus
1121 1972 1236 2035 ¹‹lenuo
1259 1974 1307 2036 in·

148 2068 318 2147 quietantur,
352 2081 383 2133 et
403 2072 513 2151 ubique
534 2073 665 2153 'primus
693 2074 751 2134 iste
779 2073 809 2134 in
839 2093 895 2136 nos
923 2074 1001 2136 aries
1030 2064 1228 2153 'temperatur
1248 2094 1308 2155 qno

149 2171 232 2233 camis
253 2170 391 2232 condicio
413 2173 602 2253 ‘quassatum
636 2174 806 2236 necessario
835 2184 865 2235 et
892 2193 907 2235 a
936 2174 1023 2236 nobis
1051 2175 1148 2236 carnis
1180 2176 1308 2256 primum

150 2271 271 2333 condicio
292 2272 459 2347 munietur,
481 2274 698 2353 vituperatione
719 2274 888 2335 lucidatione
910 2274 1043 2355 depulsa.
1072 2274 1116 2337 lta
1131 2294 1188 2337 uos
1203 2277 1309 2338 rbetu·

150 2370 224 2433 ritari
244 2391 364 2453 quoque
385 2384 549 2452 provocant
569 2374 724 2447 baeretici,
747 2376 825 2435 sicut
846 2375 952 2436 ⁵etiam
967 2375 1184 2455 philosophari.
1214 2376 1309 2439 Futile

152 2479 177 2531 et
193 2474 327 2536 frivolum
350 2475 428 2535 istud
451 2477 678 2555 corpusculum,
701 2475 781 2555 quod
804 2474 912 2536 malum
935 2476 1063 2555 denique
1086 2476 1233 2557 appellare
1248 2496 1309 2539 non

151 2569 277 2648 horrent,
301 2575 358 2636 etsi
380 2576 551 2654 angelorum
575 2577 682 2638 luisset
703 2576 856 2657 operatio,
884 2587 918 2638 ut
938 2577 1100 2639 Menandro
1123 2586 1153 2640 et
1173 2578 1308 2641 'Marco'

151 2671 255 2749 placet„
269 2675 328 2736 etsi
350 2675 428 2754 ignei
451 2677 575 2738 alicuius
592 2678 754 2738 exstructio
769 2695 863 2755 aeque
878 2678 990 2756 angeli,
1013 2689 1046 2740 ut
1057 2679 1174 2759 Apelles
1190 2676 1323 2755 ducet⁸,'

153 2775 288 2863 sufficeret
309 2776 346 2837 ad
368 2777 571 2838 auctoritatem
595 2778 691 2838 carnis
713 2777 897 2839 'secundae‘
919 2778 1080 2842 divinitatis
1101 2779 1309 2860 patrocinium.
1378 2831 1383 2838 .

152 2874 262 2956 Angelos
284 2886 356 2958 post
378 2877 466 2939 deum
489 2878 634 2940 novimus.
671 2880 738 2944 lam
754 2897 834 2940 nnnc
854 2878 1007 2959 ¹¹quisquis
1021 2881 1070 2944 ille
1085 2900 1220 2943 summus
1236 2881 1308 2945 deus

151 2972 274 3040 beretici
304 2977 446 3057 cuiusque
476 2988 538 3052 est,
573 2998 633 3039 non
661 2979 809 3055 immerito
838 2981 873 3041 ab
905 2981 971 3061 ips‘u
994 3001 1113 3062 quoque
1134 2983 1311 3045 deducerem

152 3081 235 3140 amis
257 3079 447 3158 dignitatem,
470 3100 485 3139 a
509 3099 567 3158 quo
591 3081 727 3141 voluntas
749 3082 958 3159 producendae
974 3083 1002 3142 ei
1017 3083 1171 3145 adfuisset.
1203 3083 1312 3164 Utique

152 3179 217 3242 enim
238 3179 444 3260 prohibuisset
465 3181 529 3240 fleri
553 3199 639 3258 qnam
662 3181 727 3242 lieri
751 3182 873 3254 scisset,
898 3181 924 3240 si
947 3182 1010 3242 beri
1032 3182 1190 3244 noluisset
1223 3183 1267 3245 lta
1282 3192 1313 3245 et

152 3281 301 3342 sanandum
326 3281 395 3341 illos
418 3300 510 3361 aeque
534 3301 603 3342 caro
626 3282 671 3342 dci
695 3300 753 3342 res.
787 3280 883 3341 'Nihil
906 3281 1007 3359 operis
1029 3300 1090 3342 non
1107 3281 1178 3342 'eius
1199 3283 1311 3362 estqui
1360 3314 1366 3322 ·

153 3463 184 3513 13.
199 3476 220 3515 et
238 3466 319 3527 (illic.
376 3466 413 3515 li.
432 3474 455 3516 et
473 3467 604 3516 omme
659 3467 697 3514 15.
717 3472 866 3516 revertentur
883 3467 908 3514 Α.
963 3464 1002 3515 iu.
1022 3463 1311 3528 superemineret.

151 3534 232 3584 Addidit
255 3537 357 3599 primunr
380 3537 408 3583 de
431 3537 481 3584 suis
504 3537 571 3584 tibris
591 3535 728 3596 Gunpneiur.
790 3533 829 3580 Π.
854 3533 986 3595 reoptauda
1014 3533 1038 3582 li.
1057 3533 1234 3582 tractarent.
1270 3545 1311 3580 rs-

152 3603 225 3660 ptaada
242 3604 269 3652 Δ.
305 3602 454 3665 redoptanda
472 3604 565 3665 reliqui.
613 3599 650 3650 18.
670 3600 836 3663 spurciloquio
855 3599 926 3649 liceat
938 3600 992 3651 ece.
1011 3607 1058 3649 tres
1071 3600 1180 3649 Vaticani.
1215 3598 1313 3662 spurci·

106 3666 108 3674 “
151 3665 244 3732 loquium
264 3670 336 3718 liceat
354 3686 376 3719 a.
411 3670 568 3731 spurciloquii
588 3668 715 3718 licentii.
761 3667 920 3730 spurciloquii
939 3667 995 3717 licet
1013 3669 1045 3728 d.,
1065 3682 1116 3718 euru
1132 3666 1213 3716 rnen
1228 3666 1311 3715 llrsiuo

152 3738 245 3802 tGasp.
264 3737 382 3800 Scioppio.
437 3736 475 3784 19.
495 3736 604 3799 experire
622 3752 671 3798 eqo.
707 3735 809 3799 experiri
829 3736 884 3784 libri
901 3750 987 3784 omnes.

206 3806 265 3868 Cap.
284 3804 309 3853 V.
355 3803 378 3854 1.
396 3804 656 3867 inquietantnrdenuo
676 3806 700 3853 Δ.
753 3801 776 3851 2.
795 3803 976 3865 primuslbcd.
1012 3803 1035 3852 in
1054 3800 1251 3866 primisrelr'qui.
1287 3798 1313 3851 3.

151 3881 293 3934 temperatur
310 3871 350 3935 qui
368 3873 393 3920 l.
446 3871 470 3919 l.
489 3879 616 3934 quassetur
633 3873 658 3920 A.
717 3870 740 3918 5.
759 3870 932 3933 uituperatione
956 3869 1093 3920 laudatione
1117 3867 1218 3932 depulsa
1235 3867 1314 3919 sata.

150 3939 314 3990 ticiniensi.
349 3939 548 4002 vituperationem
569 3939 705 3986 laudatione
722 3937 832 4000 depellas
851 3938 902 3988 bed.
949 3937 972 3986 5.
992 3938 1064 3987 etiarn
1083 3936 1162 3987 ond.
1203 3934 1228 3984 d.
1246 3948 1313 3985 ruar-

148 4004 218 4055 ciod.
253 4006 368 4056 liarcioni
387 4008 432 4056 duo
444 4006 554 4054 Vaticani.
607 4006 630 4054 7.
649 4004 732 4054 sedern
751 4005 777 4052 ll.
811 4005 944 4054 secundum
961 4005 1005 4054 dd.
1066 4003 1090 4054 8.
1108 4003 1212 4066 quisque
1230 4003 1271 4059 ills
1290 4009 1315 4053 st

147 4078 289 4123 nunaut.
335 4073 359 4122 9.
379 4073 436 4122 nibil
456 4089 503 4120 non
523 4081 568 4131 est,
587 4074 638 4121 eius
657 4077 727 4122 esta.
762 4072 825 4122 Nihil
845 4073 928 4143 operis
947 4086 995 4122 uon
1013 4080 1059 4133 est,
1077 4071 1177 4120 eluceat
1195 4071 1218 4120 d.
1253 4069 1313 4121 nibil

146 4141 221 4204 operis
238 4154 286 4190 uon
305 4149 343 4190 est
359 4142 383 4189 ll.
419 4141 482 4189 llilril
503 4142 584 4203 operis
602 4155 650 4190 non
669 4148 706 4189 est
724 4141 775 4188 eius
793 4157 816 4188 o.

173 4275 189 4323 l.
207 4274 238 4323 de
255 4275 436 4338 consequentiis
463 4270 554 4339 carnis]
583 4274 619 4323 ct.
638 4273 700 4322 inira
752 4273 924 4323 Tertullianus.
968 4270 1098 4320 Menander
1121 4269 1181 4320 illud
1198 4269 1314 4320 babuita

144 4357 193 4406 cap.
204 4341 246 4391 60.
265 4350 289 4392 et
307 4357 359 4404 cap.
371 4341 411 4390 61.
752 4341 861 4399 Simone,
879 4337 1099 4400 cuiusdiscipulus
1117 4338 1170 4386 luit.
1202 4337 1239 4388 Gi.
1257 4336 1314 4388 bdr.

172 4426 194 4473 g.
213 4407 371 4472 pulmonibus
397 4404 538 4472 natandum]
563 4407 701 4470 bletapbori
753 4408 844 4456 Omnes
863 4408 933 4457 llaec.
951 4420 1004 4468 cap.
1020 4405 1044 4454 l.

140 4477 170 4526 ds
206 4477 344 4534 branchiis,
380 4476 582 4539 quemadmodum
612 4476 701 4553 budor.
787 4509 810 4557 h.
835 4515 860 4555 m
884 4506 980 4567 Amne.
1004 4502 1087 4568 dom]
1113 4505 1151 4556 m,
1179 4498 1216 4555 no·
1236 4505 1315 4555 cnm

137 4547 169 4595 ds
188 4543 211 4593 la
232 4543 307 4593 Cerda
327 4551 418 4603 censet,
443 4543 479 4591 rel
497 4542 527 4591 de
545 4543 658 4600 bruchus,
679 4540 701 4590 rd
755 4574 812 4624 Chr*
836 4590 889 4637 cap·
906 4573 930 4623 8·
967 4573 1000 4621 ⁰0
1023 4572 1186 4638 ”3th
1203 4571 1244 4622 2³.
1280 4571 1315 4621 ne

136 4612 285 4690 estpiunis,
313 4610 571 4688 piscium-desumpta,
600 4623 703 4672 quarum
755 4641 864 4691 praem·
884 4642 977 4690 flunt
997 4638 1098 4705 ΨΜ

136 4680 229 4731 srmrlrs
238 4686 275 4728 est
289 4687 369 4729 motus
379 4685 538 4741 reciprocatur
552 4677 703 4741 pulmonum.

173 4747 235 4810 Cap.
253 4746 278 4792 v.
323 4761 345 4796 a.
370 4753 396 4794 ut
422 4745 551 4794 Menandro
577 4752 601 4793 et
622 4744 703 4793 ttarco
788 4757 809 4791 c.
827 4739 961 4806 secundae]
987 4741 1013 4791 ld
1031 4748 1069 4792 est
1085 4739 1252 4798 aecundarlas,
1270 4750 1315 4786 au-

134 4807 234 4882 placet]
252 4813 332 4864 llarco
351 4813 419 4863 solus
438 4813 509 4862 tradit
528 4813 573 4861 boc
588 4811 702 4876 placitum
753 4810 872 4873 reiorum.
