3242 5775
292 675 354 739 tta
512 691 517 701 ¹
547 687 650 740 aarum
671 685 802 730 saaraim
823 684 987 729 scamaras
1010 682 1208 727 ranruaaurn

290 839 329 903 tis
350 837 584 899 'detinebamun
633 837 736 915 ltaque
764 835 929 897 necessitas
957 834 1045 895 uobis
1074 832 1216 895 incumbit
1243 843 1294 906 ut,
1323 835 1465 915 ,quoniam

289 939 503 1020 'praedicatam
526 955 634 999 novam
655 937 750 1015 legem
779 955 797 997 a
819 935 974 1015 prophetis
1003 936 1218 1023 praediximus,
1248 935 1297 996 ‘et
1321 954 1388 997 eam
1411 954 1465 997 nou

292 1041 379 1103 tatem
401 1040 496 1119 quatis
519 1039 576 1100 iarn
598 1011 685 1099 ⁹data
707 1045 789 1099 esset
809 1037 944 1117 patribus
968 1055 1072 1099 eorum
1095 1056 1131 1098 eo
1155 1045 1290 1115 tempore
1321 1055 1382 1115 quo
1418 1056 1464 1098 eos

291 1142 328 1204 de
350 1150 429 1203 terra
450 1140 571 1220 Aegypti
593 1139 747 1219 produxit,
781 1138 942 1199 ostendere
973 1146 1002 1198 et
1029 1138 1157 1217 probare
1189 1138 1384 1199 ¹⁰dcbeamus
1414 1146 1465 1199 tam

289 1242 384 1322 legem
405 1241 484 1303 iiiam
505 1249 636 1303 veterem
659 1257 796 1302 cessasse
818 1256 906 1318 quam
927 1238 1023 1317 legem
1055 1257 1162 1299 novam
1184 1239 1370 1317 promissam
1395 1257 1467 1300 nuno

291 1345 418 1424 operari.
461 1342 499 1403 Et
525 1342 645 1421 quidem
672 1341 831 1421 ¹¹primum
859 1339 1077 1418 quaerendum,
1111 1359 1148 1401 an
1177 1348 1349 1418 expectetur
1377 1358 1465 1401 novae

289 1444 478 1524 legislator,
512 1452 542 1504 et
568 1442 638 1503 novi
665 1440 835 1503 testamenti
864 1440 986 1513 haeres,
1020 1449 1050 1501 et
1080 1459 1224 1502 uovorum
1253 1440 1465 1503 sacrificiorum

290 1544 447 1617 sacerdos,
481 1553 512 1604 et
532 1561 625 1605 norae
647 1541 883 1604 circumcisionis
906 1550 1048 1621 purgator
1076 1552 1105 1602 et
1126 1542 1237 1603 aeterni
1262 1541 1381 1603 sabbati
1406 1544 1464 1604 aad·

245 1705 248 1713 ,
290 1656 349 1721 tor,
371 1645 422 1726 qui
443 1645 538 1723 legem
553 1652 683 1705 veterem
698 1650 878 1722 compescat,
900 1654 931 1704 et
953 1642 1089 1704 ¹²novum
1112 1652 1323 1704 testamentum
1348 1653 1465 1714 statuat,

292 1747 349 1810 ¹³et
375 1764 453 1806 nore
480 1744 622 1806 sacrificia
652 1745 774 1816 afferat,
808 1751 839 1804 et
866 1744 1051 1806 ceremonias
1080 1744 1216 1823 antiquas
1244 1745 1409 1824 reprimat,
1441 1752 1467 1806 et

290 1847 547 1910 cirosmcisionem
568 1853 700 1907 veterem
722 1863 789 1905 cum
812 1862 868 1906 suo
884 1843 941 1906 sibi
957 1844 1080 1906 sabbato
1095 1854 1278 1924 compescat,
1304 1855 1335 1906 et
1357 1864 1466 1906 navum

290 1966 425 2028 regnum,
448 1946 527 2026 qnod
550 1964 612 2006 non
633 1952 852 2024 corrumpatur,
874 1943 1038 2007 adnuntiet.
1076 1945 1167 2018 “tttc
1192 1945 1351 2025 ¹⁵inquam,
1377 1965 1466 2008 novae

289 2049 475 2128 legislator,
503 2046 618 2109 sabbati
646 2045 788 2125 spiritalis
818 2046 929 2120 cultor,
963 2046 1173 2108 sacrificiorum
1197 2056 1393 2109 aeternorum
1416 2068 1466 2109 an·

291 2148 394 2221 tietes,
426 2147 509 2227 regui
531 2146 645 2208 aeterni
667 2155 807 2208 aeternus
830 2146 1017 2220 dominator,
1046 2147 1248 2227 quaerendum
1271 2167 1309 2209 an
1333 2148 1395 2209 iam
1418 2168 1466 2210 ve·

289 2248 369 2310 uerit
391 2248 474 2310 ¹⁸uec
494 2266 548 2321 ne,
571 2248 650 2321 ¹⁷ut‚
672 2248 698 2309 si
720 2250 778 2310 iam
799 2248 895 2321 veuit,
917 2248 1106 2309 serviendum
1129 2249 1195 2309 ¹⁸sit
1210 2249 1266 2321 illi,
1290 2250 1318 2310 si
1341 2251 1467 2312 necdum

290 2349 386 2436 venit,
410 2348 604 2411 sustinendus
627 2349 723 2420 ¹⁰sit·,
751 2348 913 2411 dummodo
942 2349 1160 2411 ”manifestum
1188 2350 1228 2410 sit
1249 2350 1381 2413 adventu
1406 2352 1465 2413 eius

291 2450 447 2530 comprimi
468 2450 543 2529 legis
566 2450 676 2512 veteris
696 2459 871 2530 praecepta,
895 2458 926 2511 et
945 2449 1047 2511 ”oriri
1071 2451 1178 2511 debere
1201 2452 1394 2531 novaelegis
1416 2472 1466 2514 ex·

290 2550 384 2613 ordia.
429 2550 467 2611 tta
487 2552 519 2612 in
539 2551 645 2630 primis
674 2549 875 2614 definiendum
904 2560 952 2613 est
979 2570 1040 2612 nou
1068 2552 1202 2631 potuisse
1230 2571 1351 2613 cessare
1374 2556 1467 2632 legem

118 2719 122 2727 .
289 2650 439 2731 antiquam
462 2657 493 2711 et
513 2653 677 2731 propbetas
700 2652 757 2713 nisi
780 2652 914 2713 venisset
942 2652 969 2714 is
997 2653 1047 2731 qui
1077 2672 1131 2732 per
1159 2654 1281 2715 eandem
1310 2655 1410 2733 legem
1439 2664 1466 2716 et

182 2729 187 2740 ⁸
290 2768 344 2830 per
365 2750 488 2812 eosdem
510 2752 672 2832 propbetas
693 2760 836 2815 venturus
858 2753 1094 2815 adnuntiabatur.

162 2857 281 2921 capsa.»
373 2851 466 2931 igitur
488 2852 519 2914 in
540 2853 600 2915 isto
623 2854 744 2933 gradum
768 2854 1005 2925 ¹consensuum,
1031 2874 1069 2917 an
1092 2855 1141 2934 qui
1163 2865 1306 2918 venturus
1328 2856 1463 2920 ’adnun-

289 2951 419 3014 tiabatur
441 2952 578 3015 Christus
601 2955 658 3015 iam
681 2954 828 3028 'venent,
851 2973 888 3017 aa
909 2965 1052 3018 venturus
1074 2957 1170 3040 adbuc
1192 2968 1341 3036 speretur.
1379 2958 1464 3032 Quod

276 3053 387 3133 ripsum
416 3062 449 3114 ut
474 3053 595 3133 probari
622 3055 737 3134 possit,
772 3056 879 3118 ⁴etiam
909 3064 1043 3137 tempora
1072 3067 1143 3119 sunt
1169 3059 1257 3119 nobis
1285 3060 1465 3139 requirenda

289 3154 409 3233 quando
431 3163 586 3218 venturum
602 3155 752 3218 Christum
774 3158 939 3236 prophetae
961 3158 1224 3229 adnuntiaverunt,
1248 3168 1296 3232 ut,
1321 3161 1348 3221 si
1372 3161 1464 3221 ‘intra

287 3254 345 3316 ista
367 3263 501 3335 tempora
522 3256 801 3336 ⁶recognorerimus
824 3259 942 3320 venisse
963 3278 1047 3331 eum,
1071 3260 1136 3320 sine
1158 3259 1248 3320 dubio
1271 3260 1373 3340 ipsum
1396 3280 1464 3324 esse

286 3406 575 3460 cessissemusne.
598 3411 669 3461 Vatia.
704 3410 881 3470 detinebamur,
903 3412 1007 3460 oriretur
1024 3411 1114 3461 iumen.
1135 3412 1189 3462 Bab.
1225 3412 1397 3464 detinebamur
1416 3413 1462 3464 ori·

286 3482 354 3525 retur
370 3470 402 3536 λ,
420 3477 446 3526 ia
464 3478 556 3526 scbedis
574 3494 588 3527 a
605 3478 643 3527 Fr.
651 3479 716 3528 iunio
734 3480 842 3541 culpatis.
870 3479 916 3528 Sed
934 3481 1059 3529 secandum
1077 3481 1173 3529 schedas
1186 3482 1260 3543 ipsias
1271 3482 1460 3547 desp-trimi,

287 3557 346 3608 euos
362 3558 436 3607 osque
453 3546 523 3595 bodie
546 3552 694 3595 osseraoatar
716 3547 741 3595 ia
764 3548 903 3596 bibiiotbeca
927 3547 1051 3597 seminarii
1067 3549 1170 3597 Patavini
1193 3550 1264 3605 tunde
1286 3553 1363 3611 partis
1388 3565 1463 3599 aaran

287 3614 443 3674 apopropbam
460 3614 622 3662 transmissam
639 3615 670 3662 ad
687 3628 723 3662 sae
746 3614 818 3664 debeo
842 3616 941 3663 catanae
965 3617 1103 3664 humanitati
1130 3616 1340 3664 eruditissimorum
1363 3621 1463 3668 airam

285 3677 379 3741 dosspbi
398 3679 543 3728 Voieatineiii
561 3686 582 3729 ei
601 3680 716 3731 Dominici
732 3680 860 3741 Barbarae,
881 3681 940 3732 dibi.
959 3683 1083 3731 Semiaosii
1100 3683 1203 3731 Patavini
1221 3690 1241 3730 et
1260 3684 1320 3734 dibi.
1339 3685 1375 3734 St.
1393 3686 1463 3734 ttae

287 3746 349 3808 opud
362 3746 455 3796 Venetos
466 3746 595 3809 staesectt.)
613 3750 637 3796 ia
648 3743 672 3797 λ.
685 3750 863 3799 desiderabatur
873 3756 995 3813 atramque
1007 3752 1150 3809 vocabalum,
1171 3757 1191 3799 ot
1210 3750 1316 3799 oriretur
1335 3759 1356 3800 et
1375 3753 1461 3801 iumen.

286 3808 309 3859 i.
329 3812 476 3875 praedictam
494 3807 517 3860 λ.
558 3814 601 3863 rm
626 3815 722 3877 quaudo
739 3818 765 3864 ia
782 3817 807 3864 t.
827 3822 889 3865 extat
908 3818 1039 3880 quomodo.
1098 3816 1121 3866 8.
1148 3824 1171 3866 et
1194 3831 1247 3865 eam
1272 3832 1320 3866 non
1340 3819 1414 3869 talem
1431 3815 1460 3880 b,

285 3893 331 3927 sec.
348 3881 426 3929 scbed.
446 3880 521 3929 Potae.
562 3887 586 3929 et
603 3888 652 3929 non
677 3882 749 3931 tatem
768 3884 818 3933 bcd.
860 3898 913 3932 earn
932 3893 955 3932 et
974 3898 1022 3932 nou
1046 3884 1101 3933 tatis
1119 3885 1178 3934 aaa.
1238 3884 1263 3934 9.
1282 3893 1348 3935 esset
1367 3887 1462 3937 datad.

287 3943 326 3993 id.
344 3945 461 3996 debemus
478 3948 504 3996 A.
550 3946 589 3995 ii.
609 3948 713 4010 primam
730 3944 753 4000 λ.
789 3951 900 4014 inprimis
917 3953 1010 4016 reliqui.
1053 3950 1091 4000 12.
1111 3966 1197 4000 aarum
1215 3945 1283 4002 ttae.
1319 3963 1388 4004 vetus
1406 3955 1461 4004 Ado.

287 4009 326 4060 1³.
344 4021 369 4061 et
386 4029 430 4063 osa.
449 4008 536 4070 (dibcd.
596 4014 634 4064 ld.
661 4015 698 4080 iiii
722 4017 902 4067 nartvttata
926 4019 1056 4068 cuutstt.
1093 4019 1245 4068 tuvnntvs
1271 4020 1388 4070 PutttVS.
1422 4023 1463 4072 iiic

283 4077 338 4136 (iiic
356 4093 410 4128 uam
429 4079 465 4137 B.)
491 4075 580 4138 (ltdob.
629 4083 667 4131 DE
693 4083 871 4135 nativitate:
898 4086 1018 4136 ettutstt
1048 4087 1086 4135 ΕΤ
1110 4087 1246 4136 auvuntv
1270 4087 1336 4138 Eii'S
1361 4089 1461 4138 Putea.

283 4144 387 4196 Nemd.
438 4146 659 4201 testinantes.
707 4151 745 4201 16.
766 4165 795 4200 en
814 4149 1033 4216 noenetiitiiab.
1086 4155 1123 4202 tt.
1145 4149 1209 4203 uti.
1245 4155 1273 4203 Et
1290 4157 1386 4220 retipa'a
1424 4154 1460 4205 [8.

284 4212 316 4260 sit
332 4207 355 4260 λ.
391 4216 538 4280 estseiiqai.
593 4217 632 4268 ts.
650 4219 681 4266 sit
699 4212 721 4269 λ.
757 4221 903 4285 estreiiqoi.
957 4221 997 4270 20.
1018 4223 1170 4271 manifestum
1190 4223 1221 4270 sit
1239 4224 1340 4271 adveatu
1358 4226 1462 4281 (itaba-

284 4280 337 4328 beat
354 4282 453 4331 schedae
464 4284 531 4347 Gasp.
543 4285 739 4349 Scioppiii'otoo.,
759 4294 783 4336 at
800 4289 939 4338 iaiauiaais
955 4290 1185 4352 tepitaradveutumi
1204 4292 1255 4338 eius
1275 4292 1405 4354 comprimi
1423 4286 1460 4340 id.

284 4346 426 4397 manifestae
450 4351 481 4399 sit
505 4352 619 4401 adtentos
643 4354 695 4402 eins
715 4355 877 4417 comprimere
900 4359 964 4413 (carm
991 4359 1083 4420 primae
1102 4357 1126 4406 B.
1156 4358 1304 4421 comprimaa
1323 4360 1359 4416 A.)
1382 4360 1460 4419 satie

282 4416 425 4476 marpiabc.
478 4416 519 4466 21.
538 4421 596 4468 oriri
614 4415 636 4468 λ.
672 4424 769 4484 operari
786 4424 880 4486 reiiqai.

350 4481 407 4544 Cap.
428 4483 473 4532 vtt.
519 4486 540 4533 1.
568 4501 726 4537 conseramus
742 4484 765 4536 λ.
807 4491 961 4556 conferamus
984 4493 1076 4555 reiiqai.
1121 4493 1162 4541 Pro
1186 4492 1286 4553 gradum
1313 4496 1338 4543 ia
1364 4495 1409 4544 ΑΒ.
1426 4500 1482 4544 est*

281 4548 365 4610 gradu.
418 4549 441 4598 2.
460 4551 617 4603 adnuntiabat
633 4556 687 4615 (sic)
705 4555 817 4606 Christos
834 4551 857 4606 λ.
893 4558 1004 4607 Christus
1022 4560 1209 4609 adnuntiabatur
1233 4561 1310 4619 Adtia
1328 4578 1411 4624 usurp,
1430 4575 1458 4610 cs

280 4616 451 4680 Birsaapieasi,
471 4626 496 4666 ot
511 4619 621 4683 patoicd.
644 4623 712 4672 Vatic.
755 4631 792 4672 est
810 4624 921 4674 Christus
939 4628 995 4676 Bab.
1057 4626 1080 4675 3.
1106 4628 1168 4676 venit
1191 4631 1216 4676 Α.
1275 4628 1299 4677 4.
1320 4639 1344 4678 et
1362 4633 1387 4680 Δ.
1433 4629 1456 4679 b.

282 4680 383 4735 terret
419 4685 444 4734 ia
461 4687 554 4751 reliqui.
607 4688 631 4738 6.
650 4692 834 4752 recognovimus
851 4693 877 4742 A.

313 4816 372 4881 Gap.
390 4818 427 4868 vt.
469 4835 491 4869 a.
514 4822 733 4889 sasdaeudassitl
759 4823 843 4877 idest
927 4827 1047 4890 Capiti.
1076 4845 1097 4879 a.
1116 4829 1217 4891 gradum
1236 4827 1409 4898 conseramus]
1426 4830 1458 4881 Es

280 4885 449 4947 expectandus.
893 4897 1034 4945 auctoritate
1053 4898 1181 4947 fuidensis
1200 4900 1254 4949 libri
1276 4900 1386 4963 expressi
1405 4915 1460 4950 cos·
