3242 5775
320 641 383 705 690
559 603 662 701 odiunt
685 645 816 691 serrum
838 642 1004 686 ruonsnrts
1028 631 1227 684 TERTULLlAlss

318 821 406 887 quam
429 796 640 864 ¹⁶substantiva
661 813 727 867 res,
757 811 817 854 non
840 791 896 854 erit
919 789 1011 871 ¹'ipse
1040 790 1132 860 deus,
1164 787 1218 850 sed
1245 788 1397 854 haetenus
1421 795 1495 860 deus.

282 939 284 966 l
320 905 403 985 ''qua
426 900 580 980 exipsius
604 897 650 958 dei
673 893 855 965 substantia,
890 891 974 970 ¹'qua
998 899 1027 952 et
1055 890 1268 951 ”substantiva
1300 910 1352 954 res
1384 906 1449 970 est,
1475 912 1497 963 et

318 1013 353 1068 ut
372 1002 472 1084 portio
494 1000 589 1078 aliqua
612 998 715 1059 totius.
759 994 850 1055 llulto
873 992 965 1071 magis
987 991 1081 1052 virtus
1103 990 1242 1052 altissimi
1270 1009 1336 1053 non
1360 997 1421 1060 erit
1441 1000 1498 1080 ipse

318 1104 495 1176 altissimus,
517 1101 537 1136 ²¹
546 1100 613 1181 quia
635 1117 692 1160 nec
713 1095 898 1158 substantiva
920 1112 970 1155 res
993 1102 1054 1165 est,
1078 1092 1156 1173 quod
1180 1101 1227 1153 est
1248 1093 1394 1173 spiritus,
1429 1105 1498 1167 sicut

286 1249 288 1254 -
318 1224 375 1269 nee
396 1203 555 1283 sapientia,
573 1212 633 1260 'nec
653 1195 857 1277 providentia3
880 1203 910 1256 et
930 1195 1003 1256 baec
1025 1194 1103 1255 enim
1126 1193 1311 1254 substantiae
1334 1211 1401 1255 non
1425 1201 1498 1264 sunt

287 1275 293 1374 l
319 1306 372 1369 sed
401 1303 564 1367 accidentia
593 1288 1047 1377 uniuscuiusque'substantine.
1103 1294 1201 1356 Virtus
1235 1294 1357 1373 spiritui
1388 1293 1497 1366 accidit,

236 1427 244 1442 ²
297 1382 375 1469 'n'ee
395 1405 461 1484 ipsa
483 1402 540 1463 erit
561 1399 696 1479 spiritus.
740 1397 794 1458 llis
818 1397 916 1476 itaque
939 1395 1046 1468 rebus,
1068 1394 1296 1475 ”quodcunque
1320 1404 1414 1468 sunt,
1441 1395 1497 1474 spi·

318 1506 379 1568 ritu
400 1502 447 1565 dei
470 1512 501 1563 et
521 1518 662 1562 sermone
685 1509 715 1559 et
736 1499 860 1571 virtute,
895 1496 1020 1558 conlatis
1050 1495 1080 1555 in
1103 1496 1265 1574 virginem,
1299 1496 1383 1575 quod
1410 1496 1448 1557 de
1470 1514 1498 1557 er

318 1603 466 1676 nascitur,
489 1600 567 1662 lilius
584 1599 631 1660 dei
647 1606 709 1661 est·
740 1597 834 1659 ¹³Hoc
855 1617 889 1659 se
912 1605 942 1658 ct
964 1597 994 1658 in
1017 1597 1085 1658 istis
1107 1596 1267 1674 evangeliis
1290 1596 1359 1676 ipse
1374 1604 1499 1658 testatur

178 1730 305 1781 noenu.
319 1704 419 1768 statim
443 1722 459 1764 a
481 1720 585 1782 puero.
629 1699 696 1761 Non
724 1699 823 1771 scitis,
857 1698 968 1778 inquit,
1002 1697 1080 1776 quod
1108 1697 1138 1757 in
1160 1696 1253 1775 patris
1276 1697 1336 1759 mei
1361 1716 1411 1759 me
1435 1717 1498 1761 esse

188 1846 192 1856 ·
217 1797 301 1900 ,¹2¹3
320 1800 462 1886 oportet?
499 1802 564 1863 Hoc
585 1808 615 1861 et
635 1809 754 1861 satanas
777 1817 844 1858 eum
868 1798 896 1859 in
913 1798 1157 1877 temptationibus
1173 1797 1269 1858 novit:
1294 1798 1328 1859 Si
1351 1799 1433 1861 filius
1456 1799 1499 1861 dei

179 1898 365 1992 ''ffflffles
405 1904 470 1965 Hoc
490 1902 550 1963 ²⁴et
571 1900 676 1962 exinde
697 1898 853 1961 daemonia
875 1899 1070 1961 confitentur:
1099 1899 1215 1960 Scimus
1245 1898 1296 1977 qui
1326 1899 1389 1972 sis,
1425 1899 1499 1960 filius

200 1998 379 2092 v}'¹}¹·²⁹·dei.
418 2004 536 2065 Patrem
564 2010 592 2062 et
620 2001 686 2080 ipse
713 2000 827 2067 adorat.
871 1999 1021 2061 Christum
1051 2018 1084 2059 se
1112 1998 1159 2059 dei
1187 2018 1203 2059 a
1226 1999 1315 2059 Petro
1339 1998 1500 2079 ²‘agnitum

160 2083 163 2089 ¹
215 2059 382 2193 ¹{friqpuon
396 2112 494 2183 negat.
526 2101 704 2163 ”Insultans
726 2101 758 2161 in
780 2100 886 2179 spiritu
908 2100 944 2161 ad
965 2108 1096 2180 patrem,
1121 2098 1286 2172 Confiteor,
1310 2099 1427 2179 inquit,
1450 2100 1500 2161 tibi

258 2179 265 2201 ⁹
318 2213 421 2287 peter,
454 2203 534 2283 quod
557 2200 750 2264 absconderis
772 2200 845 2262 baec
871 2219 888 2261 a
911 2200 1104 2279 sapientibus.
1156 2200 1210 2260 llic
1237 2218 1358 2280 quoque
1386 2210 1500 2280 patrem

157 2304 434 2384 'unriuxmuemini
455 2306 565 2365 notum
581 2302 640 2364 nisi
668 2301 728 2362 lilio
756 2301 899 2374 affirmat,
933 2309 964 2362 et
989 2301 1112 2380 ”patris
1140 2300 1230 2362 lilium
1258 2300 1500 2365 ²'consessurum

319 2406 509 2470 confessores
533 2412 562 2465 et
583 2402 785 2481 ”negaturum
809 2410 967 2481 negatores
991 2420 1064 2462 suos
1087 2402 1163 2480 apud
1185 2410 1317 2482 patrem,
1353 2403 1499 2467 inducens

165 2497 307 2602 nffffi
319 2504 489 2586 parabolam
511 2503 665 2581 filii,·non
686 2503 795 2582 patris,
819 2502 849 2563 in
872 2503 986 2564 vineam
1010 2502 1093 2563 missi
1115 2511 1185 2582 post
1200 2502 1314 2581 aliquot
1328 2522 1448 2577 servos,
1472 2513 1500 2566 et

195 2599 304 2699 ¹233
318 2603 411 2666 occisi
433 2601 555 2663 amalis
577 2602 713 2673 rusticis,
743 2612 774 2663 et
793 2622 809 2663 a
832 2610 916 2682 patre
938 2602 1070 2675 dolensi,
1104 2603 1244 2681 ignorans
1273 2612 1303 2665 et
1330 2603 1400 2683 ipse
1421 2606 1499 2668 diem

315 2710 350 2776 et
370 2704 475 2765 boram
497 2702 628 2763 ultimam
652 2702 708 2764 soli
731 2703 807 2781 patri
830 2712 946 2776 notam,
970 2703 1135 2783 disponens
1157 2722 1280 2782 regnum
1303 2704 1498 2785 ”discipulis

203 2780 306 2902 x'xlqpfg·
320 2801 472 2883 quomodo
495 2809 525 2863 et
546 2801 604 2863 sibi
626 2801 805 2881 dispositum
822 2802 892 2863 dicit
912 2811 1042 2882 epatre,
1066 2803 1177 2864 habens
1198 2814 1379 2883 potestatem
1403 2806 1498 2887 legio·

197 2901 305 3001 ¹23,le
319 2922 375 2967 uos
397 2903 568 2982 angelorum
590 2901 761 2980 postulandi
783 2902 820 2963 ad
842 2901 981 2963 auxilium
1005 2923 1020 2964 a
1043 2913 1126 2982 patre
1148 2904 1174 2965 si
1196 2905 1304 2979 velletp
1329 2907 1498 2970 exclamans

188 3000 307 3093 ΠΜ·
322 3002 402 3084 quod
425 3022 458 3065 se
481 3002 554 3063 deus
576 3000 760 3081 reliquisset,
794 3002 825 3063 in
854 3002 947 3082 patris
975 3005 1110 3067 manibus
1140 3006 1276 3084 spiritum
1299 3025 1437 3085 ponens,
1472 3017 1501 3072 et

193 3100 306 3195 RQ·
320 3111 391 3185 post
412 3102 662 3178 resurrectionem
685 3101 837 3180 spondens
860 3102 1021 3165 missurum
1044 3124 1077 3167 se
1096 3106 1248 3184 discipulis
1264 3108 1499 3186 promissionem

178 3201 308 3303 nffiffig·
321 3203 432 3285 patris,
462 3213 492 3265 et
512 3202 675 3264 novissime
697 3202 840 3266 mandans
864 3211 896 3264 ut
918 3204 1084 3282 tinguerent
1112 3207 1142 3267 in
1165 3215 1277 3285 patrem
1301 3209 1448 3271 etlilium
1471 3219 1500 3272 et

320 3304 458 3386 spiritum
481 3313 632 3375 sanctum,
666 3321 726 3363 non
749 3304 779 3363 in
808 3322 910 3364 unum.
960 3305 1033 3367 Nam
1062 3326 1117 3377 nec
1144 3309 1251 3380 semel,
1284 3309 1338 3371 sed
1366 3321 1428 3383 ter,
1462 3310 1499 3373 ad

285 3440 290 3451 ·
317 3404 432 3485 singula
455 3405 575 3466 nomina
598 3405 628 3465 in
650 3420 797 3485 personas
819 3403 950 3483 singulas
974 3405 1144 3485 tinguimur.

168 3526 312 3585 capum.
402 3504 441 3565 Et
466 3505 536 3585 quid
565 3523 620 3584 ego
649 3504 677 3565 in
707 3512 766 3566 tam
797 3505 978 3567 'manifestis
1007 3506 1178 3578 ’morabor,
1217 3527 1282 3569 cum
1312 3527 1348 3570 ea
1376 3511 1498 3591 aggredi

318 3605 440 3668 debeam
463 3606 501 3666 de
523 3606 630 3686 quibus
652 3606 807 3667 manifesta
841 3605 1018 3667 obumbrare
1047 3607 1215 3686 quaeruut?
1259 3609 1394 3690 Undique
1418 3613 1498 3674 enirn

319 3705 438 3767 obducti
461 3705 514 3768 'de
534 3704 742 3767 distinctione·
763 3705 856 3785 patris
880 3715 910 3766 et
932 3706 999 3778 lilii,
1022 3726 1110 3787 quam
1131 3718 1270 3771 manente
1285 3711 1497 3775 coniunctione

318 3805 523 3886 disponimus,
556 3813 589 3864 ut
616 3805 690 3867 solis
718 3814 749 3866 et
774 3805 848 3867 radii
876 3814 906 3867 et
928 3807 1018 3869 sontis
1047 3816 1077 3870 et
1098 3809 1195 3880 llurii,
1228 3827 1283 3889 per
1310 3811 1495 3876 individuum

318 3911 416 3965 tamen
437 3921 595 3965 numerum
616 3904 743 3966 duorum
767 3914 797 3967 et
818 3906 923 3979 bium,
948 3906 1033 3969 aliter
1051 3927 1114 3970 eam
1137 3910 1174 3970 ad
1196 3928 1279 3972 suam
1301 3910 1496 3976 nibilominus

242 4092 251 4109 ·
321 4086 359 4137 ts.
378 4088 513 4137 substantia
530 4088 556 4138 t.
574 4091 639 4140 [κὶα.
700 4091 1088 4156 superponebatur.
1151 4095 1189 4145 18.
1216 4112 1262 4161 qna
1281 4098 1396 4149 latinius.
1439 4101 1494 4164 qnia

321 4155 376 4204 libri
393 4164 506 4205 ome·
535 4155 572 4206 to.
592 4171 638 4220 qna
658 4165 681 4206 et
699 4159 731 4219 d,
752 4175 802 4208 eum
820 4159 901 4209 Fulvio
912 4161 1003 4210 Ursino.
1039 4176 1100 4226 quse
1119 4171 1142 4212 et
1158 4163 1245 4214 Adule.
1265 4165 1328 4215 leid.
1374 4165 1415 4216 20.
1435 4167 1493 4216 sub·

316 4222 447 4271 stantial.
466 4223 531 4273 beid.
584 4223 625 4274 21.
645 4226 699 4288 qnia
717 4227 803 4276 lutea.
839 4228 879 4290 qni
899 4227 924 4277 u.
943 4229 1008 4278 leid.
1030 4273 1033 4277 ,
1052 4228 1093 4277 22.
1112 4240 1266 4295 quotcunque
1283 4249 1306 4281 u.
1347 4231 1389 4282 2³.
1408 4235 1428 4282 si
1448 4235 1493 4284 boe

318 4304 346 4338 se
363 4287 406 4337 AB.
426 4291 489 4340 leid.
543 4290 583 4341 tt.
602 4301 626 4342 et
643 4295 721 4342 om.A.
740 4293 803 4343 leid.
846 4292 887 4343 25.
907 4296 1028 4357 cognitum
1046 4299 1071 4346 l.
1090 4298 1153 4346 leid.
1197 4298 1238 4347 26.
1258 4298 1490 4363 existimantem,

220 4358 222 4362 '
316 4364 337 4405 et
359 4354 518 4407 delicatiorum
535 4375 603 4409 cous.
657 4357 697 4408 tt.
715 4361 777 4423 puri
796 4365 821 4410 Α.
841 4362 905 4411 Leid.
956 4361 997 4412 28.
1017 4365 1173 4415 confessurus
1191 4367 1255 4416 leid.
1287 4365 1343 4416 ‚to
1362 4376 1492 4430 negeturne

317 4424 345 4473 Δ.
365 4423 428 4472 Leid.
481 4423 522 4473 30.
541 4426 716 4492 discipulorum
734 4429 759 4477 l.
778 4429 842 4478 leid.
1452 4441 1457 4451 “

384 4490 443 4553 Cep.
462 4491 549 4543 xxvu.
586 4495 912 4545 1.nmitesutisu.teid.
964 4495 1267 4550 enumerantem.
1303 4515 1387 4552 moror
1398 4503 1490 4568 reliqui.

316 4555 340 4607 3.
359 4557 389 4606 de
407 4556 561 4608 distinetione
579 4576 628 4624 ego.
664 4561 819 4619 distinctione
836 4563 922 4614 Bodcd.
957 4564 1134 4616 distinctionem
1152 4569 1177 4617 l.
1197 4569 1261 4617 leid.

349 4690 408 4753 Cap.
427 4689 513 4740 xxvii.
563 4706 585 4742 ι.
610 4693 706 4757 obdnqti
735 4696 765 4745 de
791 4697 878 4747 distin·
930 4697 1000 4747 verbi
1027 4701 1140 4751 obducere
1166 4665 1228 4765 apud
1248 4702 1423 4752 Tertullianum
1441 4705 1490 4752 lere

315 4753 467 4823 ctiooaljtr
486 4759 609 4808 emendari
628 4763 711 4811 vocula
730 4765 759 4813 de
776 4766 878 4828 repetita
930 4778 976 4828 pro
1008 4771 1141 4823 conciscere
1169 4769 1204 4817 rel
1236 4774 1355 4831 confutare
1383 4771 1489 4834 usurpati

314 4835 341 4872 er
360 4823 446 4876 initiali
472 4826 622 4890 insequentis
645 4830 753 4880 vocabuli
777 4832 878 4894 syllaba.
931 4834 1039 4898 exempla
1058 4835 1145 4896 collegi
1164 4835 1462 4900 superoccupat.
1521 4914 1527 4924 .
