3242 5775
266 547 329 611 592
518 561 621 614 numni
644 560 775 603 snrrmu
797 559 963 604 rconnurvs
986 547 1183 603 rsnrucnvm

265 713 295 775 in
318 711 471 781 Timaeot,
503 710 583 789 quod
607 709 780 790 “genimina
809 708 857 770 dei
879 708 1010 788 delegata
1032 708 1090 771 sibi
1113 707 1287 772 mortalium
1307 709 1421 789 genituro
1497 767 1509 780 Γ

264 821 385 893 accepto
407 810 491 872 initio
514 812 629 873 animae
651 811 808 872 immortali
826 811 949 871 mortale
972 810 1000 871 ei
1021 810 1297 890 circumgelaverint
1316 829 1422 890 emptu
1487 840 1529 880 aa

265 921 328 975 tum
350 912 430 992 quod
451 913 580 973 mundus
603 912 652 973 bic
673 911 770 990 imago
792 911 832 973 sit
853 911 975 973 alterius
1004 911 1136 972 alieuius.
1182 911 1267 985 Quae
1289 911 1424 973 omniaut
1487 939 1501 982 q

264 1013 333 1076 fidei
355 1014 556 1085 commendet,
584 1021 614 1073 et
635 1012 762 1073 animam
785 1020 866 1074 retro
889 1013 919 1073 iu
943 1012 1149 1091 superioribus
1171 1032 1240 1075 cum
1263 1014 1320 1075 deo
1341 1012 1423 1092 egisse
1487 1027 1529 1083 ’ῃ

264 1116 295 1175 in
318 1114 496 1176 commercio
520 1114 671 1187 idearum,
695 1121 725 1174 et
746 1113 815 1174 inde
837 1113 923 1174 ¹⁵lino
938 1112 1137 1187 transvenire,
1160 1121 1191 1175 et
1206 1115 1256 1176 hio
1270 1132 1346 1194 quae
1358 1121 1423 1174 retro
1489 1149 1521 1184 ῃ

264 1216 344 1278 norit
372 1216 410 1276 de
439 1214 658 1294 exemplaribus
686 1231 858 1285 recensere,
893 1232 1003 1274 novum
1032 1213 1195 1276 elaboravit
1223 1223 1423 1295 argumentum,
1486 1242 1504 1281 s

263 1312 431 1400 μαθήσεις
453 1307 681 1398 daupidane,
704 1314 734 1375 id
757 1323 804 1375 est
825 1315 985 1377 discentias
1008 1315 1248 1378 reminiscentias
1265 1334 1345 1378 esse
1381 1315 1423 1375 le·
1490 1346 1514 1384 a,

264 1418 382 1480 nientes
410 1417 490 1478 enim
521 1416 616 1477 ¹⁰inde
643 1416 702 1477 huc
728 1417 841 1477 animas
870 1415 1004 1478 oblivisci
1033 1435 1136 1478 eorum
1165 1417 1195 1478 in
1225 1417 1335 1497 quibus
1356 1416 1423 1497 prius
1486 1443 1529 1484 u:

263 1518 388 1592 luerint,
421 1518 529 1579 debinc
551 1536 586 1578 ex
608 1516 656 1578 lris
679 1516 847 1577 visibilibus
875 1518 995 1578 edoctas
1019 1517 1209 1580 ”recordari
1260 1518 1335 1580 Cum
1355 1517 1423 1596 rigi·
1487 1545 1529 1580 σε

264 1628 314 1682 tur
335 1618 506 1681 huiusmodi
529 1627 703 1697 argumento
732 1618 781 1678 illa
802 1617 993 1679 insinuentur
1021 1637 1037 1679 a
1057 1619 1182 1680 Platone
1204 1637 1281 1699 quae
1303 1615 1424 1681 baeretici
1485 1643 1514 1681 ss

264 1728 450 1794 mutuantur,
487 1720 561 1782 satis
583 1718 751 1780 haereticos
780 1719 994 1798 repercutiam,
1024 1720 1051 1780 si
1078 1729 1286 1798 argumentum
1308 1718 1424 1782 Platonis
1487 1733 1521 1774 *e

264 1822 381 1884 elidam.
1492 1836 1496 1840 ·

121 1952 252 2010 cauma.
348 1921 463 1983 ¹Primo
486 1920 605 2000 quidem
628 1918 786 1981 oblivionis
814 1939 950 2000 capacem
979 1920 1106 1982 animam
1133 1940 1196 1982 non
1219 1921 1340 1995 cedam,
1370 1919 1428 2001 quir
1498 1941 1529 1962 w

265 2031 373 2085 tonum
396 2022 438 2084 illi
460 2021 628 2084 'concessit
649 2021 848 2093 divinitatem,
872 2031 904 2084 nt
926 2023 982 2083 deo
999 2022 1187 2101 adaequetur.
1226 2022 1359 2084 lunatam
1374 2035 1432 2084 eam
1501 2025 1529 2082 si·-

263 2124 348 2198 iacit,
371 2124 451 2204 quod
474 2132 504 2184 et
524 2123 621 2183 solum
644 2141 759 2184 armare
780 2123 945 2202 potuissem
969 2123 1005 2183 ad
1021 2124 1227 2186 testimouium
1242 2124 1348 2201 plenae
1363 2122 1437 2186 divi·
1522 2135 1529 2142 ·

262 2225 380 2299 nitatis3
412 2224 520 2287 ‘adicit
547 2222 761 2296 immortalem,
797 2224 1069 2303 incorruptibilem,
1103 2225 1338 2303 incorporalem,
1371 2224 1449 2304 quin

263 2327 321 2388 boc
336 2338 366 2389 et
380 2327 468 2387 deum
484 2325 624 2399 credidit,
647 2324 861 2398 ‘invisibilem
883 2324 1117 2404 ineffigiabilem,
1140 2325 1331 2398 uniformem,
1352 2328 1418 2407 prin
1435 2348 1455 2366 ‘

263 2427 402 2506 cipalem,
425 2425 616 2498 rationalem,
638 2426 875 2488 intellectualem.
914 2426 992 2499 Quid
1008 2425 1133 2504 amplius
1149 2428 1354 2504 proscriberet
1374 2428 1473 2491 ani‘

262 2546 360 2601 mam,
384 2526 410 2588 si
432 2527 513 2588 ‘eam
537 2528 623 2589 deum
646 2526 853 2606 nuncuparet?
897 2527 959 2589 Nos
982 2537 1097 2600 autem,
1119 2527 1169 2606 qui
1192 2527 1266 2589 nihil
1288 2529 1346 2592 deo
1367 2529 1481 2591 ‘od‘

261 2628 448 2710 pendimus·,
482 2629 540 2690 boc
561 2629 627 2708 ipso
650 2628 777 2689 animam
799 2629 887 2707 longe
915 2629 990 2689 inira
1018 2627 1106 2690 deum
1134 2629 1330 2707 expendimus
1358 2609 1489 2711 quod

262 2739 359 2792 natam
383 2749 447 2792 eam
469 2730 674 2810 agnoscimus,
697 2749 732 2791 ac
752 2748 806 2809 per
828 2731 886 2791 hoc
901 2729 1049 2791 dilutioris
1064 2729 1246 2802 divinitatis,
1269 2731 1319 2793 'ot
1332 2732 1494 2794 exilio!

261 2832 305 2895 ris
334 2832 499 2906 felicitatis,
528 2839 561 2893 ut
582 2831 699 2903 ilatum,
728 2849 788 2891 non
812 2839 846 2892 ut
866 2830 1019 2911 spiritum,
1050 2838 1080 2892 et
1101 2830 1369 2915 siimmortalenr,
1390 2832 1432 2895 'u
1457 2817 1503 2868 ‘¹

261 2933 320 2995 boc
341 2934 381 2996 sit
401 2932 573 3005 divinitatis,
596 2940 693 2993 tamen
714 2931 898 3011 passibilem,
922 2941 955 2993 ut
975 2932 1034 2994 boc
1055 2933 1096 2994 sit
1116 2933 1289 3007 nativitatis,
1312 2929 1508 3015 ideoqud

261 3044 291 3096 et
318 3054 335 3097 a
363 3035 527 3115 primordio
557 3032 782 3094 exorbitationis
817 3051 971 3112 capacem,
1004 3041 1034 3094 et
1060 3034 1128 3095 inde
1159 3033 1246 3094 etiam
1276 3029 1512 3122 oblivioni?

259 3136 387 3198 affinem.
419 3135 500 3196 Satis
523 3134 561 3195 de
582 3133 641 3195 isto
665 3152 731 3194 oum
746 3132 985 3212 ”Hermogene
1018 3134 1155 3197 Ceterum
1172 3154 1263 3215 quae,
1288 3144 1321 3197 ut
1334 3130 1516 3222 babes-²¹·

259 3238 366 3299 merito
388 3236 486 3316 possit
516 3254 550 3297 ex
578 3234 809 3315 peraequatione
838 3236 969 3296 omnium
999 3237 1216 3315 proprietatum
1244 3235 1336 3311 deus,
1368 3213 1519 3299 null)¹

257 3337 393 3417 passioni
415 3336 591 3410 subiacebit,
614 3337 653 3398 ita
672 3355 731 3397 nec
753 3335 906 3409 oblivioni,
929 3355 995 3398 cum
1020 3346 1098 3398 tauta
1114 3337 1153 3397 sit
1170 3335 1306 3399 ¹⁰iuiuria
1328 3331 1519 3400 obliviff

257 3448 364 3518 quanta
387 3449 435 3500 est
456 3438 551 3517 gloria
573 3438 636 3499 eins
660 3437 744 3499 cuins
767 3436 874 3498 iniuria
897 3445 958 3509 est,
982 3437 1126 3499 memoria
1141 3437 1269 3509 scilicet,
1295 3457 1384 3518 quarn
1405 3446 1460 3501 e·
1511 3420 1521 3471 ¹

258 3591 297 3640 11.
316 3592 437 3653 genimina
457 3594 497 3642 Ab.
533 3592 627 3653 gemina
648 3591 671 3639 Β.
708 3589 815 3651 germina
835 3590 927 3652 reliqui.
976 3589 1013 3638 15.
1034 3590 1135 3639 buucd.
1181 3589 1220 3639 16.
1238 3591 1295 3640 inde
1314 3592 1426 3643 bucdlll
1441 3582 1522 3663 Ξ

256 3657 304 3707 buc
322 3659 377 3707 inde
397 3659 436 3707 Ga.
479 3657 518 3706 1'l.
537 3659 636 3707 edoctas
654 3657 847 3717 (eidos-testi.)
865 3656 989 3706 recordari
1006 3659 1047 3708 Ao.
1083 3657 1206 3707 recordari
1226 3658 1327 3710 edoctas
1343 3662 1428 3725 reliqui
1460 3649 1523 3691 §-

258 3723 298 3774 18.
318 3726 323 3774 i
342 3727 389 3774 itur
407 3740 451 3772 om.
468 3725 493 3773 t.

324 3740 383 3853 gap.
402 3790 477 3838 xxiv.
514 3790 537 3838 1.
555 3788 707 3839 inversus
727 3790 873 3840 retrosus
891 3782 1027 3855 μαθήσεις
1036 3786 1081 3839 καὶ
1093 3781 1259 3856 ἀναμνήσεις
1270 3795 1306 3845 liu
1316 3795 1341 3845 A.
1353 3781 1526 3845 GreeeV‘

256 3864 309 3906 suni
332 3874 361 3906 m.
381 3872 426 3907 m.
445 3858 544 3912 sarria).
577 3856 656 3905 ritmo
681 3857 724 3907 ro.
778 3858 926 3909 inversus
955 3860 1102 3908 acaronis
1127 3860 1331 3910 rurrvururru
1356 3832 1525 3921 οτοιῦ)

256 3923 434 3973 utscurtrtas
454 3923 705 3974 lllillllllSClINTlllS
726 3926 823 3976 ulcur.
851 3927 931 3976 l'rirno
951 3928 974 3976 G.
1028 3925 1052 3975 2.
1070 3928 1193 3988 congessit
1208 3928 1271 3990 Bmp.
1326 3928 1350 3980 3.
1369 3924 1525 3979 alrif

256 3990 329 4040 eun
383 3992 406 4039 4.
424 3991 567 4042 invisibilem
586 4009 631 4043 om.
647 3994 672 4042 ,1.
725 3993 749 4042 b.
768 4008 823 4042 euru
842 3995 991 4058 desummo.
1041 3993 1066 4044 6.
1085 3997 1244 4058 adpendimus
1262 3997 1307 4055 Αβ.
1343 3991 1525 4061 appeof

256 4058 427 4108 dimosBCub.
481 4059 681 4111 l.etom.BCu.
740 4059 764 4110 8.
793 4063 933 4110 utbocsit
954 4061 1185 4113 distortuosum
1229 4063 1299 4115 tou.
1320 4049 1528 4114 returned

254 4125 320 4175 lorus
337 4129 371 4175 ito
388 4129 485 4177 babetur
502 4129 673 4185 immortalem,
699 4136 778 4178 tamen
803 4130 953 4191 passibilem,
980 4138 1005 4179 ot
1029 4132 1075 4179 hoc
1098 4131 1130 4178 sit
1157 4130 1301 4180 divinitatis:
1330 4131 1360 4180 lit
1382 4115 1528 4183 cond

254 4192 426 4250 immortalem,
446 4203 524 4243 tamen
543 4196 693 4259 passibilem,
715 4204 740 4244 ut
759 4196 854 4245 buerit
872 4199 1008 4255 natiuitatis,
1031 4200 1108 4247 serbis
1124 4205 1202 4246 tamen
1221 4199 1365 4259 passibilem
1384 4183 1529 4249 only?

255 4268 281 4307 ul
299 4261 345 4310 boc
363 4262 394 4310 sil
411 4262 539 4310 diuinitatis
555 4279 598 4327 per
615 4267 712 4312 uncinos
730 4264 828 4312 inclusis
847 4280 891 4327 quo
910 4268 1070 4328 significantur
1089 4266 1232 4327 oGuugurio
1251 4268 1276 4314 iu
1295 4269 1351 4317 eliis
1369 4268 1511 4318 12·ti
1518 4250 1529 4284 ⁸

255 4328 392 4377 desiderari.
445 4327 469 4377 9.
489 4344 542 4377 cum
562 4331 715 4392 hermogene.
735 4345 789 4379 cnm
808 4345 938 4394 ermogeue
956 4337 1004 4398 Αφ.
1062 4332 1101 4381 10.
1120 4333 1220 4381 iniuriae
1238 4334 1303 4397 Bmg.

287 4443 310 4488 g.
329 4425 815 4494 Timaeoll’lat.l'im.pag.dilsqq.pag.
903 4431 961 4496 Cap.
986 4433 1061 4483 xxiv.
1110 4448 1131 4481 a.
1160 4430 1340 4499 sdpeudiurus}
1372 4416 1527 4483 litut1

253 4493 350 4559 29sqq.
386 4495 423 4573 CJ.
442 4497 513 4573 etiqm
532 4512 604 4561 supra
626 4499 712 4560 rapti.
868 4498 936 4548 Plato
949 4500 1053 4549 animam
1066 4500 1169 4550 divinam
1182 4502 1246 4561 lecit,
1265 4495 1528 4566 reluteppens'

288 4564 310 4610 b.
328 4562 464 4628 producere
473 4557 649 4628 αναμνῆσεις]
663 4565 816 4614 ruurhaed.
869 4567 945 4616 dicem
965 4568 1013 4617 dei.
1032 4571 1074 4623 (Le
1095 4569 1192 4625 Cerdo.)

253 4628 328 4692 pli.
357 4631 393 4680 ct.
412 4631 471 4679 llas.
490 4633 574 4693 Tyrius
595 4632 716 4683 lliusllll
735 4633 815 4694 tvulgo
901 4635 925 4683 b.
945 4650 998 4685 cnm
1017 4633 1189 4702 Hermogene]
1214 4635 1286 4686 Libro
1306 4635 1336 4684 de
1351 4621 1522 4684 (ἶοῐιετβΙ

252 4697 370 4754 xxvtttl.
407 4699 496 4747 Arnob.
514 4699 569 4748 lde.
590 4700 653 4749 Nati.
670 4700 745 4762 luto
760 4716 815 4764 sqq.
868 4700 975 4766 Animae,
994 4706 1034 4768 qui
1053 4705 1214 4755 desideratur.
1233 4705 1280 4765 [Fr.
1296 4703 1397 4761 lunius.)

253 4764 302 4814 Cic.
321 4765 393 4816 Tusc.
412 4767 520 4825 Quaestt.
539 4766 557 4828 l,
571 4765 611 4815 ut
