3242 5775
297 631 360 694 tuo
546 643 648 696 cuntur
670 640 801 689 serrium
821 639 987 684 recussum
1008 639 1203 684 rsnruuusnv

297 792 444 856 lissimum
469 800 654 870 sequestrem
676 790 725 851 dei
747 799 776 848 et
797 788 950 849 hominurn
973 788 1069 850 lesum
1094 789 1258 859 Christum,
1285 787 1336 866 qui
1358 797 1390 848 et
1409 788 1456 848 ho·

298 892 371 953 mini
393 891 480 951 deum
503 900 533 952 et
555 891 704 951 hominem
727 890 784 949 deo
807 889 925 960 reddet,
948 889 1027 949 carni
1049 887 1186 967 spiritum
1208 896 1237 947 et
1260 887 1379 966 spiritui
1402 905 1457 949 car-

301 1009 378 1052 nem.
424 991 585 1069 Utrumque
607 990 716 1050 iamin
739 989 900 1067 semetipso
929 988 1107 1058 foederavit,
1137 983 1278 1066 sponsam
1303 1006 1419 1066 sponso
1438 995 1463 1047 et

299 1107 445 1169 sponsum
467 1108 596 1169 sponsae
617 1088 824 1167 'comparavit
857 1088 929 1148 Nam
952 1096 981 1148 et
1003 1088 1029 1148 si
1045 1087 1170 1148 animam
1186 1086 1268 1164 ⁴quis
1284 1087 1465 1149 contenderit

301 1206 457 1268 sponsam,
480 1190 525 1250 vel
547 1190 627 1250 dotis
650 1188 770 1248 nomine
792 1196 935 1266 sequetur
956 1187 1081 1247 arrimam
1105 1206 1184 1247 caro.
1218 1186 1283 1246 Non
1301 1188 1360 1248 erit
1374 1188 1465 1248 anime

300 1289 475 1367 prostituta,
507 1297 540 1351 ut
572 1289 648 1348 nuda
682 1288 862 1366 suscipiatur
889 1305 904 1346 a
927 1304 1049 1364 sponso.
1095 1286 1188 1347 llabet
1210 1287 1466 1356 instrumentum,

301 1386 390 1450 hebet
411 1389 536 1460 cultum,
558 1388 647 1448 habet
669 1388 846 1465 mancipium
861 1405 947 1447 suum
963 1405 1098 1456 carnem3
1121 1396 1152 1446 ut
1167 1385 1361 1447 ⁵collactanea
1378 1388 1467 1448 eomi-

302 1486 420 1549 tabitur.
465 1488 525 1548 Sed
548 1506 615 1548 caro
638 1488 702 1548 ⁶est
723 1505 852 1564 sponsa,
881 1504 955 1562 quae
978 1495 1007 1546 et
1029 1487 1059 1545 in
1082 1485 1202 1546 Christo
1225 1486 1294 1546 lesu
1315 1486 1468 1565 'spiritum

301 1603 444 1664 sponsum
467 1606 521 1665 per
543 1588 716 1665 sanguinem
739 1586 840 1665 ‘pacta
863 1593 920 1645 est.
968 1585 1063 1645 lluius
1086 1585 1238 1646 interitum
1261 1605 1349 1663 quem
1375 1598 1470 1665 putas,

301 1703 454 1748 secessum
475 1687 551 1747 scias
573 1706 651 1748 esse.
701 1686 766 1745 Non
795 1685 858 1746 sola
887 1685 983 1745 anima
1011 1685 1175 1763 seponitur.
1224 1684 1321 1746 Habet
1350 1693 1382 1746 et
1404 1704 1470 1746 caro

301 1782 458 1846 'secessus
481 1804 554 1845 suos
576 1785 704 1854 interim,
729 1785 757 1844 in
780 1785 875 1862 aquis,
899 1784 929 1844 in
952 1785 1079 1863 ignibus,
1101 1785 1130 1844 in
1152 1784 1279 1855 alitibus,
1303 1785 1333 1843 in
1349 1784 1472 1854 bestiis;

301 1900 368 1946 oum
390 1884 420 1944 in
443 1885 516 1945 haec
536 1884 660 1945 dissolvi
683 1884 814 1955 videtur,
838 1884 968 1944 velutin
991 1903 1060 1945 vasa
1075 1884 1300 1945 transfunditur.
1335 1883 1368 1943 Si
1385 1885 1471 1945 etiarn

300 1981 365 2061 ipsa
388 2002 454 2044 vasa
477 1984 652 2052 defecerint,
675 2001 739 2043 curu
763 1985 799 2043 de
823 1984 879 2043 illis
902 2001 1020 2062 quoque
1042 1983 1188 2044 effluxerit
1208 1984 1240 2044 in
1263 2002 1348 2044 suam
1367 1984 1471 2045 matri·

302 2098 366 2142 uem
390 2089 514 2156 terram,
538 2083 621 2162 quasi
644 2102 698 2162 per
719 2082 856 2160 ambages
872 2082 1058 2153 resorbetur,
1083 2095 1114 2144 ut
1135 2102 1241 2144 rursus
1263 2102 1298 2143 er
1321 2083 1371 2143 illa
1396 2084 1471 2144 ¹⁰re-

150 2196 285 2248 uentum
302 2191 510 2259 praesentetur
531 2184 620 2244 Adam
644 2182 797 2243 auditurus
820 2202 836 2241 a
858 2183 996 2252 domino,
1020 2183 1095 2243 Ecce
1116 2183 1206 2243 Adam
1229 2184 1314 2260 quasi
1336 2201 1416 2244 uuus
1439 2202 1473 2243 ex

301 2278 389 2341 nobis
412 2283 504 2342 factus
527 2292 588 2354 est,
622 2301 691 2341 vere
720 2291 790 2342 tunc
818 2300 941 2360 compos
970 2283 1051 2353 mali,
1084 2284 1163 2360 quod
1191 2283 1298 2354 evasit,
1333 2289 1364 2342 et
1391 2282 1472 2353 boni,

302 2379 382 2460 quod
402 2381 520 2443 iuvasit.
566 2380 660 2453 Quid,
689 2380 800 2452 anima,
831 2381 944 2442 invides
974 2381 1077 2442 carui?
1120 2382 1213 2442 Nemo
1238 2391 1295 2442 tam
1319 2383 1472 2460 proximus

302 2477 371 2552 tibi,
393 2499 479 2557 quem
502 2489 572 2564 post
593 2481 746 2541 dominum
768 2480 889 2557 diligas3
917 2499 1004 2541 nemo
1027 2482 1120 2560 magis
1144 2484 1232 2542 frater
1256 2490 1342 2551 tuus,
1368 2481 1471 2559 ”quae

301 2584 398 2639 tecum
421 2581 508 2641 etiam
532 2582 561 2640 in
584 2581 640 2641 deo
664 2581 803 2640 nascitur.
852 2580 897 2639 Tu
920 2581 1019 2657 potios
1043 2581 1082 2640 illi
1105 2599 1229 2641 exorare
1252 2579 1399 2641 debueras
1421 2599 1470 2640 rc·

303 2678 535 2751 surrectionem
557 2689 665 2757 perte,
689 2680 714 2737 si
731 2678 819 2745 forte,
842 2676 974 2755 deliquit.
1009 2678 1066 2738 Sed
1091 2679 1161 2738 nihil
1185 2680 1303 2750 mirum,
1327 2680 1353 2739 si
1371 2679 1471 2748 odisti,

303 2775 387 2838 orius
409 2786 559 2837 auctorem
582 2795 699 2855 quoque
721 2777 879 2855 respuisti,
909 2795 995 2855 quam
1024 2786 1054 2836 et
1081 2778 1112 2837 in
1135 2777 1254 2838 Christo
1283 2787 1334 2838 aut
1363 2796 1471 2857 negare

303 2882 354 2937 aut
375 2886 489 2938 mutare
513 2876 709 2949 ¹²consuesti,
732 2875 858 2954 proinde
880 2886 911 2938 et
931 2876 1028 2955 ipsum
1052 2896 1220 2938 sermonem
1243 2877 1308 2950 dei,
1330 2878 1382 2957 qui
1404 2896 1472 2940 caro

303 2975 397 3036 factus
419 2983 481 3046 est,
515 2976 559 3037 vel
580 2977 648 3036 stilo
672 2976 715 3036 vel
737 2976 982 3054 interpretatione
1011 2995 1223 3055 corrumpam,
1238 2997 1362 3047 ,arcana
1385 2979 1472 3039 etiam

150 3075 539 3153 nonciqepoeryphorum
568 3075 785 3154 superducens,
819 3076 1018 3156 blasphemiae
1051 3075 1172 3137 fabulas.
1226 3078 1263 3137 ht
1291 3079 1369 3139 enirn
1399 3079 1473 3139 deus

303 3173 492 3254 omnipotens
515 3176 658 3236 adversus
681 3175 753 3236 haec
774 3176 987 3238 incredulitatis
1002 3184 1031 3236 ct
1045 3176 1248 3255 perversitatis
1264 3177 1382 3255 ingenia
1398 3197 1471 3257 pro·

303 3275 505 3337 videntissima
527 3276 619 3355 gratia
642 3294 696 3336 sua
719 3276 873 3337 effundens
896 3277 926 3337 in
949 3276 1122 3336 novissimis
1145 3275 1249 3337 diebus
1272 3278 1309 3337 de
1332 3296 1390 3337 suo
1407 3278 1470 3357 spi·

301 3374 360 3437 ritu
384 3376 413 3436 in
436 3395 554 3437 omnem
578 3393 711 3449 carnem,
734 3375 764 3435 in
788 3394 893 3436 servos
917 3394 990 3436 suos
1013 3384 1043 3436 et
1064 3376 1200 3449 ancillas,
1223 3386 1253 3436 et
1275 3378 1363 3437 fidem
1388 3378 1470 3438 lab'o·

301 3485 416 3537 rantern
448 3476 676 3538 resurrectionis
710 3477 834 3535 carnalis
867 3475 1005 3535 animavit
1036 3486 1066 3535 et
1095 3475 1218 3553 pristina
1252 3477 1470 3537 instrumentel

302 3575 467 3637 manifestis
494 3576 652 3637 verborum
681 3586 710 3635 et
738 3592 880 3635 sensuum
909 3574 1069 3635 luminibus
1098 3575 1133 3634 ab
1163 3575 1243 3635 omni
1271 3575 1471 3655 ambiguitatis

164 3673 483 3743 eer.rr,rr.obscuritate
504 3676 648 3754 purgavit.
692 3674 765 3735 Nam
787 3673 854 3753 quia
876 3674 1018 3735 haereses
1041 3693 1109 3735 esse
1132 3683 1322 3753 oportuerat,
1345 3687 1379 3735 ut
1400 3694 1472 3754 pro-

301 3772 415 3835 babiles
437 3774 546 3854 quique
570 3774 838 3846 ¹³manifestentur,
861 3774 916 3834 hae
938 3783 1034 3834 autem
1056 3774 1122 3835 siue
1144 3774 1288 3852 aliquibus
1305 3775 1472 3835 occasioni·

302 3870 359 3932 bus
382 3875 595 3952 scripturarum
617 3873 726 3934 audere
747 3891 808 3933 non
831 3881 984 3952 poterant,
1008 3873 1117 3934 idcirco
1134 3873 1259 3952 pristina
1275 3875 1472 3936 instrumenta

302 4052 326 4103 3.
345 4055 522 4104 confoederavit
540 4071 599 4118 unp.
651 4057 675 4105 4.
694 4056 734 4119 qui
752 4058 777 4104 t.
814 4055 870 4118 quid
889 4056 915 4106 ll.
959 4056 982 4105 b.
1002 4056 1149 4105 collectanea
1169 4058 1208 4106 od.
1235 4054 1420 4106 'collectaneam
1438 4058 1471 4107 bc.
1492 4077 1504 4117 .·

302 4121 541 4171 reiterationem
561 4123 670 4171 l'utieuui.
712 4123 832 4171 coliatene
849 4124 874 4172 4.
915 4121 1004 4172 colluto
1023 4137 1053 4171 ne
1071 4123 1096 4172 B.
1148 4122 1173 4171 6.
1191 4132 1215 4171 et
1231 4125 1257 4173 Α.
1309 4122 1333 4171 ’1.
1360 4125 1472 4186 spiritum

300 4203 344 4237 om.
362 4190 398 4237 be.
444 4188 467 4237 8.
486 4197 554 4252 poete
573 4190 624 4238 bed.
660 4203 732 4252 passu
751 4190 842 4252 reliqui.
895 4187 921 4238 9.
939 4190 1007 4238 siuns
1025 4204 1084 4238 suos
1102 4205 1160 4252 amq.
1195 4204 1254 4237 suos
1272 4189 1341 4238 sinus
1359 4192 1396 4240 be.
1433 4189 1472 4238 fd.

298 4263 493 4317 repraesentetur
516 4255 661 4318 Abcnvqbrd.
710 4264 877 4319 praesentetur
901 4255 941 4305 Co.
1005 4256 1045 4305 li.
1073 4270 1144 4320 quem
1169 4270 1230 4320 quse
1256 4257 1323 4316 ube,
1351 4258 1382 4305 de
1406 4258 1474 4307 libris

300 4321 418 4382 Guupueii.
473 4322 511 4371 ta.
530 4322 673 4371 consuevisti
692 4324 716 4371 Α.
773 4320 810 4369 13.
830 4322 1013 4372 manifestentur
1030 4322 1107 4373 Aaou.
1126 4324 1292 4373 treel'utv'eoui.
1329 4324 1474 4373 menifeets·

299 4395 384 4436 rentur
401 4389 453 4437 bed.

333 4518 485 4582 Cephhlfl.
509 4536 530 4568 ι.
550 4516 747 4586 instrumentum]
767 4519 859 4569 lustru·
910 4522 1082 4585 prophetorum
1102 4521 1178 4571 libros
1196 4523 1219 4570 in
1233 4528 1379 4571 testamento
1395 4531 1475 4571 vetere

300 4593 407 4634 mentum
432 4587 489 4636 dicit
512 4596 653 4650 apparatum
677 4596 701 4638 et
729 4601 859 4637 ornemeu·
910 4590 1107 4651 comprehensos.
1122 4588 1279 4647 (Fulunius.)
1301 4589 1472 4652 blihiquidem

300 4659 360 4711 tum,
378 4667 424 4702 nos
442 4661 595 4717 uurstuttuuq.
633 4654 670 4703 Cf.
688 4655 789 4705 Dirlrseu
808 4654 858 4704 tte-
909 4656 1055 4717 ‚pristinum
1074 4654 1278 4704 instrumentnm“
1295 4655 1474 4705 s‘fertullieuu

299 4719 371 4769 unale
389 4734 408 4767 s.
421 4734 440 4767 v.
459 4719 552 4782 plut.
908 4721 955 4770 dici
974 4731 1040 4771 retus
1059 4730 1226 4771 testamentum
1245 4735 1327 4771 rerum
1346 4730 1392 4770 est.
1426 4720 1474 4771 sed

332 4788 357 4836 b.
390 4786 490 4849 pristine
521 4782 697 4852 instrumenta]
732 4788 805 4837 lfosis
835 4795 859 4836 et
908 4789 1027 4851 „pristina
1047 4788 1224 4839 iustruments“
1242 4788 1359 4844 hiu.dicit
1373 4796 1475 4839 etvetus
