3242 5775
293 407 355 472 304
549 416 650 469 onrnrr
672 414 802 458 snrrrurr
824 413 989 458 reomenses
1010 412 1210 458 rmrnnsunr

293 569 387 634 tendit
414 566 682 636 resurrectionem,
715 583 803 645 quom
835 583 890 646 per
919 563 1048 626 earnalia
1079 573 1112 626 et
1137 563 1302 646 corporolia
1328 563 1431 646 monol

293 665 503 734 commendat?
533 686 632 730 nonne
660 666 748 728 otiam
777 664 814 727 ol
841 683 879 727 eo
901 665 959 728 deo
981 683 1047 726 eom
1068 665 1200 746 spondet
1219 685 1237 726 a
1258 685 1316 746 quo
1337 671 1429 728 suntet

292 766 449 850 exemplo?
484 767 535 830 Sic
554 779 585 830 et
606 769 803 839 resurrectio,
824 766 931 846 inquit.
966 764 1152 840 Quomodo?
1184 766 1269 830 Siout
1288 777 1318 829 et
1336 785 1429 848 granu

292 889 403 951 eorpus
427 869 551 942 seritur,
575 888 684 948 eorpus
699 866 839 947 resurgit.
876 867 1112 929 Seminationem
1126 867 1257 948 deniquo
1271 868 1430 931 rosoritdis·

163 967 278 1064 ¹⁰4⁰2⁵⁴¹3l=
291 970 472 1036 solutionem
494 971 629 1050 eorporis
652 971 682 1032 in
706 980 831 1040 terrem,
854 968 922 1048 quio
944 967 1056 1029 seritur
1076 967 1108 1029 in
1122 969 1305 1050 oomrptelo.
1325 969 1429 1030 ¹‘irrin-

290 1080 451 1144 natatem,
475 1071 504 1131 iu
527 1071 676 1132 virtutem.
718 1069 807 1131 Cuius
829 1069 879 1130 ille
901 1069 976 1129 ordo
997 1067 1028 1130 in
1050 1067 1268 1146 dissolutione,
1289 1069 1431 1134 eiusnlffi

290 1174 320 1236 in
349 1172 570 1233 resurrectione
598 1170 750 1248 eorporis,
783 1170 897 1231 seilicet
922 1169 1000 1230 sieut
1025 1179 1058 1232 et
1084 1187 1220 1248 monum.
1270 1167 1430 1234 Ceterousi

290 1274 407 1336 auferas
429 1289 538 1350 eorpus
560 1270 773 1332 resurrectioni
794 1270 875 1350 quod
896 1270 1003 1332 dedisti
1023 1269 1230 1346 dissolutioni,
1253 1272 1304 1334 ubi
1317 1271 1431 1334 oonsisll

176 1385 276 1429 tha-⁴⁴-
291 1373 446 1436 diversitos
467 1368 588 1433 exitus?
630 1371 759 1432 Proinde
781 1380 812 1433 et
833 1371 860 1432 si
882 1363 999 1434 seritur'
1014 1371 1033 1404 ¹¹
1042 1371 1186 1446 animale,
1215 1373 1344 1454 resurgit
1361 1369 1431 1454 spii·

290 1475 358 1537 tale.
396 1473 432 1535 Et
453 1472 478 1534 si
503 1469 620 1534 ''hohet
640 1471 758 1550 aliquod
780 1473 934 1553 proprium
957 1491 1067 1554 corpus
1086 1471 1187 1535 anima
1207 1473 1254 1535 rel
1268 1474 1431 1556 spiritum

291 1576 390 1657 possit
410 1572 502 1637 videri
525 1591 633 1654 eorpus
656 1573 780 1634 animale
801 1574 929 1636 enimam
951 1573 1117 1654 signitiosre
1143 1584 1175 1636 et
1195 1593 1305 1656 corpus
1326 1571 1431 1660 spiritis

290 1677 444 1758 spiritum,
473 1692 534 1736 non
556 1673 624 1734 ideo
645 1674 773 1736 enimam
801 1674 871 1736 dicit
898 1675 928 1736 in
950 1675 1169 1737 resurreetione
1191 1675 1329 1755 spiritum
1348 1675 1431 1738 ”inin

290 1797 369 1851 rom,
392 1776 445 1838 sed
466 1793 590 1856 eorpus,
613 1775 691 1854 quod
714 1793 781 1837 otim
803 1775 901 1838 anima
915 1776 1066 1838 noscendo
1081 1785 1113 1838 et
1125 1795 1181 1856 per
1194 1777 1321 1839 animaru
1334 1773 1431 1839 sires&

290 1878 414 1940 animale
437 1877 494 1938 diei
516 1876 608 1956 cupit,
636 1876 767 1938 futurum
795 1877 944 1957 spiritale,
974 1876 1046 1938 dum
1073 1877 1293 1957 perspiritum
1313 1875 1431 1958 surgit'n

291 1981 505 2043 aeternitatem.
548 1977 681 2056 lienique
703 1977 728 2038 si
752 1977 947 2053 nonenim,
980 1977 1034 2039 sed
1056 1997 1124 2040 noro
1145 1978 1310 2041 seminetur
1334 1978 1362 2040 in
1378 1993 1431 2040 ω

290 2081 422 2161 repleta,
455 2079 526 2141 duro
553 2078 725 2140 dissolvitur
753 2077 784 2141 in
813 2086 939 2152 terram,
972 2079 1031 2140 iom
1059 2097 1120 2140 non
1146 2078 1245 2142 animo
1273 2080 1329 2142 orit
1346 2091 1431 2158 eoru·

290 2182 431 2252 animale,
454 2179 506 2242 sed
529 2198 615 2253 coro,
644 2199 718 2258 quoe
740 2180 795 2240 ruit
816 2197 926 2258 eorpus
948 2179 1088 2251 animale,
1116 2179 1264 2259 siquidem
1284 2180 1321 2243 de
1339 2173 1431 2242 aoid

178 2293 277 2336 low
293 2284 419 2345 efficitur
441 2281 588 2361 spiritale,
617 2280 694 2343 sieut
715 2289 745 2341 et
766 2279 842 2341 infra
864 2280 949 2354 (linit,
976 2279 1043 2340 Non
1064 2281 1194 2360 primum
1215 2283 1295 2362 quod
1316 2277 1431 2364 spiritales

177 2392 276 2436 nans.
292 2384 334 2444 dd
357 2385 414 2444 lroo
436 2382 514 2443 enim
536 2391 567 2443 et
593 2382 630 2442 de
660 2382 726 2462 ipso
748 2380 866 2444 Christo
893 2381 1068 2461 praestruit:
1097 2381 1204 2444 Faetus
1230 2383 1341 2463 primus
1363 2382 1431 2444 ton

202 2495 210 2516 ¹
290 2482 380 2544 ll'dsnr
403 2482 433 2542 in
455 2481 581 2542 enimam
603 2481 713 2556 vivom,
736 2481 918 2544 norissimus
939 2481 1030 2544 lldonr
1053 2481 1083 2543 in
1098 2482 1236 2562 spiritum
1251 2485 1431 2554 vivificantur

288 2584 357 2644 lieet
379 2581 574 2644 stultissimus
596 2583 761 2645 haereticus
784 2583 913 2645 noluerit
933 2582 972 2643 ito
988 2602 1072 2656 esse,
1094 2583 1248 2647 dominum
1263 2587 1339 2648 enim
1352 2579 1431 2666 posi

289 2682 483 2746 novissimum
505 2702 560 2763 pro
582 2685 744 2746 novissimo
758 2685 868 2758 ddum,
892 2685 1001 2746 veritus
1024 2684 1136 2746 scilieet
1158 2685 1241 2760 ¹⁴ne,
1262 2686 1288 2748 si
1307 2695 1338 2748 et
1354 2681 1431 2748 dom'·

289 2803 359 2846 num
382 2783 578 2846 novissimum
600 2784 723 2847 haberet
737 2786 845 2858 idom,
869 2794 898 2847 et
920 2784 1052 2846 eiusdem
1068 2785 1219 2848 Christum
1232 2786 1431 2850 delendorum

289 2888 318 2947 in
340 2886 431 2947 lldorn
459 2886 624 2947 novissimo
653 2887 738 2948 ouius
766 2896 796 2948 et
823 2887 962 2967 primunr.
1012 2886 1071 2949 Sed
1100 2889 1206 2949 falsum
1235 2890 1351 2951 relueet.
1387 2883 1431 2949 d!

288 2986 366 3049 onim
389 2988 502 3068 primus
524 2988 633 3057 Adam,
666 2987 722 3049 nisi
752 2987 821 3067 quia
842 2997 873 3048 et
894 2987 1075 3050 norissimus
1097 2986 1214 3051 idom?
1255 2988 1321 3051 Non
1346 2986 1431 3053 natu

288 3088 422 3150 ordinem
446 3090 524 3151 inter
546 3106 580 3150 se
601 3086 660 3149 nisi
687 3087 768 3167 perio
797 3104 930 3166 quaeque
959 3094 988 3147 et
1017 3087 1149 3150 eiusdem
1176 3088 1224 3150 vel
1252 3090 1376 3153 nominis
1396 3080 1431 3147 οἱ

288 3190 470 3253 substantiae
492 3190 536 3251 vol
559 3188 700 3250 auctoris.
754 3186 828 3248 Nom
850 3187 906 3249 etsi
926 3196 1029 3267 potest
1048 3186 1079 3248 in
1101 3187 1227 3251 dirersis
1249 3209 1363 3271 quoque
1379 3202 1431 3249 esst

287 3292 364 3353 eliud
387 3294 531 3373 priunum,
566 3288 643 3352 aliud
665 3288 875 3361 novissimum,
903 3288 956 3349 sed
978 3288 1067 3349 unius
1088 3290 1228 3352 auctoris.
1272 3290 1431 3353 Cenon-s

287 3399 317 3451 et
338 3401 442 3451 ouotor
463 3393 554 3466 alius,
576 3399 607 3453 et
627 3390 693 3471 ipse
715 3388 835 3469 quidem
857 3398 958 3469 potest
979 3388 1161 3451 norissimus
1184 3390 1254 3455 diei.
1297 3390 1379 3467 Quod
1395 3394 1431 3451 tm

286 3506 355 3549 men
378 3489 523 3565 intulerit,
553 3492 679 3571 primum
709 3500 770 3564 est,
800 3490 994 3552 novissimum
1016 3497 1131 3563 nutem,
1163 3490 1189 3551 si
1210 3492 1310 3571 primo
1329 3508 1379 3575 por
1394 3486 1431 3553 ιΙ

285 3586 343 3649 Por
364 3599 461 3650 sutem
483 3590 579 3668 primo
603 3609 662 3651 non
685 3599 749 3661 est.
772 3590 840 3670 quin
862 3610 923 3652 non
945 3590 1076 3653 eiusdem
1098 3592 1231 3653 auctoris
1253 3602 1308 3656 est.
1341 3590 1431 3657 notu

172 3704 266 3748 rnen.
285 3685 375 3747 modo
398 3695 429 3747 et
449 3688 479 3748 in
502 3690 621 3750 nomine
644 3689 774 3751 hominis
798 3692 973 3754 revincetur.
1014 3691 1148 3765 Primus,
1171 3691 1282 3773 inquit,
1304 3686 1431 3757 homo!

285 3786 376 3847 humo
399 3794 553 3861 terrenus,
584 3788 731 3849 socundus
754 3790 895 3852 dominus
918 3794 954 3855 de
977 3793 1067 3855 coelo.
1112 3792 1212 3865 Quare
1233 3794 1431 3869 secuudum

285 3903 345 3947 non
368 3884 476 3960 homo,
498 3885 577 3967 quod
600 3893 630 3945 et
650 3884 790 3961 primus?
825 3892 884 3950 Aut
906 3893 1046 3972 numquid
1069 3901 1099 3954 et
1118 3893 1234 3973 primns
1256 3872 1431 3969 dominum

284 3994 314 4047 et
335 3985 508 4049 secundus?
545 3984 604 4047 Sed
627 3982 736 4043 sulsscit
761 3983 788 4045 si
817 3984 848 4045 in
876 3994 1026 4068 evangelio
1055 3995 1146 4057 filium
1174 3994 1307 4065 hominis
1334 3992 1431 4065 odili!

284 4085 433 4147 Christum
457 4096 486 4147 et
507 4085 674 4158 hominem,
697 4091 725 4146 et
747 4084 777 4145 in
800 4084 921 4146 homine
935 4090 1027 4152 Adam
1049 4114 1116 4157 eum
1133 4114 1243 4175 negare
1257 4115 1317 4159 non
1330 4092 1431 4179 potorii

284 4186 443 4266 Sequentia
471 4205 588 4268 qnoque
610 4205 677 4249 eum
706 4186 933 4267 comprimunt·.
985 4191 1058 4253 Cum
1087 4198 1167 4259 enim
1195 4196 1267 4263 dicit
1286 4194 1431 4279 οοοοίοΙΙΙΙ

284 4338 321 4389 10.
341 4339 364 4389 in
384 4338 543 4414 honestatem,
561 4341 584 4391 in
603 4341 712 4391 virtutem
733 4342 785 4392 Col.
822 4342 845 4393 in
864 4342 988 4417 honeststs
1006 4343 1030 4391 in
1048 4346 1134 4398 virtuts
1153 4350 1179 4401 r.
1213 4348 1431 4415 resurgimus!

280 4410 592 4527 ῗιιιῖιιιοῐῗωειὼοιοιοιιίοοῃοίἷί.
608 4485 631 4528 a
648 4409 691 4529 ἑὲ.
714 4410 819 4461 surmsls
843 4411 893 4461 led.
935 4423 1014 4459 orrrmo
1039 4410 1096 4462 sca.
1160 4418 1198 4473 12
1216 4419 1293 4471 habu
1309 4418 1365 4471 Ιθι
1403 4408 1431 4465 ll

316 4624 336 4660 e.
357 4607 539 4677 comprimunt]
557 4611 584 4661 ln
602 4615 724 4674 enunties
740 4612 896 4678 compellunt,
915 4612 1046 4665 ooulutsnt
