3242 5775
320 689 380 752 152
576 703 676 754 curun
700 701 833 744 sternunt
855 700 1022 745 rnonnnrrs
1044 699 1243 746 runrutntaru

317 861 347 917 et
367 854 460 934 pacis.
504 850 541 912 Et
562 869 623 911 non
645 850 768 931 accipiet
789 868 863 929 gens
892 867 985 929 super
1013 856 1132 929 gentem
1160 850 1364 923 machaeram,
1397 847 1451 911 utit

262 942 265 950 ⁶
318 953 495 1016 discordiae.
532 952 569 1013 Et
591 970 653 1012 non
675 950 791 1012 discent
813 949 940 1030 amplius
962 949 1090 1023 bellare,
1113 949 1144 1012 id
1165 959 1213 1012 est
1234 950 1405 1011 inimicitias
1427 968 1451 1030 p

317 1057 422 1127 licere,
446 1062 478 1114 ut
499 1061 529 1115 et
550 1053 599 1114 hic
619 1053 716 1115 discas
739 1050 891 1112 Christum
913 1069 975 1111 non
996 1049 1235 1130 bellipotentem,
1260 1050 1314 1111 sed
1335 1051 1451 1131 pacifer

316 1155 544 1235 repromissum.
589 1153 669 1214 llaec
691 1153 768 1212 '⁰aut
795 1151 971 1232 prophetata
998 1168 1090 1229 nega,
1124 1170 1191 1212 cum
1219 1169 1320 1213 coram
1349 1153 1451 1214 vident

318 1263 367 1317 aut
388 1254 562 1334 adimpleta,
595 1272 662 1315 cum
684 1252 842 1331 leguntur,
874 1259 925 1313 aut
947 1251 974 1311 si
996 1270 1057 1311 non
1079 1268 1172 1329 negas
1195 1261 1371 1332 utrumque,
1408 1253 1441 1315 iu

319 1337 407 1416 munt
428 1353 586 1433 adimplete
608 1353 637 1415 iu
660 1371 747 1432 quem
764 1360 834 1414 sunt
848 1351 1035 1431 prophetata.
1069 1333 1187 1432 lnspice
1202 1353 1282 1415 enim
1297 1354 1395 1415 adhuc
1409 1353 1451 1416 eti

318 1456 417 1536 ipsum
438 1454 657 1532 introgressum
680 1461 766 1531 atque
788 1451 948 1513 decursum
970 1451 1133 1515 vocationis
1155 1453 1186 1514 in
1201 1455 1339 1516 nationes
1361 1472 1451 1516 anor

317 1555 413 1617 simis·
430 1553 533 1616 diebus
561 1553 705 1615 adeuntes
732 1553 769 1614 ad
797 1552 915 1614 ¹'deum
944 1560 1127 1626 creatorem,
1165 1571 1227 1614 non
1256 1554 1287 1615 in
1315 1555 1451 1635 proselpt

313 1637 472 1736 ¹’'quorum
494 1673 511 1715 a
531 1654 637 1734 primis
660 1654 754 1734 magis
776 1652 882 1715 diebus
905 1651 1048 1714 ¹³allectio
1070 1660 1125 1715 est
1163 1653 1281 1717 Etenim
1297 1656 1387 1718 sidem
1407 1656 1451 1719 ish

318 1755 445 1837 apostoli
467 1754 673 1815 induxerunt·.

174 1865 299 1923 Gan-ffl-
402 1855 500 1917 llabes
529 1863 560 1916 et
585 1854 789 1935 apostolorum
818 1872 895 1933 opus
924 1852 932 1886 ¹
940 1853 1151 1933 praedicatum.
1205 1854 1301 1927 Quam
1330 1865 1451 1936 tempeet

164 1927 305 2031 al‘lllll'tl:
319 1957 411 2038 pedes
440 1955 700 2036 evangelizantium
728 1972 846 2034 pacem,
882 1954 1142 2033 evangelizantium
1169 1955 1264 2028 bona,
1297 1974 1360 2017 non
1386 1957 1451 2020 beu

181 2078 304 2132 venons.
319 2077 374 2120 nec
394 2056 498 2119 ’mala
542 2054 709 2135 Respondit
730 2062 760 2116 et
779 2052 930 2134 psalmus,
958 2054 992 2115 ln
1016 2073 1135 2116 omnem
1158 2063 1267 2116 terrum
1290 2058 1378 2119 exivit
1400 2075 1451 2122 son

317 2176 421 2219 eorum
444 2166 474 2219 et
494 2156 542 2217 'iu
565 2156 710 2217 terminos
733 2163 830 2217 torrae
845 2173 933 2216 voces
949 2173 1071 2229 eorum,
1095 2155 1365 2218 circumferentium
1383 2158 1451 2221 scili

315 2258 411 2338 legem
426 2276 462 2319 ex
475 2257 548 2333 Sion
563 2259 725 2337 prolectam
741 2264 772 2318 et
785 2274 956 2317 sermonem
969 2256 1082 2317 domini
1097 2275 1132 2317 ex
1142 2256 1341 2332 Hierusalem,
1362 2270 1396 2320 ut
1411 2259 1451 2321 tiu

171 2347 398 2453 ndfi'pmquod
420 2357 564 2437 scriptum
586 2366 645 2430 est,
668 2357 772 2446 Longe
793 2356 919 2436 quique·
941 2356 1085 2418 aiustitia
1100 2375 1166 2418 mea
1184 2361 1451 2438 appropinquavere

315 2459 446 2520 iustitiae
467 2477 551 2520 meae
574 2467 603 2519 et
624 2458 750 2519 veritati.
779 2457 852 2518 Cum
875 2456 945 2517 huic
965 2457 1085 2536 negotio
1108 2458 1334 2537 accingerentur
1354 2465 1451 2540 apostt

315 2560 558 2621 renuntiaverunt
576 2557 758 2637 presbyteris
786 2565 816 2618 et
838 2557 1049 2620 ‘archontibus
1079 2566 1109 2618 et
1136 2558 1343 2620 sacerdotibus
1365 2560 1451 2623 ludue

317 2677 394 2719 rum.
437 2657 482 2719 dn
505 2675 566 2719 non
588 2658 633 2719 rel
655 2656 796 2731 maxime,
827 2656 940 2736 iuquit,
971 2664 1005 2718 ut
1032 2657 1153 2720 alterius
1176 2659 1225 2720 dei
1246 2661 1451 2739 praedicatore

316 2758 423 2839 Atquin
450 2758 545 2838 ipsius
574 2758 708 2819 eiusdem
735 2757 820 2817 cuins
849 2757 1026 2836 scripturam
1061 2777 1128 2820 cum
1160 2760 1288 2821 maxime
1322 2761 1451 2841 impleba

177 2858 474 2931 ta·.tu.n.llivertite,
497 2856 648 2931 divertite,
671 2857 809 2953 inclamat
829 2857 951 2932 Esaias,
980 2859 1112 2921 excedite
1133 2859 1229 2934 illinc,
1258 2870 1289 2923 et
1309 2861 1451 2927 immunde

317 2978 354 3021 ne
376 2959 549 3038 attigeritis,
571 2959 784 3038 blasphemiam
808 2959 921 3020 scilicet
942 2958 973 3020 iu
989 2959 1148 3021 Christum.
1186 2961 1326 3025 Excedite
1341 2965 1379 3025 de
1394 2982 1451 3026 mer

316 3061 396 3134 eius,
418 3060 521 3139 utique
544 3077 725 3139 synagogam
758 3059 955 3140 separamini,
987 3061 1037 3139 qui
1064 3061 1229 3124 ‘dominica
1256 3082 1326 3125 vasa
1353 3072 1451 3144 portat

314 3161 375 3223 lam
398 3161 477 3222 enim
500 3160 663 3222 secundum
685 3178 775 3240 supra
798 3161 908 3241 scripta
929 3161 1108 3223 revelaverat
1128 3162 1269 3225 dominus
1290 3163 1451 3226 hracbion

316 3269 466 3336 sanctum,
489 3262 520 3323 id
542 3270 588 3323 est
608 3260 714 3322 virtute
737 3279 791 3322 sua
803 3260 954 3322 Christum
976 3280 1076 3323 coram
1099 3263 1286 3337 nationibus,
1309 3276 1344 3327 ut
1364 3266 1451 3329 vider

315 3363 471 3424 universae
492 3363 628 3425 nationes
650 3370 681 3423 et
700 3380 816 3423 summa
839 3369 936 3424 terrae
958 3362 1097 3456 salutem,
1120 3383 1196 3443 quae
1219 3373 1282 3427 orat
1302 3385 1320 3426 a
1342 3365 1411 3429 deo.

316 3472 347 3527 et
367 3464 404 3525 ab
426 3464 492 3544 ipso
515 3464 663 3527 ludaismo
692 3462 890 3536 divertentes,
921 3482 989 3525 cum
1016 3464 1089 3543 legis
1118 3464 1316 3544 obligamenta
1344 3475 1374 3529 et
1401 3484 1447 3529 on

163 3583 303 3641 renem.
316 3564 482 3642 evangelica
503 3564 562 3624 iam
583 3564 718 3625 libertate
740 3571 904 3635 mutarent,
926 3563 1073 3642 psalmum
1096 3565 1352 3644 exsequebantur:
1383 3566 1451 3630 “ll

315 3680 489 3742 rumpamus
511 3664 625 3725 vincula
648 3683 752 3725 eorum
768 3672 798 3725 et
812 3662 973 3724 abiciamus
989 3682 1005 3724 a
1021 3664 1109 3727 nobis
1125 3667 1226 3746 iugum
1242 3686 1365 3729 eorum:
1386 3684 1451 3749 poe

313 3764 411 3826 ‘certe
433 3781 520 3842 quam
544 3764 736 3825 tumultuatae
757 3771 829 3826 sunt
849 3772 953 3841 gentes
976 3773 1006 3826 et
1020 3766 1121 3845 populi
1142 3767 1275 3829 meditati
1292 3778 1364 3831 suut
1376 3770 1451 3857 ineu

314 3866 472 3947 astiterunt
493 3881 580 3941 roges
602 3871 713 3938 terrae,
750 3872 780 3925 et
806 3863 955 3944 principes
984 3867 1153 3944 cougregati
1176 3869 1299 3930 suntin
1322 3884 1451 3932 nnuma

315 3982 421 4027 versus
449 3963 602 4026 dominum
629 3972 659 4025 et
686 3964 828 4028 adversus
849 3964 1000 4027 Christum
1028 3966 1100 4027 eius.
1144 3967 1246 4041 'Quae
1274 3969 1384 4053 dehinc
1407 3982 1451 4052 p!

318 4115 357 4166 to.
375 4124 417 4167 ant
434 4118 457 4167 d.
475 4117 582 4167 tuerent
617 4122 696 4166 autem
714 4118 807 4182 reliqui.
850 4118 890 4169 tt.
908 4118 1153 4170 dominumtuureat.
1200 4120 1239 4171 tn.
1257 4136 1356 4189 quoque
1373 4139 1388 4174 e
1404 4120 1451 4190 μὴ’

316 4185 392 4248 magis
410 4185 519 4234 laurent.
573 4182 826 4235 lacerarentur.
1258 4191 1265 4203 “

381 4251 440 4315 Cep.
459 4251 529 4301 llllll.
570 4251 593 4300 1.
613 4252 802 4314 praedicantium
822 4253 929 4303 laurent.
978 4252 1001 4302 2.
1021 4252 1253 4306 maledicerent.
1289 4256 1378 4307 melum
1396 4256 1451 4323 eutr

314 4316 339 4367 3.
357 4318 380 4367 in
399 4318 460 4368 lines
478 4328 556 4368 terrae
573 4319 679 4369 laurent.
721 4319 745 4369 4.
764 4320 887 4370 archontie
905 4321 1013 4371 bcureut.
1056 4321 1080 4370 h.
1100 4321 1219 4371 dominice
1239 4337 1295 4374 rasa
1314 4326 1348 4386 d„
1367 4338 1451 4377 exat

314 4386 363 4436 det.
380 4386 474 4436 latinii.
509 4386 600 4436 domini
618 4401 716 4436 cansam
733 4388 828 4452 reliqui,
846 4388 953 4438 tuerent.
972 4397 993 4439 et
1007 4389 1166 4440 Vctiecuorum
1182 4397 1287 4456 uterque.
1321 4392 1378 4458 :bh
1397 4390 1451 4445 dini

314 4466 401 4516 pannus
417 4454 527 4504 laurent.
578 4452 604 4505 o.
623 4460 703 4503 certae
721 4469 743 4504 c.
796 4454 820 4506 l.
839 4456 905 4519 qued
920 4457 1025 4507 laurent.
1448 4472 1451 4479 ’

348 4553 462 4603 elidem
485 4555 556 4604 istam
582 4553 687 4619 apostoli
712 4551 876 4622 induxerunt]
928 4557 994 4607 Esei.
1013 4557 1126 4622 capiti,
1154 4558 1199 4608 sed
1225 4559 1279 4610 vide
1302 4559 1443 4612 brevitate·

313 4619 406 4685 Nempe
424 4622 454 4671 de
472 4622 601 4685 proselytis
621 4621 701 4670 solnm
719 4623 879 4686 relegentis,
928 4633 1004 4674 artem
1029 4626 1144 4685 cocturis,
1172 4627 1213 4691 qui
1237 4634 1264 4677 ut
1287 4628 1432 4692 prophetiae

314 4690 464 4750 induxerunt,
493 4690 517 4739 id
535 4697 572 4738 est
589 4689 736 4752 deleverunt,
761 4692 877 4755 evangelii
928 4692 1132 4756 complementum
1160 4696 1300 4745 ostenderet
1332 4695 1451 4760 responde

254 4758 256 4762 '
314 4757 518 4819 promulgatione.
536 4757 699 4818 (fulmine.)
928 4763 1081 4810 commutent
1110 4762 1228 4812 cretionis
1254 4762 1369 4824 modum,
1405 4770 1430 4815 et

348 4823 408 4888 Cap.
426 4825 496 4892 llhll.
531 4839 553 4874 e.
571 4825 652 4886 Longa
671 4821 774 4891 quique]
803 4827 876 4877 llecte
928 4830 1056 4892 prophetie
1081 4831 1246 4883 narrationem
1271 4831 1337 4882 lecit.
1371 4830 1451 4895 (tu-l

315 4889 436 4943 Pameline
453 4893 494 4943 hic
516 4891 597 4944 locunt
621 4894 711 4943 adlerri
735 4894 826 4946 indicat
848 4907 877 4945 ex
927 4895 1002 4957 nine.)
