3242 5775
296 584 358 648 494
551 598 651 648 ΟΙΙΙΜῚ
674 596 805 639 sserttttt
827 595 990 639 ruosuxrts
1012 595 1205 640 rnnsutttattt

296 751 359 813 eius
382 757 412 811 et
432 747 614 810 universales
643 747 672 809 in
695 765 782 809 omne
806 746 984 808 ¹¹bominum
1007 765 1098 824 genus
1121 733 1283 808 lucem'sui
1306 747 1342 820 lu,

297 851 397 930 ¹²quae
419 857 529 930 quanto
551 849 679 926 maiora,
702 859 783 911 tanto
806 848 929 910 clariora
952 866 1021 909 esse
1036 848 1193 918 deberent,
1218 857 1250 909 ut
1264 849 1342 908 maio

296 952 445 1015 derantur.
488 950 525 1012 Et
544 959 617 1032 puto
639 952 695 1013 deo
717 968 773 1012 nec
792 950 915 1012 livorem
944 969 1000 1011 nec
1027 949 1126 1010 dolum
1155 968 1209 1010 nec
1230 954 1342 1010 insono

296 1073 351 1116 nec
371 1052 547 1114 lenocinium
569 1052 697 1114 adscribi
719 1070 826 1131 posse,
849 1071 902 1132 per
924 1070 998 1132 quae
1020 1053 1081 1113 iere
1104 1049 1342 1130 promulgationi

297 1155 473 1218 evitatura

165 1278 286 1339 capent.
381 1256 454 1317 Post
475 1254 548 1317 baec
568 1253 604 1316 ad
626 1254 690 1317 illas
714 1255 816 1317 'etiarn
832 1254 991 1335 scripturas
1007 1253 1224 1333 respiciendum
1240 1262 1287 1314 est
1301 1274 1342 1334 qu

296 1359 403 1429 sinunt,
418 1356 665 1419 resurrectionem
687 1355 850 1418 secundum
871 1339 1011 1416 animales
1034 1354 1125 1428 istos,
1157 1374 1194 1416 nc
1216 1355 1341 1417 dixerim

297 1460 400 1534 tales·,
428 1466 479 1520 aut
500 1457 547 1519 liic
568 1457 625 1519 iam
647 1457 684 1546 in¹
698 1457 827 1520 veritatis
849 1457 997 1537 agnitione
1025 1457 1173 1536 praesumi
1201 1465 1250 1517 aut
1277 1456 1312 1517 ab
1338 1480 1342 1516 t

299 1561 397 1630 statim
419 1557 666 1640 vitaevindicari.
711 1558 783 1620 Cum
807 1558 885 1619 enirn
916 1567 945 1618 et
966 1565 1097 1636 tempora
1122 1557 1211 1618 totius
1235 1558 1299 1637 spei
1323 1558 1342 1619 li

297 1668 486 1725 sacrosancto
509 1659 594 1743 stilo,
627 1678 682 1721 nec
701 1659 788 1722 liceat
809 1679 873 1722 eam
895 1667 963 1721 ante
984 1658 1122 1719 constitui
1146 1657 1249 1738 ²quam
1278 1658 1307 1718 in
1332 1659 1342 1690 ³

297 1775 374 1838 tum,
403 1762 526 1843 opinor,
555 1760 678 1835 Christi,
709 1771 776 1824 rota
797 1770 902 1823 nostra
924 1761 1074 1840 suspirant
1094 1760 1141 1821 ‘in
1164 1759 1272 1821 saeculi
1295 1760 1342 1822 bui

297 1866 428 1936 casum‘,
460 1863 527 1923 “in
555 1855 710 1940 transitum
739 1864 841 1924 mundi
869 1881 987 1942 qnoque
1018 1862 1053 1922 ad
1076 1861 1153 1922 diem
1177 1862 1287 1923 domini
1311 1881 1341 1923 m

297 1969 374 2031 diem
397 1967 459 2029 irae
479 1965 527 2026 'et
547 1963 767 2038 retributionis,
800 1962 876 2024 diem
906 1964 1039 2025 ultimum
1069 1973 1099 2024 et
1126 1964 1286 2037 occultum,
1325 1983 1342 2025 n

296 2045 430 2150 ⁶pra'teler
451 2065 526 2146 patri
547 2074 667 2139 notum,
700 2064 730 2127 et
757 2072 854 2126 umen
877 2064 968 2144 signis
997 2075 1084 2143 atque
1110 2064 1255 2143 portentis
1279 2072 1308 2125 et
1332 2085 1342 2127 t

301 2222 338 2273 ll.
357 2221 487 2271 humanum
499 2218 530 2270 li.
548 2227 593 2269 tres
615 2220 723 2269 Vaticani
778 2216 817 2268 tt.
836 2233 897 2282 qnae
914 2234 957 2269 ont.
969 2219 991 2267 d.

365 2289 424 2353 Cap.
442 2288 510 2338 ΧΧΙΙ.
555 2288 575 2336 l.
601 2302 696 2352 quoque
719 2289 744 2337 t.
802 2286 825 2335 2.
845 2301 914 2351 quarn
939 2287 961 2334 in
987 2287 1037 2336 bed.
1079 2299 1153 2347 aeone
1172 2285 1195 2333 in
1220 2288 1270 2335 eod.
1290 2287 1342 2337 lo.l

192 2378 194 2381 >
298 2358 322 2408 in
339 2358 434 2422 religati.
494 2355 518 2404 ³.
536 2356 660 2405 adveutum
680 2355 734 2405 licei.
758 2363 803 2404 tres
826 2356 934 2415 Vaticani,
961 2362 981 2403 et
1000 2356 1050 2403 cod.
1069 2354 1238 2403 indistinctis.
1279 2354 1339 2404 adse

297 2425 322 2475 l.
340 2426 364 2474 iu
382 2424 514 2474 omilide.
566 2422 612 2472 tt.
631 2426 709 2473 estA.
769 2423 792 2471 5.
811 2431 834 2472 et
852 2428 931 2472 oreb
990 2421 1014 2470 li.
1033 2430 1129 2485 praeter
1147 2422 1207 2483 patri
1225 2421 1284 2470 lut.
1303 2439 1342 2472 cot

298 2501 464 2558 praeterquam
483 2490 543 2554 patri
560 2491 652 2555 reliqui.
1246 2486 1249 2495 '

331 2607 354 2654 g.
374 2606 417 2656 per
440 2606 500 2655 quae
523 2591 574 2639 iere
596 2590 756 2654 promulgatio
775 2590 853 2640 maio·
904 2590 1074 2640 Onomasticon
1103 2590 1283 2639 Graeco-latin.
1308 2591 1339 2641 ed

298 2675 351 2712 rum
365 2653 507 2723 cantitatur}
526 2658 639 2719 Rigaltius
654 2661 765 2709 maiorum
777 2659 853 2708 inter·
904 2675 927 2723 p.
941 2658 987 2708 22:
1006 2658 1123 2718 „cecilio
1144 2651 1329 2721 copitopasf‘

298 2735 406 2793 pretatur
438 2726 632 2790 „potentiorem
663 2727 852 2788 magistratuum,
938 2726 995 2788 Cap.
1015 2724 1083 2774 llllll.
1121 2740 1142 2773 a.
1162 2740 1191 2774 uc
1210 2725 1341 2776 direrims

298 2794 469 2862 potestatum.“
517 2794 593 2851 Quam
623 2793 854 2857 interpretationem,
903 2794 1004 2843 lieeusat
1027 2793 1160 2840 haereticos
1184 2795 1307 2842 nominare
1332 2810 1342 2844 s

297 2864 429 2914 sententiae
447 2860 606 2923 commodam,
626 2861 736 2911 lubenter
745 2868 769 2911 et
782 2860 852 2910 indu·
904 2875 957 2912 eum
976 2869 1055 2910 tamen
1074 2868 1164 2924 posset,
1183 2863 1237 2925 qnia
1256 2864 1342 2928 scriptu

298 2934 400 2982 bitanter
426 2928 593 2992 amplecterer,
619 2929 665 2977 nisi
691 2929 715 2979 iu
744 2929 852 2992 proximo
904 2930 933 2979 de
951 2931 1129 2982 resurrectione
1152 2930 1342 2993 interpretabaon

299 3014 360 3063 quae
379 2997 779 3047 disitsncs'orureteresidereutur.
807 2997 864 3046 Ne··
904 2996 991 3055 taliter,
1016 3004 1040 3045 nt
1063 2997 1086 3045 in
1112 3013 1162 3060 cap.
1182 2999 1336 3048 antecedente

299 3081 346 3132 que
363 3065 492 3116 enimblio
507 3065 567 3114 bene
579 3064 712 3127 significatu
724 3065 854 3128 Septimius
905 3067 969 3114 bant.
1010 3065 1080 3114 locat
1105 3075 1182 3114 tamen
1207 3067 1324 3116 animales

300 3137 345 3185 boe
363 3132 478 3184 vocabulo
497 3133 529 3182 uti
546 3139 638 3196 poterat
655 3147 701 3197 quo
714 3132 785 3197 paulo
800 3141 854 3182 ante
906 3136 1038 3183 animarum
1057 3135 1267 3192 resurrectionem,
1287 3143 1311 3184 ut
1323 3135 1342 3184 d

205 3241 210 3259 ,
299 3203 346 3252 alio
370 3203 416 3251 iarn
442 3216 500 3251 usas
526 3209 591 3254 erat.
615 3215 644 3250 ne
672 3215 718 3266 qua
745 3201 854 3262 ambigua
906 3199 1018 3265 cap.l8.,
1043 3202 1174 3264 scripturas
1198 3203 1342 3252 referebant.

298 3273 361 3321 ioret
384 3271 468 3320 oratio.
511 3269 671 3319 Nihilominus
695 3268 855 3333 promulgatio
907 3271 965 3318 baec
992 3282 1034 3316 ros
1061 3269 1092 3316 sit
1119 3277 1269 3331 contemptus
1299 3280 1323 3321 et

300 3341 416 3390 maiorum
435 3352 482 3387 uon
501 3337 546 3386 alia
558 3337 602 3386 erit
612 3351 683 3400 quam
694 3337 855 3401 promulgatio
907 3332 1036 3398 Praecipue
1054 3340 1158 3400 respexit
1176 3338 1205 3386 ad
1225 3338 1342 3388 haeretico

300 3409 479 3470 magistratuum
495 3404 529 3454 sel
544 3412 687 3469 potestatum
706 3405 745 3469 qni
765 3406 855 3453 maiora
906 3405 1018 3461 tinianos,
1043 3405 1082 3467 qui
1107 3420 1201 3453 earnem
1221 3406 1308 3455 Christi
1335 3423 1342 3456 a

299 3476 440 3540 promittunt
463 3481 533 3538 atque
550 3472 711 3537 promulgant.
748 3473 856 3523 Casilini
905 3473 940 3521 sel
959 3473 1089 3535 spiritalem
1110 3473 1266 3534 nugabantur,
1286 3483 1310 3523 ut
1322 3490 1342 3524 et

299 3551 377 3593 autem
403 3543 459 3592 dicit
485 3556 536 3590 eam
567 3541 781 3605 promulgationem
809 3555 855 3604 qua
906 3540 1008 3603 cupid.
1033 3539 1073 3588 lib.
1100 3540 1226 3590 Decerne
1245 3542 1342 3603 Christi,

299 3613 338 3675 qui
353 3610 510 3675 ‚promulgant
522 3607 607 3658 dolose
620 3609 855 3673 promulgantatque
905 3609 1001 3658 animali
1021 3623 1100 3667 earne,
1126 3618 1148 3656 et
1167 3624 1218 3672 cap.
1233 3608 1280 3668 15,
1304 3612 1342 3659 ubi

300 3679 447 3742 promittuut.
499 3677 535 3726 Cl.
562 3678 622 3726 inlrs
647 3676 762 3741 captiti:
789 3676 856 3736 „Sed
905 3677 976 3725 rituli.
1019 3676 1147 3739 ipsumque
1179 3677 1299 3725 bominem
1329 3679 1342 3726 it

300 3748 410 3809 quoniam
436 3752 459 3793 et
483 3745 521 3794 bic
538 3743 568 3792 de
586 3745 780 3807 interpretatione
799 3758 855 3792 cor·
905 3743 1001 3793 exordio
1021 3745 1134 3806 peculiari
1153 3759 1196 3792 suo
1221 3745 1306 3793 delirio
1335 3763 1342 3795 t

302 3815 367 3877 poris
391 3815 494 3876 quaestio
518 3812 659 3861 cauillatur“
684 3820 737 3862 cett.
773 3811 854 3875 ltaque
904 3819 927 3860 ct
945 3811 1075 3875 spiritalem
1101 3813 1202 3861 elliotum
1222 3813 1342 3873 dicebant,

301 3895 347 3929 non
366 3894 427 3942 opus
446 3886 552 3928 eatcum
571 3878 694 3938 inlunio,
719 3879 805 3928 Ludos.
826 3878 855 3927 de
905 3895 957 3942 cap.
981 3879 1089 3927 tt-tt
1110 3896 1162 3943 sqq.
1193 3880 1243 3928 adr.
1274 3880 1342 3931 Valet

301 3947 323 3997 la
342 3947 417 3997 Cerda
442 3945 543 4009 aliisque
566 3947 670 3996 cavillari
699 3949 792 4010 passivo
818 3947 855 3996 bic
905 3948 1000 4011 ipsique
1019 3963 1045 3996 se
1064 3946 1216 3997 Valentiniani
1242 3950 1342 4010 spiritui«

300 4029 372 4064 seusu
391 4023 530 4077 usurpatum
558 4015 666 4077 accipere
690 4014 854 4079 (quiquidem
905 4017 1039 4075 sumebant,
1064 4024 1086 4063 et
1111 4017 1287 4078 praedicabant,
1318 4028 1342 4067 nt

300 4084 487 4146 interpretantur
512 4082 718 4140 „cavillationibus
742 4083 854 4130 iniectum
901 4098 932 4131 er
953 4083 1051 4132 irenaeo
1071 4083 1110 4132 lib.
1123 4085 1141 4144 l,
1160 4101 1211 4148 cap.
1224 4085 1244 4131 l.
1273 4085 1342 4141 (Ludi

300 4153 381 4210 esse,“
400 4150 463 4214 quod
482 4150 620 4200 debuissent
637 4152 725 4200 rectius
742 4150 855 4208 „callide
905 4151 1000 4211 Corda.)

301 4219 411 4280 ambigue
438 4227 461 4266 et
488 4218 622 4282 petulanter
648 4218 793 4281 explicar·i;“
825 4218 854 4266 cl.
939 4219 961 4267 b.
986 4226 1036 4267 vota
1063 4227 1142 4267 nostra
1174 4219 1296 4282 suspirant
1323 4221 1342 4269 ir

302 4287 400 4336 Dirltsen
420 4286 526 4335 llanuale
545 4302 564 4335 s.
574 4303 594 4335 r.
611 4287 726 4346 taetttert,
746 4284 853 4349 pltat,
905 4287 975 4335 httius
993 4284 1117 4347 occasutnl
1142 4287 1215 4336 iliter
1234 4289 1303 4348 igitur
1322 4305 1342 4336 at

302 4354 345 4404 etsi
363 4354 459 4403 activam
484 4356 547 4403 serbi
574 4355 674 4404 lerinam
698 4368 777 4403 resera
796 4368 853 4416 pas·
905 4355 973 4403 aliter
992 4355 1020 4402 ad
1040 4355 1194 4403 Christianos.
1241 4357 1298 4404 Nam
1325 4371 1342 4404 a

301 4423 346 4472 sim
371 4428 485 4471 testentur
510 4423 639 4472 Glossaria.
682 4421 853 4473 Gloselatin.
905 4425 927 4471 in
947 4423 1044 4486 Apolog.
1065 4416 1206 4487 [enp.39.]:
1227 4424 1342 4482 „Oramus

301 4491 325 4540 iu
349 4491 405 4551 lug.
431 4490 482 4538 steti
513 4494 586 4539 lectt
611 4490 686 4539 Closs.
719 4499 775 4540 tom.
794 4489 853 4547 Vlll,
904 4506 948 4553 pro
975 4506 1040 4538 mora
1065 4490 1145 4538 linis.“
1181 4492 1261 4539 Finem
1290 4507 1342 4541 scre

302 4572 325 4622 p.
343 4556 404 4607 ill:
427 4566 467 4615 „et
486 4559 540 4607 inde
559 4559 648 4619 cosilio,
668 4574 702 4608 us.
720 4559 735 4609 i.
754 4566 853 4607 conten·
904 4558 1021 4619 intelligit.
1057 4558 1084 4606 tlt
1103 4559 1141 4606 lib.
1161 4559 1194 4608 lie
1211 4559 1323 4608 Oratione

302 4627 368 4687 dere,
394 4625 456 4674 unde
483 4625 620 4675 cavillatot·“
639 4634 693 4676 cett.
720 4634 744 4675 et
768 4628 853 4675 iterum
904 4626 1048 4687 „tirtomodo
1067 4627 1161 4688 qnidam
1182 4635 1326 4690 protractum

302 4695 359 4743 ibid.
386 4709 408 4758 p.
428 4694 487 4743 145:
517 4693 664 4754 „Coeillcre,
700 4695 852 4753 contendere,
904 4694 1000 4743 saeculo
1012 4695 1140 4757 postulant,
1160 4697 1342 4757 cumregnurni

302 4763 431 4827 disputare,
451 4762 551 4824 litigare,
569 4761 688 4823 iurgare.“
719 4763 754 4812 Ci.
773 4762 852 4812 Gloss.
904 4770 930 4810 ut
948 4763 1053 4811 adveniat
1065 4777 1169 4820 orantus,
1189 4763 1217 4811 ad
1230 4779 1342 4814 consumo

302 4830 388 4882 isidori
412 4845 449 4896 sp.
469 4830 504 4882 lla
522 4830 636 4893 Ganginm
662 4844 682 4881 s.
693 4845 712 4881 r.
733 4830 851 4881 devillare.
903 4830 992 4881 saeculi
1011 4827 1129 4881 teudatl“
1146 4831 1249 4895 (Rigalt.)
