<?xml version="1.0" encoding="UTF-8"?>
<!DOCTYPE html PUBLIC "-//W3C//DTD XHTML 1.0 Transitional//EN"
    "http://www.w3.org/TR/xhtml1/DTD/xhtml1-transitional.dtd">
<html xmlns="http://www.w3.org/1999/xhtml" xml:lang="en" lang="en">
 <head>
  <title>
</title>
<meta http-equiv="Content-Type" content="text/html;charset=utf-8" />
  <meta name='ocr-system' content='tesseract 3.04.00' />
  <meta name='ocr-capabilities' content='ocr_page ocr_carea ocr_par ocr_line ocrx_word'/>
</head>
<body>
  <div class='ocr_page' id='page_1' title='image "./quaesupersuntom00oehlgoog_0282.png"; bbox 0 0 3242 5775; ppageno 0'>
   <div class='ocr_carea' id='block_1_1' title="bbox 314 599 1238 664">
    <p class='ocr_par' dir='ltr' id='par_1_1' title="bbox 314 599 1238 664">
     <span class='ocr_line' id='line_1_1' title="bbox 314 599 1238 664; baseline -0.009 -3"><span class='ocrx_word' id='word_1_1' title='bbox 314 599 376 662; x_wconf 81' lang='lat'><strong>332</strong></span> <span class='ocrx_word' id='word_1_2' title='bbox 574 613 676 664; x_wconf 79' lang='lat' dir='ltr'><strong>curari</strong></span> <span class='ocrx_word' id='word_1_3' title='bbox 699 613 832 655; x_wconf 83' lang='lat' dir='ltr'><strong>sarrrurr</strong></span> <span class='ocrx_word' id='word_1_4' title='bbox 854 613 1019 655; x_wconf 81' lang='lat' dir='ltr'><strong>rnonsurrs</strong></span> <span class='ocrx_word' id='word_1_5' title='bbox 1042 612 1238 655; x_wconf 79' lang='lat' dir='ltr'><strong>ranrunuraur</strong></span> 
     </span>
    </p>
   </div>
   <div class='ocr_carea' id='block_1_2' title="bbox 163 761 1452 4169">
    <p class='ocr_par' dir='ltr' id='par_1_2' title="bbox 163 761 1452 3399">
     <span class='ocr_line' id='line_1_2' title="bbox 315 761 1452 835; baseline 0 -9"><span class='ocrx_word' id='word_1_6' title='bbox 315 764 368 828; x_wconf 88' lang='lat' dir='ltr'><strong>sed</strong></span> <span class='ocrx_word' id='word_1_7' title='bbox 390 763 552 825; x_wconf 78' lang='lat' dir='ltr'><strong>secundum</strong></span> <span class='ocrx_word' id='word_1_8' title='bbox 574 762 686 825; x_wconf 76' lang='lat' dir='ltr'><strong>litteras</strong></span> <span class='ocrx_word' id='word_1_9' title='bbox 708 762 875 824; x_wconf 75' lang='lat' dir='ltr'><strong>saeculares</strong></span> <span class='ocrx_word' id='word_1_10' title='bbox 900 769 929 824; x_wconf 92' lang='lat' dir='ltr'><strong>et</strong></span> <span class='ocrx_word' id='word_1_11' title='bbox 943 762 1104 824; x_wconf 79' lang='lat' dir='ltr'><strong>sectmdurn</strong></span> <span class='ocrx_word' id='word_1_12' title='bbox 1121 761 1327 835; x_wconf 74' lang='lat' dir='ltr'><strong>traditionem,</strong></span> <span class='ocrx_word' id='word_1_13' title='bbox 1352 762 1452 826; x_wconf 64' lang='lat' dir='ltr'><strong>“scib</strong></span> 
     </span>
     <span class='ocr_line' id='line_1_3' title="bbox 313 863 1452 948; baseline -0.001 -20"><span class='ocrx_word' id='word_1_14' title='bbox 313 865 467 928; x_wconf 90' lang='lat' dir='ltr'><strong>bominum</strong></span> <span class='ocrx_word' id='word_1_15' title='bbox 491 864 751 945; x_wconf 76' lang='lat' dir='ltr'><strong>subtililoquorum</strong></span> <span class='ocrx_word' id='word_1_16' title='bbox 775 872 804 925; x_wconf 91' lang='lat' dir='ltr'><strong>et</strong></span> <span class='ocrx_word' id='word_1_17' title='bbox 818 863 1082 943; x_wconf 87' lang='lat' dir='ltr'><strong>philosopherum,</strong></span> <span class='ocrx_word' id='word_1_18' title='bbox 1104 864 1233 948; x_wconf 22' lang='lat' dir='ltr'><strong>longum,</strong></span> <span class='ocrx_word' id='word_1_19' title='bbox 1248 872 1295 925; x_wconf 89' lang='lat' dir='ltr'><strong>est</strong></span> <span class='ocrx_word' id='word_1_20' title='bbox 1317 863 1452 943; x_wconf 82' lang='lat' dir='ltr'><strong>quidem-</strong></span> 
     </span>
     <span class='ocr_line' id='line_1_4' title="bbox 315 964 1452 1045; baseline 0.002 -17"><span class='ocrx_word' id='word_1_21' title='bbox 315 966 437 1029; x_wconf 89' lang='lat' dir='ltr'><strong>alterius</strong></span> <span class='ocrx_word' id='word_1_22' title='bbox 461 966 561 1045; x_wconf 89' lang='lat' dir='ltr'><strong>operis</strong></span> <span class='ocrx_word' id='word_1_23' title='bbox 585 966 746 1027; x_wconf 87' lang='lat' dir='ltr'><strong>ostendere</strong></span> <span class='ocrx_word' id='word_1_24' title='bbox 769 964 850 1026; x_wconf 77' lang='lat' dir='ltr'><strong>&#39;‘hac</strong></span> <span class='ocrx_word' id='word_1_25' title='bbox 872 966 1019 1028; x_wconf 87' lang='lat' dir='ltr'><strong>sententia</strong></span> <span class='ocrx_word' id='word_1_26' title='bbox 1047 979 1152 1028; x_wconf 86' lang='lat' dir='ltr'><strong>omnes</strong></span> <span class='ocrx_word' id='word_1_27' title='bbox 1184 967 1325 1028; x_wconf 87' lang='lat' dir='ltr'><strong>haereses</strong></span> <span class='ocrx_word' id='word_1_28' title='bbox 1348 966 1452 1030; x_wconf 82' lang='lat' dir='ltr'><strong>damna</strong></span> 
     </span>
     <span class='ocr_line' id='line_1_5' title="bbox 315 1066 1452 1148; baseline -0.001 -19"><span class='ocrx_word' id='word_1_29' title='bbox 315 1068 393 1148; x_wconf 92' lang='lat' dir='ltr'><strong>quod</strong></span> <span class='ocrx_word' id='word_1_30' title='bbox 422 1086 527 1129; x_wconf 88' lang='lat' dir='ltr'><strong>omnes</strong></span> <span class='ocrx_word' id='word_1_31' title='bbox 556 1086 590 1129; x_wconf 79' lang='lat' dir='ltr'><strong>ex</strong></span> <span class='ocrx_word' id='word_1_32' title='bbox 620 1066 916 1145; x_wconf 73' lang='lat' dir='ltr'><strong>”subtililoquentiae</strong></span> <span class='ocrx_word' id='word_1_33' title='bbox 944 1066 1058 1128; x_wconf 78' lang='lat' dir='ltr'><strong>viribus</strong></span> <span class='ocrx_word' id='word_1_34' title='bbox 1086 1077 1116 1127; x_wconf 89' lang='lat' dir='ltr'><strong>et</strong></span> <span class='ocrx_word' id='word_1_35' title='bbox 1143 1067 1352 1147; x_wconf 79' lang='lat' dir='ltr'><strong>philosophiae</strong></span> <span class='ocrx_word' id='word_1_36' title='bbox 1381 1085 1452 1148; x_wconf 88' lang='lat' dir='ltr'><strong>regu</strong></span> 
     </span>
     <span class='ocr_line' id='line_1_6' title="bbox 269 1168 1452 1250; baseline 0.001 -19"><span class='ocrx_word' id='word_1_37' title='bbox 269 1233 272 1239; x_wconf 74' lang='grc'>,</span> <span class='ocrx_word' id='word_1_38' title='bbox 314 1178 460 1231; x_wconf 87' lang='lat' dir='ltr'><strong>constent.</strong></span> <span class='ocrx_word' id='word_1_39' title='bbox 499 1169 558 1230; x_wconf 90' lang='lat' dir='ltr'><strong>Sed</strong></span> <span class='ocrx_word' id='word_1_40' title='bbox 578 1168 709 1229; x_wconf 90' lang='lat' dir='ltr'><strong>llarcion</strong></span> <span class='ocrx_word' id='word_1_41' title='bbox 732 1168 922 1248; x_wconf 80' lang='lat' dir='ltr'><strong>principalem</strong></span> <span class='ocrx_word' id='word_1_42' title='bbox 947 1186 1018 1230; x_wconf 86' lang='lat' dir='ltr'><strong>suae</strong></span> <span class='ocrx_word' id='word_1_43' title='bbox 1039 1168 1108 1229; x_wconf 88' lang='lat' dir='ltr'><strong>bdei</strong></span> <span class='ocrx_word' id='word_1_44' title='bbox 1132 1168 1288 1229; x_wconf 90' lang='lat' dir='ltr'><strong>terminum</strong></span> <span class='ocrx_word' id='word_1_45' title='bbox 1314 1168 1351 1231; x_wconf 93' lang='lat' dir='ltr'><strong>de</strong></span> <span class='ocrx_word' id='word_1_46' title='bbox 1371 1169 1452 1250; x_wconf 65' lang='lat' dir='ltr'><strong>Epis</strong></span> 
     </span>
     <span class='ocr_line' id='line_1_7' title="bbox 315 1268 1446 1347; baseline 0.002 -14"><span class='ocrx_word' id='word_1_47' title='bbox 315 1270 417 1334; x_wconf 84' lang='lat' dir='ltr'><strong>schola</strong></span> <span class='ocrx_word' id='word_1_48' title='bbox 439 1277 595 1347; x_wconf 87' lang='lat' dir='ltr'><strong>agnoscat,</strong></span> <span class='ocrx_word' id='word_1_49' title='bbox 624 1269 805 1330; x_wconf 79' lang='lat' dir='ltr'><strong>¹⁸dominum</strong></span> <span class='ocrx_word' id='word_1_50' title='bbox 834 1270 965 1331; x_wconf 89' lang='lat' dir='ltr'><strong>inlerens</strong></span> <span class='ocrx_word' id='word_1_51' title='bbox 989 1268 1170 1342; x_wconf 83' lang='lat' dir='ltr'><strong>¹⁹bebetem,</strong></span> <span class='ocrx_word' id='word_1_52' title='bbox 1204 1268 1269 1330; x_wconf 67' lang='lat' dir='ltr'><strong>”ne</strong></span> <span class='ocrx_word' id='word_1_53' title='bbox 1292 1270 1392 1332; x_wconf 88' lang='lat' dir='ltr'><strong>timeri</strong></span> <span class='ocrx_word' id='word_1_54' title='bbox 1414 1270 1446 1336; x_wconf 82' lang='lat' dir='ltr'><strong>dt</strong></span> 
     </span>
     <span class='ocr_line' id='line_1_8' title="bbox 314 1370 1452 1451; baseline 0 -18"><span class='ocrx_word' id='word_1_55' title='bbox 314 1390 399 1445; x_wconf 90' lang='lat' dir='ltr'><strong>eum,</strong></span> <span class='ocrx_word' id='word_1_56' title='bbox 430 1370 578 1431; x_wconf 88' lang='lat' dir='ltr'><strong>collocans</strong></span> <span class='ocrx_word' id='word_1_57' title='bbox 601 1379 631 1432; x_wconf 89' lang='lat' dir='ltr'><strong>et</strong></span> <span class='ocrx_word' id='word_1_58' title='bbox 652 1389 719 1433; x_wconf 92' lang='lat' dir='ltr'><strong>cnm</strong></span> <span class='ocrx_word' id='word_1_59' title='bbox 742 1370 799 1431; x_wconf 89' lang='lat' dir='ltr'><strong>deo</strong></span> <span class='ocrx_word' id='word_1_60' title='bbox 829 1381 961 1432; x_wconf 90' lang='lat' dir='ltr'><strong>creatore</strong></span> <span class='ocrx_word' id='word_1_61' title='bbox 991 1370 1144 1432; x_wconf 83' lang='lat' dir='ltr'><strong>materiam</strong></span> <span class='ocrx_word' id='word_1_62' title='bbox 1172 1371 1209 1432; x_wconf 92' lang='lat' dir='ltr'><strong>de</strong></span> <span class='ocrx_word' id='word_1_63' title='bbox 1230 1372 1349 1451; x_wconf 91' lang='lat' dir='ltr'><strong>porticu</strong></span> <span class='ocrx_word' id='word_1_64' title='bbox 1371 1370 1452 1434; x_wconf 75' lang='lat' dir='ltr'><strong>Stois</strong></span> 
     </span>
     <span class='ocr_line' id='line_1_9' title="bbox 313 1471 1449 1553; baseline 0.001 -20"><span class='ocrx_word' id='word_1_65' title='bbox 313 1492 396 1544; x_wconf 91' lang='lat' dir='ltr'><strong>rum,</strong></span> <span class='ocrx_word' id='word_1_66' title='bbox 419 1491 530 1550; x_wconf 89' lang='lat' dir='ltr'><strong>negans</strong></span> <span class='ocrx_word' id='word_1_67' title='bbox 553 1472 650 1534; x_wconf 88' lang='lat' dir='ltr'><strong>carnis</strong></span> <span class='ocrx_word' id='word_1_68' title='bbox 673 1472 941 1545; x_wconf 75' lang='lat' dir='ltr'><strong>resurrectionem,</strong></span> <span class='ocrx_word' id='word_1_69' title='bbox 963 1472 999 1532; x_wconf 91' lang='lat' dir='ltr'><strong>de</strong></span> <span class='ocrx_word' id='word_1_70' title='bbox 1022 1491 1078 1551; x_wconf 87' lang='lat' dir='ltr'><strong>qua</strong></span> <span class='ocrx_word' id='word_1_71' title='bbox 1100 1473 1227 1553; x_wconf 91' lang='lat' dir='ltr'><strong>proinde</strong></span> <span class='ocrx_word' id='word_1_72' title='bbox 1249 1471 1329 1534; x_wconf 91' lang='lat' dir='ltr'><strong>nulla</strong></span> <span class='ocrx_word' id='word_1_73' title='bbox 1351 1472 1449 1551; x_wconf 67' lang='lat' dir='ltr'><strong>philo</strong></span> 
     </span>
     <span class='ocr_line' id='line_1_10' title="bbox 270 1572 1452 1654; baseline -0.003 -18"><span class='ocrx_word' id='word_1_74' title='bbox 270 1607 272 1636; x_wconf 88' lang='lat'>:</span> <span class='ocrx_word' id='word_1_75' title='bbox 313 1574 383 1654; x_wconf 82' lang='lat' dir='ltr'><strong>plaia</strong></span> <span class='ocrx_word' id='word_1_76' title='bbox 398 1572 576 1635; x_wconf 65' lang='lat' dir='ltr'><strong>consentire</strong></span> <span class='ocrx_word' id='word_1_77' title='bbox 614 1573 705 1638; x_wconf 83' lang='lat' dir='ltr'><strong>Cuius</strong></span> <span class='ocrx_word' id='word_1_78' title='bbox 719 1573 864 1651; x_wconf 89' lang='lat' dir='ltr'><strong>ingeniis·</strong></span> <span class='ocrx_word' id='word_1_79' title='bbox 885 1583 946 1635; x_wconf 89' lang='lat' dir='ltr'><strong>tam</strong></span> <span class='ocrx_word' id='word_1_80' title='bbox 968 1572 1056 1653; x_wconf 88' lang='lat' dir='ltr'><strong>longe</strong></span> <span class='ocrx_word' id='word_1_81' title='bbox 1077 1574 1163 1635; x_wconf 90' lang='lat' dir='ltr'><strong>abest</strong></span> <span class='ocrx_word' id='word_1_82' title='bbox 1184 1574 1291 1635; x_wconf 85' lang='lat' dir='ltr'><strong>veritas</strong></span> <span class='ocrx_word' id='word_1_83' title='bbox 1315 1583 1452 1653; x_wconf 87' lang='lat' dir='ltr'><strong>nostra,</strong></span> 
     </span>
     <span class='ocr_line' id='line_1_11' title="bbox 315 1674 1452 1754; baseline 0 -18"><span class='ocrx_word' id='word_1_84' title='bbox 315 1683 345 1736; x_wconf 92' lang='lat' dir='ltr'><strong>et</strong></span> <span class='ocrx_word' id='word_1_85' title='bbox 364 1674 439 1735; x_wconf 86' lang='lat' dir='ltr'><strong>iram</strong></span> <span class='ocrx_word' id='word_1_86' title='bbox 462 1674 509 1744; x_wconf 85' lang='lat' dir='ltr'><strong>dei</strong></span> <span class='ocrx_word' id='word_1_87' title='bbox 532 1674 658 1736; x_wconf 80' lang='lat' dir='ltr'><strong>excitare</strong></span> <span class='ocrx_word' id='word_1_88' title='bbox 680 1674 836 1748; x_wconf 80' lang='lat' dir='ltr'><strong>tormidet,</strong></span> <span class='ocrx_word' id='word_1_89' title='bbox 870 1674 903 1737; x_wconf 64' lang='lat' dir='ltr'><strong>et&#39;</strong></span> <span class='ocrx_word' id='word_1_90' title='bbox 929 1674 1027 1736; x_wconf 89' lang='lat' dir='ltr'><strong>omnia</strong></span> <span class='ocrx_word' id='word_1_91' title='bbox 1050 1674 1131 1736; x_wconf 89' lang='lat' dir='ltr'><strong>illum</strong></span> <span class='ocrx_word' id='word_1_92' title='bbox 1154 1694 1189 1736; x_wconf 85' lang='lat' dir='ltr'><strong>ex</strong></span> <span class='ocrx_word' id='word_1_93' title='bbox 1213 1674 1306 1736; x_wconf 89' lang='lat' dir='ltr'><strong>nihilo</strong></span> <span class='ocrx_word' id='word_1_94' title='bbox 1328 1676 1452 1754; x_wconf 63' lang='lat' dir='ltr'><strong>protuli</strong></span> 
     </span>
     <span class='ocr_line' id='line_1_12' title="bbox 314 1775 1452 1856; baseline 0.001 -19"><span class='ocrx_word' id='word_1_95' title='bbox 314 1776 458 1849; x_wconf 80' lang='lat' dir='ltr'><strong>confidat,</strong></span> <span class='ocrx_word' id='word_1_96' title='bbox 481 1783 510 1836; x_wconf 93' lang='lat' dir='ltr'><strong>et</strong></span> <span class='ocrx_word' id='word_1_97' title='bbox 532 1793 648 1836; x_wconf 84' lang='lat' dir='ltr'><strong>carnem</strong></span> <span class='ocrx_word' id='word_1_98' title='bbox 672 1775 795 1837; x_wconf 87' lang='lat' dir='ltr'><strong>eandem</strong></span> <span class='ocrx_word' id='word_1_99' title='bbox 819 1776 1024 1838; x_wconf 90' lang='lat' dir='ltr'><strong>restituturum</strong></span> <span class='ocrx_word' id='word_1_100' title='bbox 1045 1777 1248 1856; x_wconf 78' lang='lat' dir='ltr'><strong>repromittat,</strong></span> <span class='ocrx_word' id='word_1_101' title='bbox 1287 1785 1317 1836; x_wconf 91' lang='lat' dir='ltr'><strong>et</strong></span> <span class='ocrx_word' id='word_1_102' title='bbox 1339 1775 1452 1846; x_wconf 76' lang='lat' dir='ltr'><strong>Christe</strong></span> 
     </span>
     <span class='ocr_line' id='line_1_13' title="bbox 315 1875 1452 1957; baseline -0.002 -17"><span class='ocrx_word' id='word_1_103' title='bbox 315 1896 351 1940; x_wconf 82' lang='lat' dir='ltr'><strong>ex</strong></span> <span class='ocrx_word' id='word_1_104' title='bbox 367 1877 455 1941; x_wconf 76' lang='lat' dir='ltr'><strong>uulua</strong></span> <span class='ocrx_word' id='word_1_105' title='bbox 476 1876 600 1955; x_wconf 87' lang='lat' dir='ltr'><strong>virginis</strong></span> <span class='ocrx_word' id='word_1_106' title='bbox 622 1885 723 1938; x_wconf 91' lang='lat' dir='ltr'><strong>natum</strong></span> <span class='ocrx_word' id='word_1_107' title='bbox 751 1895 814 1939; x_wconf 92' lang='lat' dir='ltr'><strong>non</strong></span> <span class='ocrx_word' id='word_1_108' title='bbox 843 1878 1015 1951; x_wconf 88' lang='lat' dir='ltr'><strong>erubeseat,</strong></span> <span class='ocrx_word' id='word_1_109' title='bbox 1048 1877 1213 1939; x_wconf 84' lang='lat' dir='ltr'><strong>ridentibus</strong></span> <span class='ocrx_word' id='word_1_110' title='bbox 1241 1875 1452 1957; x_wconf 52' lang='lat' dir='ltr'><strong>philosophici</strong></span> 
     </span>
     <span class='ocr_line' id='line_1_14' title="bbox 201 1969 1452 2075; baseline -0.002 -33"><span class='ocrx_word' id='word_1_111' title='bbox 201 1969 301 2075; x_wconf 49' lang='lat' dir='ltr'><strong>plfflp</strong></span> <span class='ocrx_word' id='word_1_112' title='bbox 316 1979 474 2042; x_wconf 82' lang='lat' dir='ltr'><strong>haereticis</strong></span> <span class='ocrx_word' id='word_1_113' title='bbox 497 1986 526 2039; x_wconf 90' lang='lat' dir='ltr'><strong>et</strong></span> <span class='ocrx_word' id='word_1_114' title='bbox 548 1978 675 2039; x_wconf 88' lang='lat' dir='ltr'><strong>ethnicis</strong></span> <span class='ocrx_word' id='word_1_115' title='bbox 698 1978 781 2057; x_wconf 88' lang='lat' dir='ltr'><strong>ipsis.</strong></span> <span class='ocrx_word' id='word_1_116' title='bbox 820 1978 916 2040; x_wconf 85' lang='lat' dir='ltr'><strong>Stulta</strong></span> <span class='ocrx_word' id='word_1_117' title='bbox 938 1979 1016 2040; x_wconf 90' lang='lat' dir='ltr'><strong>enim</strong></span> <span class='ocrx_word' id='word_1_118' title='bbox 1032 1979 1134 2041; x_wconf 92' lang='lat' dir='ltr'><strong>mundi</strong></span> <span class='ocrx_word' id='word_1_119' title='bbox 1150 1978 1238 2057; x_wconf 90' lang='lat' dir='ltr'><strong>elegit</strong></span> <span class='ocrx_word' id='word_1_120' title='bbox 1252 1979 1345 2051; x_wconf 87' lang='lat' dir='ltr'><strong>deus,</strong></span> <span class='ocrx_word' id='word_1_121' title='bbox 1367 1987 1452 2056; x_wconf 64' lang='lat' dir='ltr'><strong>uterq</strong></span> 
     </span>
     <span class='ocr_line' id='line_1_15' title="bbox 230 2069 1452 2170; baseline -0.002 -26"><span class='ocrx_word' id='word_1_122' title='bbox 230 2085 233 2092; x_wconf 83' lang='lat'>&#39;</span> <span class='ocrx_word' id='word_1_123' title='bbox 313 2081 416 2144; x_wconf 89' lang='lat' dir='ltr'><strong>lundat</strong></span> <span class='ocrx_word' id='word_1_124' title='bbox 438 2080 604 2159; x_wconf 87' lang='lat' dir='ltr'><strong>sapientes,</strong></span> <span class='ocrx_word' id='word_1_125' title='bbox 627 2078 675 2141; x_wconf 90' lang='lat' dir='ltr'><strong>ille</strong></span> <span class='ocrx_word' id='word_1_126' title='bbox 697 2078 762 2140; x_wconf 91' lang='lat' dir='ltr'><strong>sine</strong></span> <span class='ocrx_word' id='word_1_127' title='bbox 784 2079 891 2154; x_wconf 89' lang='lat' dir='ltr'><strong>dubio,</strong></span> <span class='ocrx_word' id='word_1_128' title='bbox 914 2080 963 2159; x_wconf 92' lang='lat' dir='ltr'><strong>qui</strong></span> <span class='ocrx_word' id='word_1_129' title='bbox 980 2099 1015 2142; x_wconf 83' lang='lat' dir='ltr'><strong>ex</strong></span> <span class='ocrx_word' id='word_1_130' title='bbox 1030 2089 1171 2160; x_wconf 88' lang='lat' dir='ltr'><strong>respectu</strong></span> <span class='ocrx_word' id='word_1_131' title='bbox 1185 2080 1275 2142; x_wconf 87' lang='lat' dir='ltr'><strong>huius</strong></span> <span class='ocrx_word' id='word_1_132' title='bbox 1296 2098 1369 2142; x_wconf 87' lang='lat' dir='ltr'><strong>suae</strong></span> <span class='ocrx_word' id='word_1_133' title='bbox 1382 2069 1452 2170; x_wconf 47' lang='lat' dir='ltr'><strong>died</strong></span> 
     </span>
     <span class='ocr_line' id='line_1_16' title="bbox 314 2175 1452 2266; baseline -0.002 -22"><span class='ocrx_word' id='word_1_134' title='bbox 314 2181 433 2244; x_wconf 88' lang='lat' dir='ltr'><strong>sitionis</strong></span> <span class='ocrx_word' id='word_1_135' title='bbox 455 2181 639 2260; x_wconf 92' lang='lat' dir='ltr'><strong>perditurum</strong></span> <span class='ocrx_word' id='word_1_136' title='bbox 668 2199 702 2241; x_wconf 90' lang='lat' dir='ltr'><strong>se</strong></span> <span class='ocrx_word' id='word_1_137' title='bbox 730 2180 904 2260; x_wconf 87' lang='lat' dir='ltr'><strong>sapientiam</strong></span> <span class='ocrx_word' id='word_1_138' title='bbox 934 2182 1112 2260; x_wconf 88' lang='lat' dir='ltr'><strong>sapientium</strong></span> <span class='ocrx_word' id='word_1_139' title='bbox 1133 2181 1383 2261; x_wconf 86' lang='lat' dir='ltr'><strong>praeminabatur.</strong></span> <span class='ocrx_word' id='word_1_140' title='bbox 1422 2175 1452 2266; x_wconf 57' lang='grc'>1</span> 
     </span>
     <span class='ocr_line' id='line_1_17' title="bbox 314 2277 1452 2362; baseline -0.001 -18"><span class='ocrx_word' id='word_1_141' title='bbox 314 2282 500 2362; x_wconf 87' lang='lat' dir='ltr'><strong>simplicitate</strong></span> <span class='ocrx_word' id='word_1_142' title='bbox 521 2283 652 2345; x_wconf 84' lang='lat' dir='ltr'><strong>veritatis</strong></span> <span class='ocrx_word' id='word_1_143' title='bbox 674 2283 820 2343; x_wconf 84' lang='lat' dir='ltr'><strong>contrarie</strong></span> <span class='ocrx_word' id='word_1_144' title='bbox 835 2282 854 2314; x_wconf 80' lang='lat'><strong>²¹</strong></span> <span class='ocrx_word' id='word_1_145' title='bbox 864 2282 1134 2362; x_wconf 87' lang='lat' dir='ltr'><strong>subtililoquentiae</strong></span> <span class='ocrx_word' id='word_1_146' title='bbox 1150 2292 1180 2343; x_wconf 89' lang='lat' dir='ltr'><strong>et</strong></span> <span class='ocrx_word' id='word_1_147' title='bbox 1193 2277 1452 2362; x_wconf 65' lang='lat' dir='ltr'><strong>philosophiaenfl</strong></span> 
     </span>
     <span class='ocr_line' id='line_1_18' title="bbox 177 2377 1452 2464; baseline -0.001 -18"><span class='ocrx_word' id='word_1_148' title='bbox 177 2392 216 2435; x_wconf 72' lang='lat'><strong>⁰⁰¹</strong></span> <span class='ocrx_word' id='word_1_149' title='bbox 230 2391 294 2442; x_wconf 63' lang='lat'>1¹2¹&amp;</span> <span class='ocrx_word' id='word_1_150' title='bbox 313 2384 445 2463; x_wconf 83' lang='lat' dir='ltr'><strong>perversi</strong></span> <span class='ocrx_word' id='word_1_151' title='bbox 468 2402 628 2464; x_wconf 89' lang='lat' dir='ltr'><strong>possumus</strong></span> <span class='ocrx_word' id='word_1_152' title='bbox 652 2402 766 2463; x_wconf 88' lang='lat' dir='ltr'><strong>sapere.</strong></span> <span class='ocrx_word' id='word_1_153' title='bbox 803 2384 937 2464; x_wconf 82' lang='lat' dir='ltr'><strong>lienique</strong></span> <span class='ocrx_word' id='word_1_154' title='bbox 960 2377 987 2445; x_wconf 87' lang='lat' dir='ltr'><strong>si</strong></span> <span class='ocrx_word' id='word_1_155' title='bbox 1009 2403 1065 2445; x_wconf 90' lang='lat' dir='ltr'><strong>nos</strong></span> <span class='ocrx_word' id='word_1_156' title='bbox 1088 2386 1162 2446; x_wconf 88' lang='lat' dir='ltr'><strong>deus</strong></span> <span class='ocrx_word' id='word_1_157' title='bbox 1185 2403 1251 2445; x_wconf 89' lang='lat' dir='ltr'><strong>cnm</strong></span> <span class='ocrx_word' id='word_1_158' title='bbox 1270 2384 1388 2446; x_wconf 81' lang='lat' dir='ltr'><strong>Christo</strong></span> <span class='ocrx_word' id='word_1_159' title='bbox 1409 2383 1452 2462; x_wconf 68' lang='lat' dir='ltr'><strong>rip</strong></span> 
     </span>
     <span class='ocr_line' id='line_1_19' title="bbox 314 2481 1452 2564; baseline 0 -17"><span class='ocrx_word' id='word_1_160' title='bbox 314 2486 396 2557; x_wconf 83' lang='lat' dir='ltr'><strong>licat,</strong></span> <span class='ocrx_word' id='word_1_161' title='bbox 430 2486 546 2547; x_wconf 81' lang='lat' dir='ltr'><strong>donans</strong></span> <span class='ocrx_word' id='word_1_162' title='bbox 575 2485 679 2547; x_wconf 86' lang='lat' dir='ltr'><strong>delicta</strong></span> <span class='ocrx_word' id='word_1_163' title='bbox 708 2485 813 2559; x_wconf 89' lang='lat' dir='ltr'><strong>nobis,</strong></span> <span class='ocrx_word' id='word_1_164' title='bbox 847 2504 909 2547; x_wconf 92' lang='lat' dir='ltr'><strong>non</strong></span> <span class='ocrx_word' id='word_1_165' title='bbox 937 2504 1100 2564; x_wconf 89' lang='lat' dir='ltr'><strong>possumus</strong></span> <span class='ocrx_word' id='word_1_166' title='bbox 1122 2486 1244 2548; x_wconf 88' lang='lat' dir='ltr'><strong>credere</strong></span> <span class='ocrx_word' id='word_1_167' title='bbox 1266 2485 1302 2547; x_wconf 89' lang='lat' dir='ltr'><strong>ab</strong></span> <span class='ocrx_word' id='word_1_168' title='bbox 1325 2505 1360 2547; x_wconf 91' lang='lat' dir='ltr'><strong>eo</strong></span> <span class='ocrx_word' id='word_1_169' title='bbox 1382 2481 1452 2562; x_wconf 60' lang='lat' dir='ltr'><strong>deli</strong></span> 
     </span>
     <span class='ocr_line' id='line_1_20' title="bbox 315 2585 1452 2674; baseline 0.003 -28"><span class='ocrx_word' id='word_1_170' title='bbox 315 2586 419 2647; x_wconf 88' lang='lat' dir='ltr'><strong>donari</strong></span> <span class='ocrx_word' id='word_1_171' title='bbox 451 2587 480 2647; x_wconf 92' lang='lat' dir='ltr'><strong>in</strong></span> <span class='ocrx_word' id='word_1_172' title='bbox 511 2605 598 2666; x_wconf 90' lang='lat' dir='ltr'><strong>quem</strong></span> <span class='ocrx_word' id='word_1_173' title='bbox 626 2586 755 2649; x_wconf 88' lang='lat' dir='ltr'><strong>admissa</strong></span> <span class='ocrx_word' id='word_1_174' title='bbox 784 2604 845 2647; x_wconf 90' lang='lat' dir='ltr'><strong>non</strong></span> <span class='ocrx_word' id='word_1_175' title='bbox 873 2585 1026 2660; x_wconf 53' lang='lat' dir='ltr'><strong>vinerint,</strong></span> <span class='ocrx_word' id='word_1_176' title='bbox 1063 2597 1094 2648; x_wconf 91' lang='lat' dir='ltr'><strong>ut</strong></span> <span class='ocrx_word' id='word_1_177' title='bbox 1122 2598 1204 2649; x_wconf 92' lang='lat' dir='ltr'><strong>retro</strong></span> <span class='ocrx_word' id='word_1_178' title='bbox 1233 2587 1377 2666; x_wconf 89' lang='lat' dir='ltr'><strong>ignotum.</strong></span> <span class='ocrx_word' id='word_1_179' title='bbox 1426 2585 1452 2674; x_wconf 56' lang='lat' dir='ltr'><strong>b</strong></span> 
     </span>
     <span class='ocr_line' id='line_1_21' title="bbox 163 2683 1452 2769; baseline -0.001 -19"><span class='ocrx_word' id='word_1_180' title='bbox 163 2687 479 2769; x_wconf 77' lang='lat' dir='ltr'><strong>u·v·1ouism,cum</strong></span> <span class='ocrx_word' id='word_1_181' title='bbox 501 2688 587 2762; x_wconf 86' lang='lat' dir='ltr'><strong>dicit,</strong></span> <span class='ocrx_word' id='word_1_182' title='bbox 610 2687 704 2749; x_wconf 88' lang='lat' dir='ltr'><strong>Nemo</strong></span> <span class='ocrx_word' id='word_1_183' title='bbox 726 2707 781 2749; x_wconf 84' lang='lat' dir='ltr'><strong>ros</strong></span> <span class='ocrx_word' id='word_1_184' title='bbox 803 2688 915 2750; x_wconf 87' lang='lat' dir='ltr'><strong>iudicet</strong></span> <span class='ocrx_word' id='word_1_185' title='bbox 934 2689 966 2749; x_wconf 93' lang='lat' dir='ltr'><strong>in</strong></span> <span class='ocrx_word' id='word_1_186' title='bbox 987 2687 1054 2750; x_wconf 93' lang='lat' dir='ltr'><strong>cibo</strong></span> <span class='ocrx_word' id='word_1_187' title='bbox 1077 2696 1107 2749; x_wconf 91' lang='lat' dir='ltr'><strong>et</strong></span> <span class='ocrx_word' id='word_1_188' title='bbox 1126 2699 1196 2768; x_wconf 91' lang='lat' dir='ltr'><strong>potu</strong></span> <span class='ocrx_word' id='word_1_189' title='bbox 1220 2688 1302 2750; x_wconf 91' lang='lat' dir='ltr'><strong>et&#39;in</strong></span> <span class='ocrx_word' id='word_1_190' title='bbox 1325 2683 1452 2768; x_wconf 71' lang='lat' dir='ltr'><strong>parter!</strong></span> 
     </span>
     <span class='ocr_line' id='line_1_22' title="bbox 315 2776 1452 2878; baseline 0.001 -28"><span class='ocrx_word' id='word_1_191' title='bbox 315 2789 382 2853; x_wconf 89' lang='lat' dir='ltr'><strong>lesti</strong></span> <span class='ocrx_word' id='word_1_192' title='bbox 397 2776 437 2853; x_wconf 49' lang='lat' dir='ltr'><strong>&#39;et</strong></span> <span class='ocrx_word' id='word_1_193' title='bbox 458 2790 632 2851; x_wconf 86' lang='lat' dir='ltr'><strong>neomeniae</strong></span> <span class='ocrx_word' id='word_1_194' title='bbox 654 2799 683 2852; x_wconf 91' lang='lat' dir='ltr'><strong>et</strong></span> <span class='ocrx_word' id='word_1_195' title='bbox 705 2788 836 2863; x_wconf 89' lang='lat' dir='ltr'><strong>sabbati,</strong></span> <span class='ocrx_word' id='word_1_196' title='bbox 867 2808 942 2869; x_wconf 88' lang='lat' dir='ltr'><strong>quae</strong></span> <span class='ocrx_word' id='word_1_197' title='bbox 967 2799 1015 2862; x_wconf 87' lang='lat' dir='ltr'><strong>est</strong></span> <span class='ocrx_word' id='word_1_198' title='bbox 1037 2789 1141 2851; x_wconf 90' lang='lat' dir='ltr'><strong>umbra</strong></span> <span class='ocrx_word' id='word_1_199' title='bbox 1162 2791 1348 2864; x_wconf 79' lang='lat' dir='ltr'><strong>futurorum,</strong></span> <span class='ocrx_word' id='word_1_200' title='bbox 1379 2805 1452 2878; x_wconf 57' lang='lat' dir='ltr'><strong>eor}</strong></span> 
     </span>
     <span class='ocr_line' id='line_1_23' title="bbox 315 2891 1452 2980; baseline -0.001 -25"><span class='ocrx_word' id='word_1_201' title='bbox 315 2901 414 2955; x_wconf 88' lang='lat' dir='ltr'><strong>autem</strong></span> <span class='ocrx_word' id='word_1_202' title='bbox 435 2891 561 2980; x_wconf 73' lang='lat' dir='ltr'><strong>Christi,</strong></span> <span class='ocrx_word' id='word_1_203' title='bbox 591 2891 661 2971; x_wconf 91' lang='lat' dir='ltr'><strong>quid</strong></span> <span class='ocrx_word' id='word_1_204' title='bbox 689 2891 742 2953; x_wconf 92' lang='lat' dir='ltr'><strong>tihi</strong></span> <span class='ocrx_word' id='word_1_205' title='bbox 764 2891 896 2965; x_wconf 81' lang='lat' dir='ltr'><strong>videtur,</strong></span> <span class='ocrx_word' id='word_1_206' title='bbox 926 2891 1080 2954; x_wconf 75' lang='lat' dir='ltr'><strong>ldarcion?</strong></span> <span class='ocrx_word' id='word_1_207' title='bbox 1122 2892 1165 2954; x_wconf 82' lang='lat' dir='ltr'><strong>lle</strong></span> <span class='ocrx_word' id='word_1_208' title='bbox 1188 2892 1253 2971; x_wconf 90' lang='lat' dir='ltr'><strong>lege</strong></span> <span class='ocrx_word' id='word_1_209' title='bbox 1274 2892 1332 2953; x_wconf 91' lang='lat' dir='ltr'><strong>iam</strong></span> <span class='ocrx_word' id='word_1_210' title='bbox 1354 2908 1452 2971; x_wconf 72' lang='lat' dir='ltr'><strong>nonq</strong></span> 
     </span>
     <span class='ocr_line' id='line_1_24' title="bbox 315 2991 1452 3072; baseline 0.001 -18"><span class='ocrx_word' id='word_1_211' title='bbox 315 3001 490 3066; x_wconf 75' lang='lat' dir='ltr'><strong>mactamus,</strong></span> <span class='ocrx_word' id='word_1_212' title='bbox 514 2992 571 3055; x_wconf 87' lang='lat' dir='ltr'><strong>nisi</strong></span> <span class='ocrx_word' id='word_1_213' title='bbox 594 2993 672 3072; x_wconf 91' lang='lat' dir='ltr'><strong>quod</strong></span> <span class='ocrx_word' id='word_1_214' title='bbox 696 3002 725 3054; x_wconf 89' lang='lat' dir='ltr'><strong>et</strong></span> <span class='ocrx_word' id='word_1_215' title='bbox 745 2993 1064 3072; x_wconf 86' lang='lat' dir='ltr'><strong>hicquemadmodum</strong></span> <span class='ocrx_word' id='word_1_216' title='bbox 1087 2994 1204 3056; x_wconf 81' lang='lat' dir='ltr'><strong>exclusa</strong></span> <span class='ocrx_word' id='word_1_217' title='bbox 1221 2995 1262 3055; x_wconf 91' lang='lat' dir='ltr'><strong>sit</strong></span> <span class='ocrx_word' id='word_1_218' title='bbox 1275 2993 1395 3067; x_wconf 86' lang='lat' dir='ltr'><strong>edocet,</strong></span> <span class='ocrx_word' id='word_1_219' title='bbox 1416 2991 1452 3063; x_wconf 75' lang='lat' dir='ltr'><strong>da</strong></span> 
     </span>
     <span class='ocr_line' id='line_1_25' title="bbox 315 3092 1452 3175; baseline 0 -20"><span class='ocrx_word' id='word_1_220' title='bbox 315 3092 427 3156; x_wconf 87' lang='lat' dir='ltr'><strong>scilieet</strong></span> <span class='ocrx_word' id='word_1_221' title='bbox 448 3094 485 3155; x_wconf 90' lang='lat' dir='ltr'><strong>de</strong></span> <span class='ocrx_word' id='word_1_222' title='bbox 507 3093 610 3155; x_wconf 89' lang='lat' dir='ltr'><strong>umbra</strong></span> <span class='ocrx_word' id='word_1_223' title='bbox 633 3094 812 3157; x_wconf 85' lang='lat' dir='ltr'><strong>transfertur</strong></span> <span class='ocrx_word' id='word_1_224' title='bbox 832 3094 863 3155; x_wconf 94' lang='lat' dir='ltr'><strong>in</strong></span> <span class='ocrx_word' id='word_1_225' title='bbox 885 3112 1013 3173; x_wconf 89' lang='lat' dir='ltr'><strong>corpus,</strong></span> <span class='ocrx_word' id='word_1_226' title='bbox 1043 3095 1072 3156; x_wconf 92' lang='lat' dir='ltr'><strong>id</strong></span> <span class='ocrx_word' id='word_1_227' title='bbox 1095 3103 1142 3156; x_wconf 90' lang='lat' dir='ltr'><strong>est</strong></span> <span class='ocrx_word' id='word_1_228' title='bbox 1164 3095 1200 3156; x_wconf 91' lang='lat' dir='ltr'><strong>de</strong></span> <span class='ocrx_word' id='word_1_229' title='bbox 1222 3095 1326 3175; x_wconf 90' lang='lat' dir='ltr'><strong>liguris</strong></span> <span class='ocrx_word' id='word_1_230' title='bbox 1348 3095 1384 3157; x_wconf 86' lang='lat' dir='ltr'><strong>ad</strong></span> <span class='ocrx_word' id='word_1_231' title='bbox 1407 3110 1452 3163; x_wconf 79' lang='lat' dir='ltr'><strong>rer</strong></span> 
     </span>
     <span class='ocr_line' id='line_1_26' title="bbox 315 3195 1452 3277; baseline 0.003 -21"><span class='ocrx_word' id='word_1_232' title='bbox 315 3202 421 3269; x_wconf 84' lang='lat' dir='ltr'><strong>tatem,</strong></span> <span class='ocrx_word' id='word_1_233' title='bbox 443 3196 521 3275; x_wconf 94' lang='lat' dir='ltr'><strong>quod</strong></span> <span class='ocrx_word' id='word_1_234' title='bbox 544 3203 592 3256; x_wconf 91' lang='lat' dir='ltr'><strong>est</strong></span> <span class='ocrx_word' id='word_1_235' title='bbox 609 3195 756 3258; x_wconf 85' lang='lat' dir='ltr'><strong>Christus.</strong></span> <span class='ocrx_word' id='word_1_236' title='bbox 785 3195 864 3274; x_wconf 84' lang='lat' dir='ltr'><strong>Ergo</strong></span> <span class='ocrx_word' id='word_1_237' title='bbox 887 3205 917 3257; x_wconf 91' lang='lat' dir='ltr'><strong>et</strong></span> <span class='ocrx_word' id='word_1_238' title='bbox 938 3195 1041 3257; x_wconf 86' lang='lat' dir='ltr'><strong>umbra</strong></span> <span class='ocrx_word' id='word_1_239' title='bbox 1063 3197 1127 3257; x_wconf 88' lang='lat' dir='ltr'><strong>eius</strong></span> <span class='ocrx_word' id='word_1_240' title='bbox 1149 3197 1235 3258; x_wconf 90' lang='lat' dir='ltr'><strong>cuius</strong></span> <span class='ocrx_word' id='word_1_241' title='bbox 1259 3204 1287 3258; x_wconf 91' lang='lat' dir='ltr'><strong>et</strong></span> <span class='ocrx_word' id='word_1_242' title='bbox 1310 3214 1452 3277; x_wconf 57' lang='lat' dir='ltr'><strong>corpusq</strong></span> 
     </span>
     <span class='ocr_line' id='line_1_27' title="bbox 315 3292 1452 3399; baseline 0.002 -41"><span class='ocrx_word' id='word_1_243' title='bbox 315 3306 362 3358; x_wconf 88' lang='lat' dir='ltr'><strong>est</strong></span> <span class='ocrx_word' id='word_1_244' title='bbox 384 3307 412 3358; x_wconf 90' lang='lat' dir='ltr'><strong>et</strong></span> <span class='ocrx_word' id='word_1_245' title='bbox 434 3296 507 3359; x_wconf 74' lang='lat' dir='ltr'><strong>”lex</strong></span> <span class='ocrx_word' id='word_1_246' title='bbox 530 3297 594 3358; x_wconf 90' lang='lat' dir='ltr'><strong>eius</strong></span> <span class='ocrx_word' id='word_1_247' title='bbox 616 3306 645 3358; x_wconf 92' lang='lat' dir='ltr'><strong>et</strong></span> <span class='ocrx_word' id='word_1_248' title='bbox 666 3295 812 3357; x_wconf 84' lang='lat' dir='ltr'><strong>Christus.</strong></span> <span class='ocrx_word' id='word_1_249' title='bbox 861 3296 989 3375; x_wconf 82' lang='lat' dir='ltr'><strong>Segrega</strong></span> <span class='ocrx_word' id='word_1_250' title='bbox 1011 3296 1058 3357; x_wconf 89' lang='lat' dir='ltr'><strong>alii</strong></span> <span class='ocrx_word' id='word_1_251' title='bbox 1082 3297 1139 3359; x_wconf 90' lang='lat' dir='ltr'><strong>deo</strong></span> <span class='ocrx_word' id='word_1_252' title='bbox 1161 3298 1273 3377; x_wconf 90' lang='lat' dir='ltr'><strong>legem,</strong></span> <span class='ocrx_word' id='word_1_253' title='bbox 1303 3306 1334 3359; x_wconf 90' lang='lat' dir='ltr'><strong>et</strong></span> <span class='ocrx_word' id='word_1_254' title='bbox 1360 3292 1452 3399; x_wconf 62' lang='grc' dir='ltr'><strong>3Ιίἰῆ</strong></span> 
     </span>
    </p>

    <p class='ocr_par' dir='ltr' id='par_1_3' title="bbox 190 3394 1452 4169">
     <span class='ocr_line' id='line_1_28' title="bbox 246 3396 1361 3477; baseline 0.003 -19"><span class='ocrx_word' id='word_1_255' title='bbox 246 3417 249 3421; x_wconf 96' lang='grc'><strong><em>·</em></strong></span> <span class='ocrx_word' id='word_1_256' title='bbox 315 3396 482 3472; x_wconf 82' lang='lat' dir='ltr'><strong>Christum,</strong></span> <span class='ocrx_word' id='word_1_257' title='bbox 517 3398 542 3459; x_wconf 91' lang='lat' dir='ltr'><strong>si</strong></span> <span class='ocrx_word' id='word_1_258' title='bbox 570 3406 656 3477; x_wconf 88' lang='lat' dir='ltr'><strong>potes</strong></span> <span class='ocrx_word' id='word_1_259' title='bbox 684 3397 812 3477; x_wconf 87' lang='lat' dir='ltr'><strong>aliquam</strong></span> <span class='ocrx_word' id='word_1_260' title='bbox 838 3396 974 3459; x_wconf 89' lang='lat' dir='ltr'><strong>umbram</strong></span> <span class='ocrx_word' id='word_1_261' title='bbox 1003 3398 1038 3459; x_wconf 91' lang='lat' dir='ltr'><strong>ab</strong></span> <span class='ocrx_word' id='word_1_262' title='bbox 1068 3417 1104 3459; x_wconf 94' lang='lat' dir='ltr'><strong>eo</strong></span> <span class='ocrx_word' id='word_1_263' title='bbox 1127 3417 1254 3477; x_wconf 87' lang='lat' dir='ltr'><strong>corpore</strong></span> <span class='ocrx_word' id='word_1_264' title='bbox 1277 3399 1361 3461; x_wconf 88' lang='lat' dir='ltr'><strong>euius</strong></span> 
     </span>
     <span class='ocr_line' id='line_1_29' title="bbox 315 3394 1452 3665; baseline 0 -104"><span class='ocrx_word' id='word_1_265' title='bbox 315 3508 363 3561; x_wconf 88' lang='lat' dir='ltr'><strong>est</strong></span> <span class='ocrx_word' id='word_1_266' title='bbox 384 3517 532 3579; x_wconf 89' lang='lat' dir='ltr'><strong>separare.</strong></span> <span class='ocrx_word' id='word_1_267' title='bbox 576 3499 731 3562; x_wconf 85' lang='lat' dir='ltr'><strong>llarrileste</strong></span> <span class='ocrx_word' id='word_1_268' title='bbox 751 3499 826 3578; x_wconf 89' lang='lat' dir='ltr'><strong>legis</strong></span> <span class='ocrx_word' id='word_1_269' title='bbox 849 3509 896 3561; x_wconf 90' lang='lat' dir='ltr'><strong>est</strong></span> <span class='ocrx_word' id='word_1_270' title='bbox 916 3499 1072 3571; x_wconf 85' lang='lat' dir='ltr'><strong>Christus,</strong></span> <span class='ocrx_word' id='word_1_271' title='bbox 1106 3500 1131 3560; x_wconf 91' lang='lat' dir='ltr'><strong>si</strong></span> <span class='ocrx_word' id='word_1_272' title='bbox 1154 3518 1264 3580; x_wconf 87' lang='lat' dir='ltr'><strong>corpus</strong></span> <span class='ocrx_word' id='word_1_273' title='bbox 1287 3510 1335 3561; x_wconf 89' lang='lat' dir='ltr'><strong>est</strong></span> <span class='ocrx_word' id='word_1_274' title='bbox 1356 3394 1452 3665; x_wconf 48' lang='lat' dir='ltr'><strong>ud}</strong></span> 
     </span>
     <span class='ocr_line' id='line_1_30' title="bbox 190 3597 1429 3691; baseline 0.002 -29"><span class='ocrx_word' id='word_1_275' title='bbox 190 3597 300 3691; x_wconf 48' lang='lat' dir='ltr'><strong>wlffgllp</strong></span> <span class='ocrx_word' id='word_1_276' title='bbox 315 3600 347 3662; x_wconf 87' lang='lat' dir='ltr'><strong>Si</strong></span> <span class='ocrx_word' id='word_1_277' title='bbox 370 3610 467 3663; x_wconf 89' lang='lat' dir='ltr'><strong>autem</strong></span> <span class='ocrx_word' id='word_1_278' title='bbox 492 3610 521 3662; x_wconf 91' lang='lat' dir='ltr'><strong>et</strong></span> <span class='ocrx_word' id='word_1_279' title='bbox 542 3602 658 3680; x_wconf 88' lang='lat' dir='ltr'><strong>aliquos</strong></span> <span class='ocrx_word' id='word_1_280' title='bbox 683 3608 761 3662; x_wconf 79' lang='lat' dir='ltr'><strong>tanat</strong></span> <span class='ocrx_word' id='word_1_281' title='bbox 781 3599 831 3680; x_wconf 93' lang='lat' dir='ltr'><strong>qui</strong></span> <span class='ocrx_word' id='word_1_282' title='bbox 854 3601 1071 3662; x_wconf 71' lang='lat' dir='ltr'><strong>excisionibus</strong></span> <span class='ocrx_word' id='word_1_283' title='bbox 1094 3600 1233 3680; x_wconf 79' lang='lat' dir='ltr'><strong>angelicis</strong></span> <span class='ocrx_word' id='word_1_284' title='bbox 1255 3601 1392 3664; x_wconf 86' lang='lat' dir='ltr'><strong>dicebant</strong></span> <span class='ocrx_word' id='word_1_285' title='bbox 1424 3598 1429 3611; x_wconf 90' lang='lat'>&#39;</span> 
     </span>
     <span class='ocr_line' id='line_1_31' title="bbox 314 3700 1452 3781; baseline 0 -19"><span class='ocrx_word' id='word_1_286' title='bbox 314 3701 537 3775; x_wconf 90' lang='lat' dir='ltr'><strong>abstinendum,</strong></span> <span class='ocrx_word' id='word_1_287' title='bbox 570 3720 608 3763; x_wconf 88' lang='lat' dir='ltr'><strong>ne</strong></span> <span class='ocrx_word' id='word_1_288' title='bbox 636 3701 787 3781; x_wconf 87' lang='lat' dir='ltr'><strong>attigeris,</strong></span> <span class='ocrx_word' id='word_1_289' title='bbox 820 3720 858 3763; x_wconf 89' lang='lat' dir='ltr'><strong>ne</strong></span> <span class='ocrx_word' id='word_1_290' title='bbox 885 3702 1067 3780; x_wconf 87' lang='lat' dir='ltr'><strong>gustaveris,</strong></span> <span class='ocrx_word' id='word_1_291' title='bbox 1102 3703 1235 3764; x_wconf 89' lang='lat' dir='ltr'><strong>volentes</strong></span> <span class='ocrx_word' id='word_1_292' title='bbox 1264 3703 1295 3764; x_wconf 94' lang='lat' dir='ltr'><strong>in</strong></span> <span class='ocrx_word' id='word_1_293' title='bbox 1323 3700 1452 3779; x_wconf 52' lang='lat' dir='ltr'><strong>bumilitd</strong></span> 
     </span>
     <span class='ocr_line' id='line_1_32' title="bbox 314 3782 1452 3887; baseline 0 -23"><span class='ocrx_word' id='word_1_294' title='bbox 314 3821 422 3865; x_wconf 87' lang='lat' dir='ltr'><strong>sensus</strong></span> <span class='ocrx_word' id='word_1_295' title='bbox 444 3803 598 3874; x_wconf 89' lang='lat' dir='ltr'><strong>incedere,</strong></span> <span class='ocrx_word' id='word_1_296' title='bbox 632 3822 692 3864; x_wconf 91' lang='lat' dir='ltr'><strong>nen</strong></span> <span class='ocrx_word' id='word_1_297' title='bbox 715 3810 851 3864; x_wconf 89' lang='lat' dir='ltr'><strong>tenentos</strong></span> <span class='ocrx_word' id='word_1_298' title='bbox 873 3812 977 3882; x_wconf 90' lang='lat' dir='ltr'><strong>caput,</strong></span> <span class='ocrx_word' id='word_1_299' title='bbox 1011 3792 1161 3865; x_wconf 59' lang='lat' dir='ltr'><strong>non&#39;ideo</strong></span> <span class='ocrx_word' id='word_1_300' title='bbox 1189 3804 1284 3883; x_wconf 89' lang='lat' dir='ltr'><strong>legem</strong></span> <span class='ocrx_word' id='word_1_301' title='bbox 1315 3813 1344 3865; x_wconf 91' lang='lat' dir='ltr'><strong>et</strong></span> <span class='ocrx_word' id='word_1_302' title='bbox 1364 3782 1452 3887; x_wconf 55' lang='lat' dir='ltr'><strong>llopd¹</strong></span> 
     </span>
     <span class='ocr_line' id='line_1_33' title="bbox 312 3902 1452 3989; baseline 0.004 -25"><span class='ocrx_word' id='word_1_303' title='bbox 312 3903 412 3983; x_wconf 87' lang='lat' dir='ltr'><strong>pulsat</strong></span> <span class='ocrx_word' id='word_1_304' title='bbox 441 3902 524 3982; x_wconf 89' lang='lat' dir='ltr'><strong>quasi</strong></span> <span class='ocrx_word' id='word_1_305' title='bbox 558 3903 595 3964; x_wconf 91' lang='lat' dir='ltr'><strong>de</strong></span> <span class='ocrx_word' id='word_1_306' title='bbox 627 3904 756 3984; x_wconf 90' lang='lat' dir='ltr'><strong>angelica</strong></span> <span class='ocrx_word' id='word_1_307' title='bbox 785 3904 999 3985; x_wconf 88' lang='lat' dir='ltr'><strong>superstitione</strong></span> <span class='ocrx_word' id='word_1_308' title='bbox 1028 3904 1217 3967; x_wconf 88' lang='lat' dir='ltr'><strong>constituerit</strong></span> <span class='ocrx_word' id='word_1_309' title='bbox 1250 3904 1452 3989; x_wconf 63' lang='lat' dir='ltr'><strong>interdictum</strong></span> 
     </span>
     <span class='ocr_line' id='line_1_34' title="bbox 279 3994 1452 4169; baseline 0.004 -104"><span class='ocrx_word' id='word_1_310' title='bbox 279 4064 289 4084; x_wconf 69' lang='grc'>,</span> <span class='ocrx_word' id='word_1_311' title='bbox 314 4004 497 4082; x_wconf 88' lang='lat' dir='ltr'><strong>quorundam</strong></span> <span class='ocrx_word' id='word_1_312' title='bbox 520 4003 660 4066; x_wconf 91' lang='lat' dir='ltr'><strong>edulium.</strong></span> <span class='ocrx_word' id='word_1_313' title='bbox 703 4003 832 4084; x_wconf 76' lang='lat' dir='ltr'><strong>lloysen·</strong></span> <span class='ocrx_word' id='word_1_314' title='bbox 849 4005 927 4066; x_wconf 87' lang='lat' dir='ltr'><strong>enim</strong></span> <span class='ocrx_word' id='word_1_315' title='bbox 949 4025 966 4067; x_wconf 91' lang='lat' dir='ltr'><strong>a</strong></span> <span class='ocrx_word' id='word_1_316' title='bbox 989 4005 1045 4066; x_wconf 91' lang='lat' dir='ltr'><strong>deo</strong></span> <span class='ocrx_word' id='word_1_317' title='bbox 1069 4007 1220 4085; x_wconf 89' lang='lat' dir='ltr'><strong>accepisse</strong></span> <span class='ocrx_word' id='word_1_318' title='bbox 1242 4007 1337 4087; x_wconf 91' lang='lat' dir='ltr'><strong>legem</strong></span> <span class='ocrx_word' id='word_1_319' title='bbox 1359 3994 1452 4169; x_wconf 50' lang='lat' dir='ltr'><strong>cona</strong></span> 
     </span>
    </p>
   </div>
   <div class='ocr_carea' id='block_1_3' title="bbox 200 4104 1407 4188">
    <p class='ocr_par' dir='ltr' id='par_1_4' title="bbox 200 4104 1407 4188">
     <span class='ocr_line' id='line_1_35' title="bbox 200 4104 1407 4188; baseline 0.003 -24"><span class='ocrx_word' id='word_1_320' title='bbox 200 4123 299 4166; x_wconf 58' lang='lat' dir='ltr'><strong>ruam.</strong></span> <span class='ocrx_word' id='word_1_321' title='bbox 314 4104 445 4184; x_wconf 81' lang='lat' dir='ltr'><strong>lienique</strong></span> <span class='ocrx_word' id='word_1_322' title='bbox 468 4105 544 4166; x_wconf 91' lang='lat' dir='ltr'><strong>bane</strong></span> <span class='ocrx_word' id='word_1_323' title='bbox 565 4105 766 4185; x_wconf 88' lang='lat' dir='ltr'><strong>disciplinam,</strong></span> <span class='ocrx_word' id='word_1_324' title='bbox 796 4105 963 4168; x_wconf 89' lang='lat' dir='ltr'><strong>Secundum</strong></span> <span class='ocrx_word' id='word_1_325' title='bbox 985 4116 1156 4187; x_wconf 89' lang='lat' dir='ltr'><strong>praecepta,</strong></span> <span class='ocrx_word' id='word_1_326' title='bbox 1188 4107 1298 4188; x_wconf 92' lang='lat' dir='ltr'><strong>inquit,</strong></span> <span class='ocrx_word' id='word_1_327' title='bbox 1321 4116 1352 4170; x_wconf 88' lang='lat' dir='ltr'><strong>et</strong></span> <span class='ocrx_word' id='word_1_328' title='bbox 1373 4107 1407 4170; x_wconf 93' lang='lat' dir='ltr'><strong>do</strong></span> 
     </span>
    </p>
   </div>
   <div class='ocr_carea' id='block_1_4' title="bbox 314 4293 1452 4547">
    <p class='ocr_par' dir='ltr' id='par_1_5' title="bbox 314 4293 1452 4547">
     <span class='ocr_line' id='line_1_36' title="bbox 317 4293 1421 4360; baseline 0.002 -18"><span class='ocrx_word' id='word_1_329' title='bbox 317 4293 355 4342; x_wconf 75' lang='lat' dir='ltr'><strong>td.</strong></span> <span class='ocrx_word' id='word_1_330' title='bbox 375 4293 465 4342; x_wconf 89' lang='lat' dir='ltr'><strong>bomini</strong></span> <span class='ocrx_word' id='word_1_331' title='bbox 484 4293 576 4342; x_wconf 85' lang='lat' dir='ltr'><strong>scilicet</strong></span> <span class='ocrx_word' id='word_1_332' title='bbox 594 4293 619 4343; x_wconf 82' lang='lat' dir='ltr'><strong>B.</strong></span> <span class='ocrx_word' id='word_1_333' title='bbox 674 4293 712 4343; x_wconf 83' lang='lat' dir='ltr'><strong>lli.</strong></span> <span class='ocrx_word' id='word_1_334' title='bbox 731 4308 759 4343; x_wconf 87' lang='lat' dir='ltr'><strong>uc</strong></span> <span class='ocrx_word' id='word_1_335' title='bbox 777 4295 811 4343; x_wconf 81' lang='lat' dir='ltr'><strong>br.</strong></span> <span class='ocrx_word' id='word_1_336' title='bbox 866 4294 905 4343; x_wconf 89' lang='lat' dir='ltr'><strong>l&#39;l.</strong></span> <span class='ocrx_word' id='word_1_337' title='bbox 924 4294 1019 4344; x_wconf 81' lang='lat' dir='ltr'><strong>subtilia</strong></span> <span class='ocrx_word' id='word_1_338' title='bbox 1033 4295 1124 4355; x_wconf 87' lang='lat' dir='ltr'><strong>(subtili</strong></span> <span class='ocrx_word' id='word_1_339' title='bbox 1135 4295 1171 4354; x_wconf 87' lang='lat' dir='ltr'><strong>B.)</strong></span> <span class='ocrx_word' id='word_1_340' title='bbox 1189 4295 1343 4360; x_wconf 83' lang='lat' dir='ltr'><strong>eloquentiae</strong></span> <span class='ocrx_word' id='word_1_341' title='bbox 1360 4296 1421 4345; x_wconf 75' lang='lat' dir='ltr'><strong>mer</strong></span> 
     </span>
     <span class='ocr_line' id='line_1_37' title="bbox 315 4360 1406 4414; baseline 0.005 -5"><span class='ocrx_word' id='word_1_342' title='bbox 315 4362 521 4411; x_wconf 81' lang='lat' dir='ltr'><strong>ticoeorumumrr.</strong></span> <span class='ocrx_word' id='word_1_343' title='bbox 566 4360 605 4411; x_wconf 79' lang='lat' dir='ltr'><strong>ts.</strong></span> <span class='ocrx_word' id='word_1_344' title='bbox 624 4362 695 4410; x_wconf 89' lang='lat' dir='ltr'><strong>deum</strong></span> <span class='ocrx_word' id='word_1_345' title='bbox 715 4362 824 4410; x_wconf 84' lang='lat' dir='ltr'><strong>inserens</strong></span> <span class='ocrx_word' id='word_1_346' title='bbox 842 4361 867 4411; x_wconf 78' lang='lat' dir='ltr'><strong>d.</strong></span> <span class='ocrx_word' id='word_1_347' title='bbox 917 4362 955 4412; x_wconf 85' lang='grc'><strong>19.</strong></span> <span class='ocrx_word' id='word_1_348' title='bbox 976 4378 1020 4413; x_wconf 88' lang='lat' dir='ltr'><strong>nec</strong></span> <span class='ocrx_word' id='word_1_349' title='bbox 1038 4364 1147 4412; x_wconf 87' lang='lat' dir='ltr'><strong>hebetem</strong></span> <span class='ocrx_word' id='word_1_350' title='bbox 1168 4365 1190 4414; x_wconf 79' lang='lat' dir='ltr'><strong>G.</strong></span> <span class='ocrx_word' id='word_1_351' title='bbox 1243 4362 1284 4413; x_wconf 71' lang='lat'><strong>20.</strong></span> <span class='ocrx_word' id='word_1_352' title='bbox 1305 4378 1349 4414; x_wconf 86' lang='lat' dir='ltr'><strong>nee</strong></span> <span class='ocrx_word' id='word_1_353' title='bbox 1366 4363 1406 4414; x_wconf 83' lang='lat' dir='ltr'><strong>ac.</strong></span> 
     </span>
     <span class='ocr_line' id='line_1_38' title="bbox 314 4426 1452 4494; baseline 0.004 -18"><span class='ocrx_word' id='word_1_354' title='bbox 314 4428 396 4478; x_wconf 87' lang='lat' dir='ltr'><strong>subtili</strong></span> <span class='ocrx_word' id='word_1_355' title='bbox 416 4429 567 4492; x_wconf 82' lang='lat' dir='ltr'><strong>eloquentiae</strong></span> <span class='ocrx_word' id='word_1_356' title='bbox 584 4430 611 4478; x_wconf 82' lang='lat' dir='ltr'><strong>B.</strong></span> <span class='ocrx_word' id='word_1_357' title='bbox 631 4430 789 4479; x_wconf 66' lang='lat' dir='ltr'><strong>vaticanorum</strong></span> <span class='ocrx_word' id='word_1_358' title='bbox 803 4444 873 4480; x_wconf 79' lang='lat' dir='ltr'><strong>urus.</strong></span> <span class='ocrx_word' id='word_1_359' title='bbox 931 4429 970 4480; x_wconf 78' lang='grc'><strong>22.</strong></span> <span class='ocrx_word' id='word_1_360' title='bbox 990 4433 1087 4481; x_wconf 88' lang='lat' dir='ltr'><strong>luerunt</strong></span> <span class='ocrx_word' id='word_1_361' title='bbox 1104 4431 1129 4480; x_wconf 83' lang='lat' dir='ltr'><strong>li.</strong></span> <span class='ocrx_word' id='word_1_362' title='bbox 1189 4430 1231 4481; x_wconf 77' lang='lat'><strong>23.</strong></span> <span class='ocrx_word' id='word_1_363' title='bbox 1250 4434 1288 4482; x_wconf 78' lang='lat' dir='ltr'><strong>lex</strong></span> <span class='ocrx_word' id='word_1_364' title='bbox 1306 4434 1339 4494; x_wconf 79' lang='lat' dir='ltr'><strong>tl,</strong></span> <span class='ocrx_word' id='word_1_365' title='bbox 1364 4426 1452 4482; x_wconf 61' lang='lat' dir='ltr'><strong>aad</strong></span> 
     </span>
     <span class='ocr_line' id='line_1_39' title="bbox 314 4492 1451 4547; baseline 0.004 -2"><span class='ocrx_word' id='word_1_366' title='bbox 314 4499 407 4547; x_wconf 80' lang='lat' dir='ltr'><strong>dolicae</strong></span> <span class='ocrx_word' id='word_1_367' title='bbox 424 4498 598 4547; x_wconf 82' lang='lat' dir='ltr'><strong>Fulciillrsirti.</strong></span> <span class='ocrx_word' id='word_1_368' title='bbox 635 4497 672 4545; x_wconf 82' lang='lat' dir='ltr'><strong>lux</strong></span> <span class='ocrx_word' id='word_1_369' title='bbox 691 4497 777 4547; x_wconf 80' lang='lat' dir='ltr'><strong>Bchc.</strong></span> <span class='ocrx_word' id='word_1_370' title='bbox 1443 4492 1451 4523; x_wconf 82' lang='lat'>¹</span> 
     </span>
    </p>
   </div>
   <div class='ocr_carea' id='block_1_5' title="bbox 313 4608 1452 4904">
    <p class='ocr_par' dir='ltr' id='par_1_6' title="bbox 313 4608 1452 4904">
     <span class='ocr_line' id='line_1_40' title="bbox 348 4608 1452 4700; baseline 0.002 -19"><span class='ocrx_word' id='word_1_371' title='bbox 348 4632 421 4681; x_wconf 80' lang='lat' dir='ltr'><strong>dds</strong></span> <span class='ocrx_word' id='word_1_372' title='bbox 456 4648 484 4680; x_wconf 93' lang='lat' dir='ltr'><strong>ua</strong></span> <span class='ocrx_word' id='word_1_373' title='bbox 509 4631 611 4696; x_wconf 87' lang='lat' dir='ltr'><strong>proinde</strong></span> <span class='ocrx_word' id='word_1_374' title='bbox 636 4631 701 4680; x_wconf 88' lang='lat' dir='ltr'><strong>nulla</strong></span> <span class='ocrx_word' id='word_1_375' title='bbox 719 4631 874 4696; x_wconf 80' lang='lat' dir='ltr'><strong>pbilosophis</strong></span> <span class='ocrx_word' id='word_1_376' title='bbox 926 4633 1055 4684; x_wconf 85' lang='lat' dir='ltr'><strong>Democriti</strong></span> <span class='ocrx_word' id='word_1_377' title='bbox 1066 4635 1162 4697; x_wconf 88' lang='lat' dir='ltr'><strong>dogma,</strong></span> <span class='ocrx_word' id='word_1_378' title='bbox 1182 4636 1212 4684; x_wconf 87' lang='lat' dir='ltr'><strong>de</strong></span> <span class='ocrx_word' id='word_1_379' title='bbox 1223 4651 1271 4700; x_wconf 89' lang='lat' dir='ltr'><strong>que</strong></span> <span class='ocrx_word' id='word_1_380' title='bbox 1285 4635 1375 4686; x_wconf 79' lang='lat' dir='ltr'><strong>llinis</strong></span> <span class='ocrx_word' id='word_1_381' title='bbox 1388 4608 1452 4683; x_wconf 57' lang='lat' dir='ltr'><strong>libb</strong></span> 
     </span>
     <span class='ocr_line' id='line_1_41' title="bbox 314 4648 1392 4767; baseline 0.003 -18"><span class='ocrx_word' id='word_1_382' title='bbox 314 4648 454 4764; x_wconf 65' lang='lat' dir='ltr'><strong>consentit]</strong></span> <span class='ocrx_word' id='word_1_383' title='bbox 473 4699 507 4748; x_wconf 89' lang='lat' dir='ltr'><strong>lle</strong></span> <span class='ocrx_word' id='word_1_384' title='bbox 525 4699 604 4749; x_wconf 84' lang='lat' dir='ltr'><strong>carnis</strong></span> <span class='ocrx_word' id='word_1_385' title='bbox 622 4701 799 4750; x_wconf 87' lang='lat' dir='ltr'><strong>resurreetione</strong></span> <span class='ocrx_word' id='word_1_386' title='bbox 818 4700 873 4749; x_wconf 90' lang='lat' dir='ltr'><strong>nul·</strong></span> <span class='ocrx_word' id='word_1_387' title='bbox 924 4701 1007 4752; x_wconf 83' lang='lat' dir='ltr'><strong>llutur.</strong></span> <span class='ocrx_word' id='word_1_388' title='bbox 1026 4703 1085 4752; x_wconf 88' lang='lat' dir='ltr'><strong>llist.</strong></span> <span class='ocrx_word' id='word_1_389' title='bbox 1104 4702 1210 4767; x_wconf 77' lang='lat' dir='ltr'><strong>eapb5.</strong></span> <span class='ocrx_word' id='word_1_390' title='bbox 1228 4704 1278 4764; x_wconf 82' lang='lat' dir='ltr'><strong>(Fr.</strong></span> <span class='ocrx_word' id='word_1_391' title='bbox 1292 4702 1392 4762; x_wconf 78' lang='lat' dir='ltr'><strong>lunius.)</strong></span> 
     </span>
     <span class='ocr_line' id='line_1_42' title="bbox 313 4766 1452 4836; baseline 0.002 -19"><span class='ocrx_word' id='word_1_392' title='bbox 313 4767 361 4817; x_wconf 87' lang='lat' dir='ltr'><strong>lam</strong></span> <span class='ocrx_word' id='word_1_393' title='bbox 387 4768 565 4833; x_wconf 86' lang='lat' dir='ltr'><strong>philosophiam</strong></span> <span class='ocrx_word' id='word_1_394' title='bbox 591 4768 745 4818; x_wconf 85' lang='lat' dir='ltr'><strong>consensisse</strong></span> <span class='ocrx_word' id='word_1_395' title='bbox 768 4769 874 4818; x_wconf 86' lang='lat' dir='ltr'><strong>aldrmat</strong></span> <span class='ocrx_word' id='word_1_396' title='bbox 960 4785 981 4819; x_wconf 93' lang='lat' dir='ltr'><strong>e.</strong></span> <span class='ocrx_word' id='word_1_397' title='bbox 1002 4766 1114 4836; x_wconf 87' lang='lat' dir='ltr'><strong>ingeniis]</strong></span> <span class='ocrx_word' id='word_1_398' title='bbox 1141 4770 1263 4824; x_wconf 79' lang='lat' dir='ltr'><strong>drtilieiia.</strong></span> <span class='ocrx_word' id='word_1_399' title='bbox 1298 4773 1322 4822; x_wconf 77' lang='lat' dir='ltr'><strong>i.</strong></span> <span class='ocrx_word' id='word_1_400' title='bbox 1340 4771 1452 4820; x_wconf 65' lang='lat' dir='ltr'><strong>aduolet</strong></span> 
     </span>
     <span class='ocr_line' id='line_1_43' title="bbox 313 4836 1181 4904; baseline 0.005 -19"><span class='ocrx_word' id='word_1_401' title='bbox 313 4844 397 4886; x_wconf 88' lang='lat' dir='ltr'><strong>auctor</strong></span> <span class='ocrx_word' id='word_1_402' title='bbox 415 4838 590 4901; x_wconf 83' lang='lat' dir='ltr'><strong>communiter;</strong></span> <span class='ocrx_word' id='word_1_403' title='bbox 617 4851 671 4887; x_wconf 87' lang='lat' dir='ltr'><strong>nam</strong></span> <span class='ocrx_word' id='word_1_404' title='bbox 689 4836 811 4899; x_wconf 77' lang='lat' dir='ltr'><strong>singulare</strong></span> <span class='ocrx_word' id='word_1_405' title='bbox 830 4836 874 4886; x_wconf 89' lang='lat' dir='ltr'><strong>luit</strong></span> <span class='ocrx_word' id='word_1_406' title='bbox 919 4836 960 4887; x_wconf 67' lang='lat' dir='ltr'><strong>,lie</strong></span> <span class='ocrx_word' id='word_1_407' title='bbox 979 4838 1074 4888; x_wconf 88' lang='lat' dir='ltr'><strong>Corona</strong></span> <span class='ocrx_word' id='word_1_408' title='bbox 1093 4854 1145 4904; x_wconf 87' lang='lat' dir='ltr'><strong>cap.</strong></span> <span class='ocrx_word' id='word_1_409' title='bbox 1156 4837 1181 4890; x_wconf 82' lang='lat'><strong>8.</strong></span> 
     </span>
    </p>
   </div>
   <div class='ocr_carea' id='block_1_6' title="bbox 0 0 1626 5775">
    <p class='ocr_par' dir='ltr' id='par_1_7' title="bbox 0 0 1626 5775">
     <span class='ocr_line' id='line_1_44' title="bbox 0 0 1626 5775; baseline 0 0"><span class='ocrx_word' id='word_1_410' title='bbox 0 0 1626 5775; x_wconf 95' lang='lat' dir='ltr'><strong> </strong></span> 
     </span>
    </p>
   </div>
  </div>
 </body>
</html>
