3242 5775
568 651 608 696 ll!
628 652 873 698 monument
894 653 1008 700 mute.
1143 715 1147 726 Ι
1309 645 1377 710 515

199 811 301 874 tores,
335 802 441 864 idest
467 800 579 862 mortui
599 819 656 881 per
675 802 874 881 ignorantiam
901 803 987 878 dsi‚·
1000 823 1078 885 quos
1106 813 1297 870 monuments
1325 807 1375 872 iu·

200 902 385 980 tellegendoe
408 909 651 980 argumentantur
670 901 844 976 haeretur,
870 903 908 965 de
928 906 1130 980 monumentis
1150 907 1325 987 processuri
1344 908 1377 972 iu

199 1001 344 1063 iudicium
372 1010 473 1082 aperte
499 1001 717 1080 praedicantur.
767 1002 905 1065 Ceterum
933 1005 1083 1083 quomodo
1110 1007 1148 1068 de
1173 1008 1377 1072 monumentis

200 1109 394 1164 monumenta
416 1100 603 1182 procedenti
1515 1159 1520 1170 ,

286 1202 362 1265 Post
383 1201 458 1264 diota
480 1202 594 1263 domini
615 1189 690 1263 lacta
712 1202 817 1265 ¹etiam
840 1202 906 1266 eius
927 1204 997 1283 quid
1019 1223 1125 1284 sapere
1145 1206 1317 1282 credamus,
1339 1207 1377 1270 de
1423 1211 1478 1270 ⁰*

198 1302 333 1382 capulis,
348 1303 393 1365 -de
417 1302 582 1383 sepulchris
605 1310 739 1364 mortuos
761 1288 1014 1366 ’111111111111111111
1049 1304 1104 1367 Cui
1124 1305 1168 1367 rei
1193 1303 1301 1370 istudl
1343 1306 1376 1370 Si
1393 1277 1518 1374 mk

199 1402 238 1465 ad
261 1402 427 1482 simplicem
450 1404 680 1465 ostentationem
702 1403 879 1483 potestatis,
908 1412 958 1466 aut
984 1404 1022 1465 ad
1042 1414 1231 1486 praesentem
1251 1405 1377 1487 gratim
1416 1443 1423 1452 ·

199 1503 464 1574 redanimationis,
493 1522 555 1565 nou
578 1503 652 1566 adeo
674 1521 812 1583 magnum
834 1502 878 1565 illi
897 1503 996 1566 denuo
1017 1499 1182 1568 morituros
1203 1505 1377 1571 'meum

199 1603 360 1665 Enimvero
383 1605 410 1666 si
432 1604 469 1666 ad
490 1603 578 1666 iidem
600 1603 699 1684 potius
722 1603 967 1684 sequestrandam
993 1605 1110 1668 luturas
1135 1605 1376 1682 resurrectionis,

200 1721 274 1784 ergo
297 1713 329 1765 et
349 1703 398 1766 illa
420 1703 585 1783 corporalis
606 1703 821 1784 praescribitur
849 1703 886 1765 de
907 1704 1077 1768 documenti
1098 1705 1147 1769 sui
1168 1707 1273 1769 iorms.
1314 1705 1377 1768 Nec

198 1803 358 1866 sustinebo
380 1804 514 1867 dicentes
536 1804 645 1866 idcireo
668 1812 739 1865 tuuc
759 1805 1012 1868 resurrectionem
1032 1804 1148 1868 ammae
1169 1805 1227 1868 soll
1240 1805 1376 1869 deum-

200 1914 260 1967 tam
283 1905 315 1966 in
337 1922 456 1966 carnem
478 1922 597 1982 quoque
623 1903 896 1984 ‘praecucurrisse
928 1905 995 1985 quia
1025 1923 1087 1968 uon
1112 1906 1262 1986 potuisset
1290 1904 1377 1968 slltar

201 2005 322 2067 ostendi
344 2005 524 2066 resurrectio
547 2003 663 2066 animae
684 2004 842 2066 invisibilis
871 2005 930 2067 nisi
956 2023 1012 2086 per
1038 2004 1164 2069 risibilis
1192 2005 1376 2070 substantiae

200 2104 489 2168 ‘resuscitationem
543 2104 618 2166 blale
639 2105 726 2167 deum
748 2114 862 2167 norunt
881 2105 933 2186 qui
953 2122 1015 2167 nou
1036 2107 1160 2188 ‘putant
1178 2107 1261 2170 illum
1281 2107 1378 2188 posis

199 2207 280 2286 quod
303 2223 365 2267 non
385 2214 507 2285 putant3
530 2214 559 2266 et
582 2213 680 2267 tamen
703 2206 802 2267 sciunt
822 2205 975 2284 potuisse,
998 2206 1024 2267 si
1040 2204 1270 2269 instrumentum
1283 2207 1374 2268 lorit-

201 2308 252 2368 nis·
276 2314 398 2368 norunt
452 2305 512 2378 Qui
540 2305 619 2366 enim
646 2306 760 2366 animas
787 2305 884 2367 adbuc
910 2305 992 2368 solas
1018 2315 1179 2386 mamyrum
1206 2306 1264 2368 sub
1290 2303 1375 2368 altari
1388 2313 1496 2418 ἢῆ

200 2407 389 2486 quiescentes
412 2406 585 2484 eonspectui
607 2405 752 2479 subdidit,
775 2413 882 2484 posset
901 2405 1004 2486 utique
1025 2415 1055 2467 et
1067 2411 1261 2486 resurgentes
1279 2404 1376 2470 oeulis

201 2506 343 2568 exhibere
366 2506 432 2567 sine
455 2523 551 2566 carne.
591 2505 708 2583 megs
731 2504 818 2566 deum
848 2505 926 2568 malo
947 2506 1085 2587 decipere
1112 2523 1173 2567 uon
1201 2521 1309 2586 posse,
1337 2503 1376 2568 de

202 2606 313 2668 tellaria
336 2605 525 2667 solummodo
549 2605 715 2677 infirmum,
737 2623 776 2667 ns
790 2605 877 2668 aliter
890 2605 1067 2668 documenta
1080 2604 1274 2685 praemisisse
1287 2621 1376 2684 quam

202 2724 264 2769 rem
286 2705 475 2785 disposuisse
503 2703 652 2776 rideatur,
685 2704 777 2766 immo
808 2723 863 2778 ne,
896 2705 924 2767 si
952 2705 1118 2785 exemplum
1144 2703 1376 2767 rasomonor-

203 2805 266 2869 siue
289 2824 379 2869 carne
400 2823 461 2866 non
483 2804 573 2866 valuit
594 2803 748 2877 inducere,
780 2803 874 2866 multo
896 2805 992 2886 magis
1014 2803 1226 2886 plenitudinem
1249 2803 1377 2884 exempli

203 2907 232 2968 iu
253 2907 357 2969 eadem
381 2905 547 2968 substantia
571 2904 711 2966 exhibere
733 2923 794 2967 uon
816 2905 924 2985 possit.
971 2905 1090 2967 Nullum
1115 2923 1187 2967 raro
1208 2904 1376 2986 exemplum

204 3007 297 3069 maius
319 3014 368 3068 est
390 3025 425 3067 eo
449 3005 532 3068 cuius
561 3005 727 3084 exemplum
755 3014 811 3067 est.
866 3005 961 3068 blaius
988 3006 1054 3067 ⁷est
1078 3014 1177 3068 autem
1206 3006 1232 3067 si
1261 3007 1376 3067 animae

203 3125 268 3169 com
291 3125 421 3186 corpore
442 3104 719 3167 'resuscitabuntur
740 3105 772 3166 in
793 3106 1004 3168 documentum
1035 3106 1101 3167 sine
1121 3123 1250 3186 corpore
1269 3123 1375 3169 resur-

202 3207 304 3286 gendi,
327 3215 361 3268 ut
383 3214 443 3267 tota
465 3205 596 3266 bominis
618 3204 698 3267 salus
714 3205 853 3267 dimidiae
867 3206 1116 3284 patrocinaretur,
1139 3204 1258 3283 quando
1273 3222 1375 3267 arem-

203 3307 318 3386 plorum
340 3305 477 3367 condicio
497 3305 569 3367 illud
590 3306 691 3384 potius
713 3304 885 3384 ⁹erpeteret
905 3305 984 3384 quod
1003 3305 1102 3365 mium
1116 3303 1286 3377 baberetur,
1308 3304 1374 3365 aui·

204 3424 265 3470 mae
288 3407 355 3468 dico
378 3406 472 3468 solius
496 3405 764 3476 resurrectionem,
792 3403 872 3488 velut
898 3414 1018 3483 gustum
1040 3402 1138 3464 earnis
1160 3401 1249 3461 etiam
1269 3388 1374 3463 resur-

204 3515 337 3569 recturae
364 3525 421 3567 suo
450 3506 480 3566 in
509 3513 653 3584 tempore.
702 3510 799 3583 Atque
827 3503 902 3564 adeo
931 3503 1095 3565 secuudum
1123 3508 1258 3563 nostram
1285 3499 1374 3562 ¹⁰reri

204 3608 437 3670 aestimationem
460 3606 591 3684 exempla
604 3606 661 3666 'illa
684 3612 870 3664 mortuorum
888 3620 904 3663 a
920 3601 1042 3664 domino
1057 3602 1268 3663 suscitatorum
1289 3619 1374 3662 com·

205 3708 397 3771 meudabaot·
426 3707 571 3785 ¹¹quidem
599 3715 629 3767 et
657 3705 753 3766 carnis
781 3713 813 3765 et
839 3705 954 3765 animae
982 3700 1231 3765 resurrectionem
1260 3718 1300 3763 ne
1328 3702 1377 3763 eui

206 3808 385 3871 metandae
406 3815 564 3885 negaretur
584 3807 642 3865 hoc
663 3805 793 3877 donum,
816 3803 901 3884 ¹²qua
922 3812 1021 3865 tamen
1043 3800 1191 3881 exempla,
1218 3820 1256 3863 ao
1277 3800 1376 3864 miuus

206 3908 311 3988 aliquid
341 3906 469 3968 edebant
501 3909 574 3980 (non
597 3905 677 3967 enim
703 3905 733 3965 in
755 3903 881 3983 gloriam
903 3922 958 3965 nec
979 3903 1038 3965 ¹’ira
1059 3901 1375 3981 incorruptibilitatem,

208 4009 307 4070 sedin
330 4017 459 4069 mortem
481 4006 567 4067 aliam
590 4007 610 4038 ¹⁸
618 4004 849 4080 suscitabantur)
872 4021 961 4083 quam
983 4003 1136 4065 ¹⁸ediderit
1156 4002 1322 4066 desistunt

270 4127 330 4191 Cap.
349 4125 468 4176 xxxvtll.
516 4125 537 4173 1.
556 4126 608 4174 aius
628 4125 698 4174 etiam
717 4125 761 4174 tlt.
813 4122 837 4173 2.
856 4123 1013 4173 resuscitatos
1030 4122 1074 4173 lt.
1125 4120 1150 4172 d.
1167 4122 1286 4172 suscitare
1303 4120 1377 4173 ldcd.

211 4195 374 4245 trsrlrts'com'.
413 4194 525 4242 suscitari
543 4194 636 4256 reliqui.
680 4191 703 4240 4.
723 4190 877 4255 praesmissa
895 4190 918 4239 d.
960 4190 984 4239 5.
1002 4188 1205 4239 resurrectionem
1224 4189 1249 4239 a.
1290 4186 1314 4238 d.
1333 4203 1377 4252 pa·

212 4264 294 4311 11111.
349 4259 374 4308 'l.
393 4268 458 4309 esset
478 4261 540 4309 Fulo.
557 4260 661 4308 Ursinus.
714 4258 737 4308 8,
757 4260 959 4307 resuscitarentur
981 4257 1047 4308 Folo.
1060 4256 1166 4306 Ursinus.
1216 4254 1242 4305 9.
1265 4262 1377 4319 aspecta-
1409 4270 1414 4278 ·

213 4334 242 4375 tat
258 4328 282 4377 d.
319 4334 419 4392 experet
436 4329 461 4376 A.
516 4326 556 4376 10.
581 4328 629 4374 reri
656 4326 849 4376 aestimationem
866 4326 928 4374 edit.
946 4325 1064 4387 leopoldi.
1106 4336 1163 4371 vero
1186 4322 1379 4372 aestimetionem

214 4390 479 4446 tremescentem.
515 4394 564 4442 reri
583 4393 783 4443 existimetiooem
801 4409 831 4452 1.,
850 4407 901 4442 cem
918 4392 992 4440 tribur
1006 4390 1127 4440 Verbosis.
1162 4390 1285 4440 raritatem
1303 4389 1379 4452 engi.

217 4455 287 4510 lter
305 4462 385 4511 seruis
405 4461 501 4523 quidem
520 4461 544 4509 B.
601 4459 639 4508 12.
665 4475 780 4524 quareo.
821 4472 883 4523 quse
909 4459 965 4508 libri
988 4471 1074 4507 omnes.
1133 4454 1172 4507 13.
1190 4457 1215 4507 ia
1232 4456 1378 4507 11113111.

218 4521 249 4575 lt
265 4528 443 4579 suscitabuntur
460 4528 502 4576 tlt.
556 4528 597 4576 lb.
615 4527 725 4577 Christus
743 4526 846 4577 ediderit
861 4525 905 4576 All.
995 4564 998 4568 .

244 4623 265 4673 b.
281 4635 479 4691 argumentantur
497 4622 623 4692 baeretici]
643 4627 679 4677 Cl.
692 4642 766 4691 supra
852 4623 1037 4688 Capllllellll.
1060 4638 1082 4672 1.
1097 4614 1310 4685 commendebaot]
1327 4618 1380 4669 lloc

220 4694 308 4752 111119.
327 4696 440 4746 Ceterum
454 4696 609 4757 argumentari
621 4695 660 4743 bie
672 4703 709 4742 est
720 4708 766 4758 pro
820 4699 857 4741 est
875 4690 1018 4755 probabant.
1054 4691 1089 4740 lta
1107 4698 1248 4755 usurpatum
1265 4700 1380 4740 11111111·

221 4763 319 4821 irrorari,
338 4760 461 4826 quomodo
479 4761 542 4809 baud
561 4761 636 4810 semel
651 4776 680 4810 eo
695 4762 767 4811 verbo
822 4760 877 4809 dore
895 4757 1023 4807 babuimus
1040 4772 1115 4821 sopra
1132 4774 1185 4823 esp.
1197 4757 1221 4807 'l.
1239 4755 1269 4805 ad
1287 4755 1328 4804 tls.

222 4828 279 4874 llum
295 4844 349 4880 esse
365 4829 538 4880 Tertullianum
558 4828 615 4879 alibi
634 4829 768 4880 docuimus.
854 4824 879 4875 b.
898 4838 970 4889 quom
988 4824 1090 4875 ediderit
1106 4820 1240 4887 cbristusl
1264 4817 1384 4885 meopte

1108 4970 1113 4979 Ι
1171 4902 1228 4958 ea*
