3242 5775
297 626 360 689 stt
548 638 651 691 cumrr
673 635 803 681 suerrum
827 633 995 678 ruonrnrrs
1017 632 1231 705 runruuutsru.

296 790 435 856 babeam
457 806 535 851 unus
558 796 615 850 est.
665 785 698 849 si
720 794 751 848 et
771 784 846 847 alius
868 773 1021 857 babuerit,
1049 790 1096 845 tot
1115 782 1174 845 iam
1195 790 1285 844 eruut
1305 780 1347 843 dii
1371 780 1391 813 ¹¹
1399 789 1477 861 quot

295 891 454 955 habuerint
475 908 550 970 quae
572 888 621 951 dei
643 896 723 949 suot
759 887 804 948 lta
825 887 1028 964 Hermogenes
1050 885 1127 946 duos
1149 884 1223 945 deos
1246 882 1374 944 ”infert
1409 882 1475 944 bla-
1515 923 1519 965 ,

296 993 401 1057 teriam
429 1009 531 1071 parem
558 990 615 1051 deo
644 990 743 1051 infert
792 987 886 1050 Deum
909 995 1007 1049 autem
1035 1003 1127 1048 uuum
1150 1003 1216 1047 esse
1239 991 1376 1065 oportet,
1404 983 1476 1063 quia
1508 1026 1519 1068 2

296 1094 377 1175 quod
399 1110 548 1155 summum
570 1091 610 1151 sit
632 1090 706 1152 deus
729 1097 792 1163 est3
825 1106 974 1151 summum
1003 1095 1101 1150 autem
1127 1104 1190 1147 non
1216 1085 1272 1148 erit
1299 1085 1360 1147 nisi
1391 1083 1475 1166 quod
1501 1124 1514 1169 ¹

296 1195 416 1258 unicum
439 1194 543 1266 tuerit3
565 1191 686 1254 unicum
707 1199 806 1253 autem
829 1209 899 1251 esse
915 1207 976 1251 non
991 1189 1103 1268 poterit
1122 1187 1169 1248 oui
1191 1186 1302 1269 aliquid
1323 1186 1477 1267 adaequs-
1498 1230 1511 1274 q

295 1295 392 1369 bitur3
414 1292 626 1374 adaequabitur
647 1303 746 1354 autem
767 1292 825 1354 deo
848 1290 1058 1352 materiarum
1082 1288 1227 1351 ¹³aeterna
1249 1296 1399 1350 censetur.
1499 1315 1519 1382 q

186 1414 274 1472 capr.
382 1395 441 1457 Sed
465 1395 540 1455 deus
563 1393 725 1469 deusest,
755 1400 785 1454 et
807 1391 929 1453 materia
952 1390 1075 1452 materia
1103 1399 1157 1452 est.
1203 1388 1296 1463 Quasi
1318 1390 1519 1486 diversitasffl¹

296 1496 451 1560 nominum
474 1493 704 1574 'comparationi
725 1493 862 1567 resistat,
891 1492 919 1553 si
941 1500 1036 1553 statos
1058 1491 1137 1553 idem
1159 1490 1332 1554 vindicetur.
1377 1490 1425 1554 Sit
1445 1499 1475 1555 et
1490 1541 1519 1591 ,fl

257 1612 277 1664 ’.
296 1607 400 1661 nature
423 1596 558 1669 diversa,
586 1595 627 1657 sit
648 1602 679 1655 et
700 1596 795 1656 torma
817 1611 878 1654 uon
900 1592 1021 1667 cadem,
1053 1591 1233 1654 'dummodo
1261 1592 1358 1672 ipsius
1379 1601 1475 1657 stetu
1487 1631 1519 1694 ΜΕ

296 1715 355 1759 una
377 1697 417 1758 sit
437 1696 524 1757 ratio.
567 1695 690 1757 Innatus
710 1694 802 1768 deus3
830 1711 869 1755 uu
891 1711 952 1755 non
975 1701 1007 1755 et
1027 1693 1126 1755 innata
1148 1691 1311 1755 ³materiat
1348 1694 1519 1789 Semperqffi

297 1798 388 1872 deus,
421 1814 459 1858 an
480 1815 541 1857 noo
563 1814 684 1876 semper
705 1803 736 1857 et
756 1791 904 1856 materia?
947 1793 1041 1855 Ambo
1071 1794 1136 1856 sine
1163 1795 1266 1868 initio,
1298 1795 1388 1857 ambo
1410 1787 1519 1898 εἰκάς

296 1899 372 1972 fine,
395 1897 482 1959 ambo
506 1898 594 1959 etiam
616 1904 754 1959 auctores
777 1895 999 1969 universitatis,
1022 1901 1081 1956 mm
1103 1895 1153 1975 qui
1175 1896 1246 1958 iecit
1260 1914 1349 1976 quam
1364 1898 1403 1959 de
1418 1903 1519 2005 quw

297 2000 376 2062 tecit.
412 1998 513 2077 Neque
535 1998 614 2059 enim
636 2005 738 2078 potest
758 2014 820 2058 nou
843 2003 873 2057 et
895 1996 1017 2058 materia
1039 1995 1152 2058 auctrix
1174 1997 1307 2058 omnium
1329 1992 1519 2109 deputeripw

298 2098 336 2161 de
357 2117 415 2179 qua
437 2098 615 2161 universitas
636 2097 786 2160 consistit
831 2096 989 2171 Quomodo
1018 2096 1237 2178 respondebit?
1280 2098 1347 2162 Non
1376 2097 1519 2197 statiiqj'

297 2200 451 2263 materiem
474 2200 639 2279 comparari
660 2198 718 2261 deo
741 2199 768 2260 si
791 2198 862 2277 quid
883 2189 932 2259 dei
960 2197 1081 2272 babeat,
1111 2199 1179 2279 quia
1206 2215 1268 2261 non
1295 2207 1394 2263 totum
1419 2171 1519 2310 bees?

232 2341 234 2348 ·
298 2301 397 2363 bendo
425 2318 486 2361 noo
515 2308 673 2362 condurat
695 2299 730 2360 in
756 2299 970 2379 plenitudinem
998 2298 1258 2379 comparationis?
1308 2302 1389 2375 Quid
1417 2289 1519 2433 1αῆ

298 2401 418 2482 reliquit
439 2400 579 2481 amplius,
602 2410 634 2464 ut
655 2419 717 2463 nou
738 2409 835 2462 totum
857 2400 905 2461 dei
926 2399 1086 2462 ⁴materiae
1101 2400 1221 2463 dedisse
1237 2401 1393 2465 rideatur?
1422 2401 1482 2502 ἢ

299 2521 374 2582 qua,
397 2501 509 2581 iuquit,
531 2509 562 2564 et
583 2501 629 2564 sic
648 2501 776 2564 habente
797 2501 936 2575 materia,
960 2500 1039 2562 satra
1054 2502 1095 2563 sit
1115 2502 1171 2563 deo
1194 2511 1224 2564 et
1245 2501 1487 2612 ‘aunonmdg

300 2602 477 2676 substantia,
493 2620 551 2681 qua
565 2602 650 2664 solus
666 2611 696 2664 et
709 2603 825 2683 primus
840 2610 945 2665 auctor
959 2611 1017 2678 est,
1037 2612 1067 2664 et
1081 2603 1220 2665 domiuus
1237 2606 1370 2667 omnium
1384 2605 1493 2708 ‘denti’
1510 2585 1519 2619 ³

300 2712 411 2764 seatur.
443 2702 563 2765 ,Veritas
586 2712 685 2765 autem
706 2703 769 2766 'sic
790 2722 882 2766 unum
905 2704 992 2766 deum
1015 2704 1120 2783 exigit,
1142 2704 1349 2767 'defendendo
1373 2715 1405 2769 ut
1418 2695 1494 2810 '⁸84¹'

298 2802 358 2865 lius
380 2804 420 2866 sit
441 2803 580 2883 quiequid
601 2804 697 2884 ipsius
719 2812 776 2866 est.
820 2804 863 2867 ita
886 2804 965 2866 enim
987 2805 1083 2884 ipsius
1107 2806 1178 2880 erit,
1208 2806 1236 2867 si
1257 2807 1348 2868 tuerit
1365 2783 1519 2975 m:

301 2913 331 2967 et
351 2923 388 2966 ex
408 2905 468 2967 boc
488 2905 564 2969 alius
586 2906 660 2968 deus
681 2923 744 2967 non
765 2906 863 2986 possit
884 2905 1016 2980 admitti,
1049 2907 1119 2968 dum
1142 2908 1254 2970 nemini
1275 2907 1346 2970 lieet
1455 2980 1460 2987 ¹

301 3005 417 3067 dedeo
440 3005 561 3086 aliquid.
592 3005 687 3086 Ergo,
710 3006 828 3086 inquis,
851 3025 908 3068 uec
928 3026 985 3069 nos
1007 3006 1152 3071 babemus
1168 3008 1216 3070 dei
1232 3008 1352 3088 aliquid.
1380 3000 1519 3119 luq-

250 3103 254 3111 ’
299 3105 443 3168 babemus
466 3115 496 3168 et
516 3105 708 3182 babebimus,
738 3107 792 3168 sed
820 3106 856 3168 ab
885 3108 969 3187 ipso,
1002 3127 1065 3170 non
1092 3129 1109 3171 a
1136 3109 1236 3171 nobis.
1280 3109 1355 3173 Nam
1377 3117 1407 3173 et

166 3198 290 3301 ,fflm
301 3208 430 3282 erimus,
464 3208 491 3269 si
512 3208 710 3270 meruerimus
733 3207 776 3268 illi
798 3227 870 3270 csse
892 3208 930 3270 de
952 3209 1060 3289 quibus
1088 3210 1286 3290 praedicavit,
1319 3212 1381 3291 Ego
1409 3210 1432 3261 11⁸·
1456 3193 1466 3201 ¹
1490 3284 1519 3293 ψ

177 3328 356 3376 uu.v.1.vos
384 3309 426 3370 dii
454 3307 544 3383 estis,
578 3316 624 3381 et,
654 3308 744 3371 Stetit
765 3309 838 3370 deus
860 3309 891 3370 iu
921 3309 1045 3372 ecclesia
1072 3310 1213 3385 deorum3
1250 3311 1304 3373 scd
1326 3331 1362 3374 ex
1388 3341 1401 3383 :⁴
1434 3310 1477 3342 ’τ’

300 3411 411 3491 ipsius,
444 3427 506 3471 non
528 3429 565 3472 ex
586 3417 691 3472 nostra
711 3409 912 3490 proprietate,
949 3411 1017 3490 quia
1046 3412 1111 3492 ipse
1139 3419 1184 3473 est
1206 3411 1291 3474 solus
1313 3413 1364 3493 qui
1383 3411 1418 3463 ἰ.
1431 3421 1441 3486 j

300 3513 397 3574 faciat.
443 3511 608 3573 ¹⁰blateriae
629 3518 728 3573 autem
748 3509 906 3590 proprium
927 3510 996 3572 iacit
1017 3511 1098 3592 quod
1120 3531 1186 3573 cum
1209 3513 1266 3575 deo
1289 3511 1393 3575 babet:
1416 3504 1434 3580 ,ἦ

302 3613 328 3673 si
350 3631 367 3673 a
389 3612 446 3673 deo
468 3612 582 3691 occepit
602 3611 683 3691 quod
704 3622 752 3674 est
773 3611 837 3685 dei,
861 3610 996 3673 ordinem
1018 3611 1085 3673 dico
1101 3612 1302 3687 aeternitatis,
1324 3632 1363 3694 po
1383 3642 1402 3667 >a
1418 3620 1434 3664 t?

302 3712 383 3774 credi
406 3721 436 3773 et
456 3712 566 3773 babere
594 3711 674 3774 illam
703 3730 770 3774 cum
798 3711 855 3772 deo
884 3712 994 3792 aliquid
1023 3721 1054 3774 et
1075 3712 1170 3783 ¹deum
1198 3713 1278 3776 illam
1306 3734 1367 3778 nou
1402 3760 1406 3765 -
1461 3699 1490 3784 ,⁴

302 3812 396 3886 Quale
419 3821 466 3872 est
487 3819 586 3873 autem
607 3830 674 3874 cum
696 3813 855 3875 confitetur
875 3812 924 3874 ille
939 3813 1048 3893 aliquid
1064 3832 1130 3876 cum
1144 3813 1201 3875 deo
1217 3814 1345 3891 babere,
1367 3823 1398 3878 et
1424 3805 1439 3832 ⁵
1490 3810 1519 3819 “

304 3913 397 3974 sotius
420 3911 468 3972 dei
490 3912 659 3991 essequod
682 3913 835 3975 materiam
857 3933 917 3976 non
940 3922 1029 3995 negat
1049 3913 1183 3977 babere?
1428 3906 1431 3911 ’

189 3997 287 4096 ςζμι,
390 4013 466 4075 uicit
486 4013 598 4077 salvum
621 4013 677 4076 deo
701 4033 786 4090 esse,
814 4023 848 4077 ut
876 4026 906 4079 et
934 4016 1018 4078 solus
1041 4016 1081 4077 sit
1102 4025 1133 4079 et
1152 4016 1269 4096 primus
1291 4026 1322 4081 et
1343 4035 1403 4080 oo
1433 4084 1442 4098 ,-

301 4123 405 4178 auctor
433 4122 463 4176 et
490 4115 622 4177 omnium
650 4115 789 4179 dominus
818 4124 849 4178 et
875 4117 988 4179 nemini
1016 4118 1251 4198 comparandus,
1284 4119 1377 4201 ¹quae
1402 4190 1405 4195 ,
1505 4106 1506 4110 “

304 4303 343 4352 11.
362 4301 427 4366 quod
445 4302 580 4352 babuerunt
596 4305 621 4353 Α.
676 4303 715 4352 lb.
734 4280 816 4364 intert,
835 4303 891 4353 dom
911 4305 1035 4355 materiam
1053 4305 1192 4357 Fateatur.
1241 4305 1281 4356 1³.
1299 4305 1400 4359 materie
1424 4228 1519 4343 ff:

302 4378 370 4420 setur
387 4371 413 4419 Α.
448 4379 546 4420 aeterno
565 4370 703 4420 censebitur
720 4371 758 4420 Fr.
771 4373 859 4421 deeius.
1484 4378 1519 4413 ²¹

371 4437 429 4500 Cap.
445 4436 470 4485 V.
520 4438 542 4486 1.
561 4439 741 4501 comparatione
759 4442 784 4489 A.
837 4437 860 4488 2.
880 4438 1096 4492 dommodoobed.
1131 4440 1189 4490 dom
1208 4441 1299 4491 nomini
1317 4442 1353 4504 B,
1371 4447 1397 4493 et

301 4520 373 4567 uterq.
418 4504 475 4554 dom
500 4505 599 4554 nomina
621 4507 646 4554 Δ.
705 4505 730 4557 3.
754 4514 778 4556 et
801 4508 902 4557 materia
925 4509 949 4556 A.
1013 4507 1037 4560 t.
1062 4509 1161 4558 materie
1186 4510 1213 4559 Δ.
1277 4509 1300 4559 b.
1326 4516 1404 4561 anotm
1488 4514 1519 4560 ἓ

301 4571 447 4633 (auctoritati
465 4573 501 4629 Α.)
519 4580 543 4621 et
560 4573 709 4624 substantiae
726 4573 771 4624 AB,
812 4573 837 4624 6.
856 4582 968 4624 censetor
984 4574 1070 4646 „·ote'i“
1086 4578 1150 4641 opud
1167 4577 1205 4626 Fr.
1218 4577 1318 4627 leniunt.
1357 4576 1404 4628 ‘tce

301 4640 498 4759 {agataeoddgabdi
558 4637 584 4688 9.
608 4640 654 4690 deo
678 4641 735 4691 tacit
751 4644 776 4691 Δ.
843 4641 882 4692 to.
909 4642 1023 4694 Materiae
1047 4645 1080 4705 d„
1110 4659 1140 4695 ee
1165 4646 1277 4695 mendot.
1295 4644 1404 4697 roret
1492 4648 1519 4686 Ι

370 4776 428 4840 Cap.
446 4775 482 4824 tt.
520 4774 542 4822 1.
561 4788 605 4837 per
621 4789 682 4839 quae
700 4790 745 4826 nee
763 4785 807 4828 eet.
834 4777 947 4830 Materiae
966 4794 1062 4845 quoque
1078 4781 1122 4830 tu.
1164 4794 1209 4844 per
1226 4795 1288 4845 quae
1306 4792 1397 4832 necet
1417 4742 1478 4839 ὃ

300 4845 370 4906 teria,
388 4847 410 4895 ei
429 4856 525 4910 quoquc
543 4843 680 4907 beopotdoe.
1404 4848 1428 4863 “·
1445 4844 1519 4903 2021
