3242 5775
568 621 607 665 nr
629 621 875 668 assumeremus
896 587 1012 666 ossam.
1071 583 1087 594 ’
1149 590 1195 638 ”·
1310 609 1376 676 320

197 764 425 844 invalescendo,
448 770 488 834 ita
511 779 542 834 et
562 769 681 833 mortali
701 769 845 833 devorato
866 769 904 834 ab
918 769 1140 836 immortalitate
1153 773 1257 836 audire
1268 775 1376 856 possit,

199 863 257 930 llbi
277 880 325 932 est
345 889 430 933 mors
451 871 572 934 amulcus
595 868 691 933 tunsi
713 870 763 932 ubi
785 877 833 933 est
852 889 935 934 mors
956 873 1109 935 contentio
1124 871 1199 936 tuat
1231 873 1283 938 Sic
1295 875 1529 946 mimicum&

207 973 233 1027 at
254 971 344 1051 gratia
366 971 426 1034 illic
446 969 745 1052 ”superabundabit,
766 970 819 1033 ubi
841 979 872 1034 et
892 965 1031 1052 iniqnitas
1052 971 1250 1038 ⁸'abundarit
1282 975 1334 1040 Sic
1346 986 1529 1046 muamus.

208 1066 295 1134 virtus
315 1071 347 1134 iu
369 1071 539 1134 infirmitate
560 1071 775 1151 '‘perficietur',
797 1072 879 1152 quod
892 1071 1002 1153 ”penit
1015 1073 1129 1138 salvum
1143 1074 1272 1151 taciens,
1293 1078 1528 1158 qnodncfflo.

212 1183 350 1234 nortuum
373 1180 421 1235 est
441 1172 607 1247 vivificans,
636 1172 715 1252 quod
736 1191 913 1253 percussum
935 1181 983 1236 cst
1003 1191 1130 1248 sanans,
1159 1175 1241 1256 quod
1261 1175 1377 1258 languit

214 1271 364 1347 nedicunm
388 1273 467 1352 quod
488 1272 653 1353 ”ereptam
676 1283 724 1336 est
744 1274 913 1348 redimens,
935 1273 1016 1354 quod
1037 1275 1208 1345 famulatum
1231 1277 1372 1341 estlibe-
1385 1271 1515 1379 ,Qu

214 1381 287 1445 tros,
308 1374 389 1454 quod
413 1374 567 1436 seductum
589 1382 636 1436 est
656 1392 818 1447 revocans,
847 1374 929 1455 quod
950 1374 1060 1437 elisum
1081 1385 1129 1438 est
1149 1377 1317 1454 suscitans;
1344 1387 1375 1442 at

215 1469 318 1545 quidem
340 1474 378 1536 de
399 1482 479 1536 terra
500 1476 531 1535 in
553 1474 682 1549 caelum,
706 1475 757 1537 nbi
778 1483 916 1536 nostrum
938 1475 1149 1556 municipatum
1164 1477 1373 1560 Pbilippnses
1385 1475 1493 1586 ,3224

215 1582 318 1654 quoqne
340 1573 377 1636 ab
399 1575 538 1655 apostolo
560 1575 694 1649 discunt,
717 1575 796 1637 unde
818 1583 849 1638 et
868 1575 1138 1640 ⁸⁷salutificatorem
1159 1587 1296 1646 uusbum
1318 1599 1374 1644 ex·

213 1680 349 1741 mmmm
364 1675 464 1737 lesum
480 1675 646 1750 Christum,
669 1677 719 1756 qni
741 1675 991 1755 ”bansbgurabit
1012 1695 1122 1757 corpus
1137 1687 1261 1742 nostem
1273 1679 1376 1744 bumi-

211 1760 290 1836 litatis
304 1774 513 1838 ³'conformale
529 1776 648 1857 corpori
664 1777 776 1857 gloriae
790 1795 873 1852 suae,
895 1778 961 1840 sina
978 1777 1069 1840 dubio
1089 1787 1161 1858 post
1173 1778 1374 1842 msurreotio·

210 1879 285 1949 lem,
306 1876 374 1956 quia
397 1895 462 1938 nec·
473 1878 539 1957 ipse
555 1877 691 1939 Christus
714 1878 895 1957 glorificatus
909 1884 1040 1941 estante
1054 1879 1238 1960 passionem.
1267 1877 1377 1944 *naec

208 1980 288 2036 munt
316 1996 443 2057 corpora
474 1987 576 2039 nostra
609 1997 685 2057 quac
714 1978 867 2041 Romanos
900 1978 1039 2042 obsecrat
1072 1979 1213 2042 exhibere
1245 1965 1528 2050 beatamne-Lm

205 2065 310 2149 liram,
340 2087 487 2149 sanctam,
515 2079 709 2158 “placibilem
738 2080 805 2141 deo.
857 2079 1017 2153 Quomodo
1042 2079 1155 2154 viram,
1188 2079 1215 2144 si
1240 2081 1375 2162 peritura

201 2176 293 2239 matt
326 2180 478 2257 quomodo
501 2188 648 2252 sanctam,
672 2181 697 2240 si
719 2183 844 2260 protana
866 2178 960 2243 sunt?
995 2182 1147 2260 quomodo
1168 2178 1396 2260 ”placibilem

198 2265 378 2340 'idamnata
392 2278 486 2341 sunt?
514 2282 574 2359 Age
596 2280 671 2354 iam,
695 2280 775 2360 quod
797 2280 833 2342 ad
849 2280 1137 2344 Thessalonicenses
1159 2280 1281 2362 ⁴'ipsius
1302 2281 1377 2344 solis

197 2376 281 2441 Pisliu
303 2388 406 2458 putem
428 2380 587 2459 scriptum,
620 2380 662 2441 ita
684 2380 789 2455 claret,
826 2381 952 2461 qualiter
978 2381 1125 2461 accipient
1151 2380 1298 2461 lucilugaa
1323 2380 1376 2443 isti

197 2477 428 2559 ’empturamnn
451 2480 521 2560 lpse
536 2487 634 2541 autem
650 2480 724 2541 deus
739 2481 822 2560 pacis
838 2481 1003 2544 sanctificet
1016 2499 1071 2544 vos
1092 2479 1200 2545 totos?
1225 2479 1294 2543 Nun
1308 2483 1374 2544 sul·
1445 2524 1450 2534 -

197 2559 280 2642 leit?
322 2579 412 2640 ⁴⁴Sed
441 2581 590 2660 sequitur:
622 2580 661 2641 Et
689 2580 837 2659 integrum
865 2599 975 2661 corpus
1002 2590 1135 2644 restrum
1162 2587 1194 2664 et
1220 2581 1318 2644 enims
1345 2577 1483 2682 ossif}

197 2681 322 2751 ‘pir-itus
352 2679 417 2740 sine
445 2679 564 2758 querela
593 2688 809 2742 conserventur
841 2680 872 2741 in
904 2680 1072 2762 praesentia
1101 2681 1226 2744 domini.
1276 2680 1377 2744 llabes

197 2786 316 2844 'mneru
348 2779 543 2841 substantiam
569 2780 700 2842 bominis
728 2780 816 2843 saluti
844 2780 1038 2855 destinatam,
1069 2800 1127 2844 nee
1151 2781 1210 2844 alio
1240 2789 1376 2862 tempore

197 2889 283 2952 luam
307 2881 340 2941 iu
362 2881 488 2942 adventu
511 2880 641 2954 domini,
664 2880 714 2960 qui
736 2880 825 2944 elaris
848 2888 896 2944 est
915 2882 1161 2946 resurrectionis.

285 2981 348 3044 Sed
370 3000 455 3054 caro,
478 2981 593 3060 inquis,
625 2990 655 3043 et
683 2983 805 3062 sanguis
833 3001 956 3062 regnum
980 2983 1026 3046 dei
1050 2984 1529 3065 ¹baereditetcpcssi·csp.1cvm.

197 3078 264 3150 lere
289 3102 353 3145 non
375 3091 514 3162 possunt.
551 3082 668 3143 Scimus
690 3083 749 3144 boc
769 3102 889 3163 quoquc
909 3084 1072 3164 scriptum,
1095 3085 1148 3147 sed
1169 3085 1208 3146 de
1228 3064 1529 3147 inducula¹⁰⁰⁸¹m

197 3185 368 3251 bsualimus
396 3184 566 3263 bucusque,
600 3192 633 3244 ut
654 3184 734 3262 quod
756 3184 918 3246 adversarii
940 3185 970 3245 in
991 3185 1088 3265 prima
1105 3186 1210 3246 statim
1233 3184 1297 3247 acic
1318 3184 1376 3245 ob-

200 3294 336 3358 truunt,
358 3285 389 3345 in
412 3285 513 3346 ultima
536 3285 752 3363 congressione
766 3292 1045 3364 prosterneremus,
1068 3284 1208 3346 omnibus
1223 3283 1377 3363 quaestio-

197 3391 286 3453 uibus
317 3384 402 3464 qnasi
431 3385 546 3446 auxiliis
575 3385 640 3446 eius
669 3392 737 3445 ante
765 3383 917 3445 'deiectis
968 3384 1027 3446 Sed
1057 3394 1088 3446 et
1114 3403 1195 3446 nunc
1220 3381 1378 3461 'expetent

197 3486 405 3555 rmecedentia
426 3487 618 3564 recognosci,
656 3494 688 3546 nt
711 3493 740 3544 et
760 3484 831 3546 bnic
857 3484 961 3546 sensui
989 3503 1042 3546 sua
1071 3484 1156 3563 origo
1183 3480 1376 3561 praeiudicet.

204 3591 350 3671 Opinon,
374 3587 527 3666 apostolus
543 3586 689 3665 disposita
705 3586 740 3646 ad
757 3583 929 3647 Coriutbios
944 3584 1025 3646 omni
1046 3580 1257 3645 ‘distinctione
1279 3581 1375 3644 ccele-

197 3689 339 3753 siasticae
366 3686 539 3766 disciplinae
567 3705 712 3748 summam
741 3693 771 3746 et
798 3685 845 3746 sui
875 3683 1018 3763 evangelii
1046 3691 1077 3744 et
1101 3682 1171 3745 lidei
1198 3680 1317 3745 illorum
1344 3682 1376 3744 in

197 3789 366 3852 dominicae
388 3787 492 3849 mortis
515 3795 547 3848 et
566 3786 798 3848 resurrectionis
820 3785 1047 3847 demandatione
1067 3783 1270 3856 concluserat,
1291 3789 1324 3845 nt
1346 3786 1377 3844 et

199 3900 322 3953 nostrae
345 3887 409 3967 spei
431 3888 562 3966 regulam
586 3887 654 3949 inde
677 3887 839 3948 deduceret
853 3885 932 3948 unde
947 3894 1105 3948 constaret
1138 3885 1242 3965 ltaque
1255 3882 1376 3958 subicit,

202 3988 231 4052 Si
246 3998 349 4051 autem
366 3987 503 4049 Christus
525 3989 713 4067 praedicatur
727 3988 807 4067 quod
823 4006 839 4048 a
854 3986 980 4048 mortuis
1002 3986 1201 4059 ‘resurrexit,
1224 3960 1505 4065 quomodo¹f⁰221{f’

201 4207 239 4258 32.
258 4207 464 4270 superabundavit
481 4208 543 4257 tec.
562 4215 607 4257 tres
631 4209 741 4257 l’uts'ccm'.
800 4204 841 4256 33.
865 4206 999 4258 abundabit
1020 4209 1054 4257 bc.
1117 4203 1158 4255 34.
1176 4204 1335 4270 partlcsaatsr
1350 4207 1378 4255 Δ.

201 4274 238 4326 bb.
257 4276 331 4340 periit
350 4277 395 4335 cd,
416 4292 445 4325 eu
463 4278 574 4325 emcadct.
594 4277 694 4325 demetii.
738 4272 780 4324 36.
798 4282 922 4339 cereptum
939 4278 965 4325 t.
1002 4281 1114 4338 eruptum
1133 4273 1158 4322 ll.
1199 4270 1240 4321 31.
1258 4270 1377 4321 salviflua-

199 4345 319 4394 luterni.
372 4342 413 4392 38.
439 4343 613 4404 transfiguravit
637 4343 729 4392 Aecae.
788 4340 830 4391 39.
855 4343 1033 4392 eunlcrmatum
1051 4343 1073 4392 b.
1124 4339 1167 4389 40.
1184 4339 1295 4389 llactll.
1335 4338 1378 4389 4Ι.

198 4410 344 4475 placabilem
362 4410 424 4460 ABG.
477 4409 518 4459 42.
537 4410 675 4474 placibilem
695 4409 740 4470 cd,
761 4410 790 4459 ds
807 4411 859 4460 cod.
877 4411 910 4460 lo.
925 4410 1053 4459 Clementis.
1088 4406 1212 4472 placibili·
1230 4407 1287 4457 sae.
1322 4404 1379 4470 pls·

199 4476 286 4529 tabitia
310 4478 404 4540 reliqui.
465 4477 505 4527 43.
532 4487 557 4527 ut
581 4479 658 4540 ipsius
682 4479 717 4527 be.
783 4475 826 4527 44.
850 4477 893 4526 sed
916 4477 1074 4540 tlchapabcd.
1097 4476 1273 4539 llirsesruieuss's
1296 4476 1380 4525 codes.

197 4545 263 4612 qnod
284 4545 318 4605 0.,
338 4560 368 4593 ee
385 4546 564 4606 Putemicceusi,
584 4548 610 4593 ni
627 4546 706 4606 fuller,
726 4545 814 4594 codice.
1359 4604 1365 4615 ι

268 4612 328 4675 Cap.
347 4612 445 4661 llblllll.
484 4613 505 4662 1.
525 4613 673 4661 haereditate
693 4612 775 4661 Cabed.
792 4611 962 4660 trechts'enci.
996 4607 1196 4659 baereditatitll.
1236 4606 1261 4658 2.
1279 4605 1380 4656 deiectas

197 4680 284 4732 Csbcd.
307 4681 417 4739 Vaticani,
438 4686 459 4728 et
478 4682 529 4730 ced.
549 4682 581 4729 lo.
594 4681 722 4731 Clementis.
759 4678 867 4727 disiectis
884 4678 983 4740 Abdum.
1035 4675 1059 4727 3,
1078 4683 1205 4739 expectent
1222 4676 1259 4725 cd.
1277 4680 1324 4723 tras
1336 4672 1380 4720 Υι-

197 4751 279 4798 liccat.
321 4747 346 4797 4.
368 4747 397 4795 b't
413 4747 502 4811 opinor
520 4748 597 4798 Adde.
647 4746 897 4797 eudaemones.
949 4743 973 4794 b.
991 4745 1123 4795 resurrexit
1139 4745 1196 4796 ted.
1214 4743 1265 4793 eod.
1282 4736 1381 4790 lecte-

197 4817 290 4866 aaeuts's.
326 4816 486 4865 resurrexerit
502 4816 595 4879 reliqui.
1019 4806 1042 4831 ¹

233 4900 396 4945 Terruerunt
410 4912 462 4944 oea.
474 4913 512 4944 su.
521 4911 622 4944 onusta.
641 4899 705 4944 Tum.
715 4898 742 4943 ll.
1193 4888 1228 4940 34
