3242 5775
323 603 387 669 248
572 613 674 665 umnec
696 611 828 672 eneruem
849 611 1015 655 sconcnrrs
1038 610 1249 668 scammum,

321 768 460 832 lemin'am
482 763 576 827 iunxit
596 762 778 830 exornaverit
798 761 901 843 potius
923 778 1012 840 quarn
1033 759 1213 823 destruxerit
1226 759 1322 840 bloysi
1344 779 1364 822 e

322 864 459 931 tionem?
502 863 563 926 Sed
591 882 660 926 eece
686 862 730 925 sic
759 872 828 924 tuus
854 862 896 923 sit
923 862 980 923 iste
1008 860 1144 923 Christus
1170 862 1354 923 contrarium

320 967 415 1049 lloysi
437 973 468 1029 et
488 964 631 1039 creatori,
654 973 702 1038 ut,
724 963 751 1025 si
765 982 827 1025 non
842 961 1023 1024 eontrarium
1038 962 1216 1036 ostendero,
1239 982 1324 1025 meus
1340 962 1364 1025 si

322 1068 400 1131 enim
422 1066 504 1128 illum
526 1064 768 1129 condicionaliter
796 1080 876 1126 nunc
902 1063 1011 1125 recisse
1039 1062 1157 1125 divortii
1185 1063 1364 1144 prohibition

321 1170 389 1232 ideo
412 1167 479 1249 quis
501 1166 628 1229 dimittat
649 1182 772 1226 uxorem
793 1163 845 1226 'ut
865 1163 951 1226 aliam
972 1164 1069 1226 ducat.
1126 1164 1183 1237 Qui
1205 1165 1364 1239 dimiserit,

322 1288 461 1343 uxorem,
493 1277 524 1330 et
543 1267 629 1329 aliam
657 1265 787 1338 duxerit,
820 1264 996 1328 adulterium
1025 1264 1188 1339 commisit,
1223 1278 1253 1327 et
1274 1267 1364 1346 quia

322 1371 473 1433 dimissam
496 1368 629 1441 duxerit,
651 1384 744 1446 aeque
765 1366 957 1440 adulterent,
980 1385 1015 1427 cx
1032 1366 1133 1428 eadem
1148 1366 1249 1446 utique
1265 1387 1351 1429 causa

320 1491 384 1536 sem
407 1489 464 1550 qua
485 1487 546 1530 noo
567 1468 637 1530 licet
658 1466 782 1540 dimitti,
810 1467 919 1529 utalia
942 1467 1081 1542 ducatur3
1113 1466 1214 1531 illicite
1237 1469 1314 1530 enim
1337 1468 1364 1529 di

319 1591 375 1653 pro
397 1569 550 1634 indimissa
572 1569 683 1630 ducens
706 1568 821 1630 adulter
843 1577 899 1630 est.
948 1567 1047 1629 Manet
1068 1569 1147 1630 enim
1169 1570 1364 1631 matrimoniis

319 1691 381 1735 non
410 1672 466 1733 rite
493 1670 671 1748 diremptum
699 1678 761 1742 est,
793 1677 930 1730 manente
958 1668 1147 1729 matrimonio
1175 1671 1288 1731 nubere
1317 1669 1364 1731 adr

320 1781 377 1836 est.
409 1772 452 1833 lta
474 1771 501 1832 si
522 1767 765 1833 condicionaliter
783 1769 937 1850 prohibuit
950 1768 1099 1831 dimittere
1114 1789 1253 1845 uxorem,
1275 1772 1362 1833 noni

319 1872 488 1955 prohibuit,
522 1879 552 1933 et
573 1869 652 1949 quod
675 1887 737 1930 non
758 1870 913 1949 prohibuit
940 1870 970 1932 in
994 1877 1106 1943 toturn,
1137 1870 1292 1949 ⁹permisit
1319 1872 1364 1934 all¹

319 1993 408 2036 causa
429 1979 529 2035 cessat
550 1970 589 2032 ob
612 1988 700 2050 quam
721 1970 883 2051 prohibuit
921 1971 1016 2032 Etiam
1038 1989 1100 2032 non
1122 1972 1302 2034 contrarium
1318 1973 1364 2034 blo

319 2082 380 2149 cet,
413 2072 498 2135 cuius
519 2079 709 2151 praeceptum
737 2070 845 2134 alicubi
871 2079 1042 2145 conservat,
1076 2072 1209 2133 nondum
1237 2073 1304 2135 dico
1327 2093 1363 2136 co

317 2175 375 2237 hut
401 2174 429 2234 si
456 2172 577 2234 omnino
606 2189 696 2251 negas
723 2170 854 2251 permitti
880 2172 1039 2234 divortium
1068 2172 1241 2247 admisto,
1282 2193 1364 2253 quon

318 2274 437 2355 nuptias
461 2272 592 2345 dirimis,
616 2290 671 2334 nec
692 2272 876 2350 coniungens
899 2291 1011 2335 marem
1027 2282 1057 2334 et
1070 2273 1226 2348 feminam,
1249 2293 1306 2337 nec
1327 2276 1364 2337 ali

318 2375 436 2438 iunctos
458 2374 495 2435 ad
517 2380 732 2436 sacramentum
755 2371 941 2451 baptismatis
972 2383 1001 2435 et
1029 2375 1224 2459 eucharistiae
1251 2376 1364 2438 admitte

318 2476 398 2538 iuter
418 2494 452 2537 se
474 2474 692 2536 coniuraverint
718 2473 861 2535 adversus
888 2473 1014 2535 lructum
1044 2477 1229 2555 nuptiarum,
1257 2476 1329 2538 οὺιιι
1351 2495 1364 2539 ι

317 2576 415 2655 ipsum
438 2571 627 2635 creatorem?
665 2573 752 2634 Certe
773 2573 844 2652 quid
867 2574 963 2634 ¹⁰lacit
983 2575 1060 2655 apud
1085 2585 1112 2637 te
1134 2576 1257 2637 maritus
1280 2578 1307 2638 si
1330 2597 1364 2638 ux

316 2673 501 2736 commiserit
521 2671 721 2734 adulterium?
750 2672 915 2734 Habebitne
937 2673 1040 2735 illam?
1069 2675 1213 2736 “Scilicet
1234 2694 1290 2738 nec
1312 2685 1363 2739 tuu

199 2764 303 2870 ,lffl'gsp
317 2776 429 2836 stolum
452 2774 551 2834 sinere
573 2773 711 2852 coniungi
733 2772 910 2852 prostitutae
931 2774 1064 2835 membra
1087 2775 1227 2837 Christil.
1277 2776 1364 2839 llabet

202 2900 205 2905 ·
317 2884 347 2939 et
369 2873 520 2938 Christum
541 2880 722 2936 assertorem
744 2874 856 2936 iustitie
878 2873 1006 2936 divortii.
1056 2876 1116 2936 lam
1145 2876 1215 2938 hinc
1240 2878 1364 2941 conlirm

316 2976 367 3039 illo
389 2976 524 3056 lloyses,
557 2993 593 3037 ex
614 2975 718 3036 eodem
741 2973 826 3037 titulo
848 2974 1012 3055 prohibens
1034 2977 1189 3056 repudium
1211 2997 1270 3057 quo
1293 2989 1323 3041 et
1345 2979 1364 3041 C

316 3076 343 3139 si
364 3077 516 3138 inventum
543 3076 633 3138 luerit
661 3076 692 3137 in
719 3075 844 3139 muliere
874 3076 1026 3156 negotium
1055 3077 1246 3157 impudicum.
1299 3079 1364 3141 Nau

163 3202 301 3254 secunus
315 3177 466 3258 evangelio
488 3176 643 3249 blatthaei,
681 3175 747 3249 Qut·
767 3177 929 3251 dimiserit,
962 3177 1074 3257 inquit,
1110 3198 1232 3241 uxorem
1262 3199 1345 3243 suam

316 3296 434 3342 causam
456 3277 608 3351 adulterii,
630 3276 700 3338 lacit
720 3295 784 3339 eom
808 3275 978 3339 adulterari.
1016 3277 1142 3358 ¹²deque
1164 3280 1280 3343 adulter
1300 3300 1364 3343 cens

314 3379 363 3443 ille
384 3379 434 3460 qui
456 3379 610 3440 dimissam
632 3395 650 3439 a
671 3377 735 3439 viro
758 3378 885 3441 duxerit.
919 3378 1055 3440 Ceterum
1078 3389 1213 3459 praeter·
1234 3400 1271 3444 ex
1292 3401 1364 3445 caus

314 3566 339 3616 ’1.
358 3572 381 3615 et
398 3564 442 3616 BG.
501 3564 525 3615 8.
549 3564 674 3614 dimissam
698 3580 743 3614 ons.
755 3564 802 3627 ed,
829 3579 880 3614 eum
897 3565 964 3616 Sixto
982 3565 1079 3615 Senensi
1096 3566 1155 3617 llibl.
1174 3568 1252 3618 Sonet.
1278 3568 1321 3619 lib.
1334 3568 1364 3620 Vl.

313 3632 339 3682 9.
358 3632 468 3695 permisit
485 3632 555 3691 elias,
575 3632 614 3681 ubi
632 3647 704 3681 eausa
723 3638 802 3680 cessat
820 3633 844 3681 d.
897 3633 1015 3697 permisit.
1048 3633 1117 3682 Aliud
1137 3642 1173 3683 est
1192 3635 1231 3684 ubi
1250 3650 1322 3684 cause
1341 3651 1364 3685 ee

314 3700 432 3763 permisit
458 3699 509 3748 llis
528 3699 614 3749 subiici
632 3712 704 3749 cause
723 3705 802 3748 cessat
822 3698 845 3748 0.
887 3701 996 3763 permisit
1013 3699 1060 3748 alia
1079 3701 1155 3750 subiri
1175 3717 1246 3751 cause
1265 3711 1364 3753 cessati

315 3767 387 3816 misit.
416 3767 485 3817 eliud
509 3767 587 3814 subici
612 3781 684 3816 causa
708 3773 787 3816 cessat
804 3767 864 3816 liter
880 3766 975 3817 Pitheci.
1027 3766 1073 3818 9b.
1094 3775 1118 3818 et
1136 3770 1160 3817 ll.
1216 3769 1254 3819 10.
1279 3771 1351 3821 lseiet

314 3833 420 3884 Ursinus.
473 3833 512 3883 ll.
530 3832 629 3883 Scilicet
647 3848 691 3883 nec
709 3842 775 3883 tunm
794 3833 933 3897 apostolum
951 3835 1032 3884 sinere
1049 3851 1100 3898 epo.
1135 3835 1183 3886 Sed
1202 3851 1249 3887 nec
1264 3844 1331 3887 tcum
1349 3851 1361 3886 ι

313 3902 394 3951 sinere
411 3901 460 3950 scis
483 3901 516 3961 d.,
535 3901 599 3950 Folo.
619 3901 724 3950 Ursinus.
755 3900 822 3950 'Scis
840 3915 887 3951 nec
903 3909 969 3951 tuum
988 3902 1128 3965 apostolum
1146 3903 1226 3953 sinere
1249 3905 1288 3955 rr.
1303 3906 1364 3956 lueis

313 3982 358 4019 nec
375 3976 443 4018 tunm
460 3967 600 4031 apostolum
617 3969 698 4018 sinere
714 3967 802 4019 libolo.
862 3967 901 4018 12.
919 3972 999 4033 deque
1023 3969 1118 4019 adulter
1136 3979 1248 4021 censetur
1270 3974 1323 4024 obe.
1362 4008 1364 4017 .

313 4036 408 4086 adulter
425 4043 538 4086 censetur
555 4035 579 4085 d.
613 4042 685 4100 atque
703 4035 798 4086 adulter
815 4043 928 4087 censetur
947 4036 969 4087 0.
1005 4045 1076 4101 etque
1094 4036 1189 4088 adulter
1205 4038 1232 4089 B.

313 4203 378 4269 qnod
388 4202 473 4253 Graeci
490 4193 756 4268 lpneptmmpeiodas.
786 4203 874 4252 Exere·
926 4204 959 4254 lte
983 4203 1059 4267 nante
1086 4219 1139 4270 esp.
1155 4206 1196 4256 53.
1215 4221 1239 4270 p.
1253 4206 1312 4258 554.
1345 4203 1364 4263 51

314 4272 352 4335 ple
371 4269 446 4318 hebes
464 4268 646 4333 enprecap.'12
664 4268 805 4335 emp-18.
824 4271 873 4330 (Fr.
925 4272 1044 4335 pendete
1063 4275 1169 4336 scilieet;
1197 4275 1227 4323 de
1252 4281 1364 4339 questro

313 4336 416 4394 lunius.)
925 4339 1085 4389 Reddimanni
1100 4340 1159 4392 lust.
1171 4342 1276 4393 Gramen.
1290 4341 1320 4403 ll,
1338 4356 1363 4408 p.

347 4404 369 4451 b.
388 4402 486 4451 Scilicet
503 4416 548 4451 nec
565 4409 631 4451 tuurn
644 4404 781 4466 apostolum
793 4404 875 4454 sinere
925 4405 1010 4455 Stallb.

313 4469 426 4530 coniungi
454 4469 600 4532 prostitutis
630 4472 737 4521 membre
764 4467 874 4538 Christi]
959 4488 980 4522 c.
1004 4471 1113 4538 prester]
1138 4475 1230 4526 Praeter
1258 4490 1305 4541 pro
1327 4490 1364 4543 pre

312 4536 347 4585 lte
365 4535 507 4596 corrigenda
523 4543 592 4585 erent
609 4535 668 4586 brec
685 4540 766 4600 serbe,
783 4546 810 4588 nt
827 4554 873 4603 pru
925 4541 1030 4605 positum
1050 4556 1098 4591 non
1122 4542 1198 4593 semel
1216 4544 1322 4595 occurrit
1343 4545 1364 4595 in

193 4602 198 4615 '
311 4604 358 4653 Sed
381 4603 556 4652 rescriberetur
580 4604 682 4653 Scilicet.
717 4606 743 4656 V.
761 4618 824 4671 ques
842 4605 873 4656 ds
924 4607 1074 4659 Tertullieni.
1111 4610 1152 4660 Sic
1168 4624 1243 4674 supra
1260 4610 1360 4677 capu

198 4719 205 4741 Ι
311 4671 454 4728 contusione
473 4671 558 4719 horum
575 4671 873 4736 particularemeduoteoi
923 4674 1038 4725 oneribus
1057 4679 1287 4740 consparsionum.‘,‘
1322 4678 1358 4730 lle

311 4737 341 4787 ed
360 4738 393 4788 lle
411 4738 507 4788 Corona
526 4752 579 4803 cap.
595 4737 619 4788 6.
654 4739 691 4789 ct
711 4741 744 4790 lle
762 4741 871 4791 Praescr.
923 4741 988 4792 laud.
1006 4742 1087 4806 capt
1110 4753 1221 4808 „praeter
1239 4746 1303 4811 qnod
1320 4746 1364 4801 el

311 4805 407 4857 lleeret
432 4820 484 4871 esp.
501 4804 544 4856 te
586 4805 610 4855 V.
628 4805 736 4858 llildebr.
754 4808 785 4858 sd
801 4808 870 4873 spel.
923 4810 952 4859 eb
968 4809 1108 4862 bominibus
1116 4813 1194 4877 glorie
1203 4813 1364 4879 sepiendum
