3242 5775
642 668 786 715 mrensos
807 664 948 714 rmum.
1090 724 1095 734 q
1306 652 1368 719 685

214 820 308 901 patris
337 819 394 881 mei
422 819 553 881 nomine.
605 818 814 882 tndosoidoet
841 820 1011 882 suffecerat·
1039 818 1090 881 filii
1112 817 1148 880 ed
1168 823 1282 899 patrem
1302 837 1370 882 vox.

214 922 291 983 Eece
312 921 364 982 lex
387 919 561 983 abundantia
583 920 744 1001 respondet
765 920 802 982 de
824 922 904 983 eaelo
926 929 1024 1001 pater,
1046 920 1106 983 lilio
1126 919 1369 994 ‘coronaturos

214 1021 273 1083 Hic
294 1030 339 1084 est
359 1021 435 1083 tilius
457 1040 540 1084 mens
562 1020 701 1097 dilectus,
723 1022 753 1083 ln
774 1040 832 1102 quo
854 1021 929 1084 bene
951 1022 1047 1097 sensi,
1075 1021 1172 1085 audite
1192 1020 1284 1084 illum.
1325 1001 1468 1105 ltadffifl:

214 1122 265 1183 'et
286 1126 319 1183 ire
339 1122 414 1196 isto,
444 1121 622 1194 Glorillcavi,
650 1131 680 1185 et
706 1122 872 1203 glorificabo
901 1141 1023 1197 rursus,
1055 1132 1127 1202 quot
1151 1140 1297 1203 personae
1317 1122 1370 1184 tibi
1384 1136 1507 1191 tornae

215 1222 368 1296 ridentur,
390 1213 615 1305 perversissime
637 1224 777 1297 'Praxea,
799 1224 856 1286 nisi
879 1232 948 1303 quot
971 1233 1001 1285 et
1019 1222 1133 1285 vocesl
1168 1223 1265 1285 Habes
1279 1223 1369 1286 illium

216 1324 248 1384 in
271 1324 374 1398 terris,
397 1325 487 1386 habes
508 1336 621 1405 patrem
642 1323 674 1387 in
695 1325 791 1387 caelis.
824 1325 889 1387 Non
911 1334 958 1388 est
979 1323 1126 1405 separatio
1146 1324 1217 1398 ista,
1239 1324 1290 1386 sed
1305 1325 1370 1387 dis·

216 1426 326 1504 positio
350 1426 456 1487 divina.
489 1426 624 1489 Ceterum
647 1426 755 1489 samus
777 1427 864 1488 deum
887 1428 973 1488 etiam
995 1426 1070 1488 intra
1092 1425 1215 1506 abyssos
1237 1443 1321 1498 esse,
1342 1434 1373 1489 st

219 1527 327 1607 ubique
350 1528 530 1600 consistere,
552 1527 604 1589 sed
626 1528 653 1590 ri
676 1538 705 1590 et
725 1536 881 1607 potestate.
924 1527 1028 1589 Filium
1050 1545 1183 1607 quoque,
1211 1533 1245 1590 ut
1264 1526 1371 1590 indivi-

219 1628 324 1700 duum,
354 1629 507 1708 cumipse
530 1628 647 1708 ubique.
690 1629 801 1691 Tamen
829 1629 860 1691 in
888 1630 950 1709 ipsa
971 1624 1159 1712 ὀἰκονομίᾳ
1179 1627 1373 1707 pater·roluit

217 1729 309 1790 filium
330 1729 360 1790 in
385 1730 472 1790 terris
495 1730 611 1805 baberi,
634 1748 759 1792 severo
782 1729 811 1791 in
835 1729 931 1792 caelis.
967 1730 988 1762 ¹⁰
997 1730 1061 1805 Quo
1084 1730 1197 1812 etipse
1218 1728 1296 1791 filius
1319 1747 1372 1791 su·

218 1832 348 1910 spiciens
370 1839 399 1892 et
421 1831 523 1893 orabat
544 1841 575 1893 et
595 1832 763 1911 postulabat
784 1851 800 1894 a
821 1843 919 1911 patre,
942 1850 999 1912 quo
1023 1840 1052 1893 et
1072 1848 1129 1893 nos
1151 1840 1265 1893 erectos
1280 1830 1371 1893 doce·

218 1931 268 1993 bat
295 1950 395 1993 orare:
427 1932 515 1994 Pater
540 1941 657 2006 noster,
690 1932 739 2012 qui
766 1951 800 1994 es
827 1932 858 1994 in
890 1932 1000 2007 caelisp
1027 1932 1119 1994 ¹'curu
1142 1932 1182 1994 sit
1203 1939 1232 1994 et
1253 1931 1370 2013 ubique.
1384 1945 1523 1998 ueneno.

218 2033 301 2093 Hanc
321 2033 421 2094 sedern
443 2051 526 2094 suant
547 2034 638 2095 voluit
659 2034 784 2114 ''paterz
806 2033 959 2096 minoravit
980 2033 1071 2095 tilium
1086 2032 1202 2095 modico
1223 2034 1294 2095 citra
1315 2052 1370 2096 an·
1383 2045 1504 2101 estnec

218 2134 302 2212 gelos
324 2134 360 2195 ad
382 2142 490 2195 terram
512 2133 726 2208 ¹'dimittendo,
755 2135 847 2214 gloria
874 2144 971 2197 tamen
993 2135 1157 2196 ethonore
1178 2144 1371 2198 coronaturus

217 2235 300 2295 illum
322 2235 352 2296 in
374 2235 470 2296 caelos
492 2236 680 2298 resumendo.
729 2236 807 2298 llaec
833 2237 890 2297 iam
912 2235 1078 2316 praestabat
1097 2236 1155 2310 illi,
1189 2235 1305 2310 dicens,
1336 2236 1374 2299 Et

218 2336 395 2415 glorificavi,
418 2346 446 2397 et
468 2337 647 2415 glorificabo.
689 2336 823 2398 Postulat
844 2337 920 2399 filius
942 2338 978 2398 de
999 2338 1104 2411 terris,
1126 2346 1210 2416 pater
1230 2337 1375 2418 promittit

220 2456 236 2497 a
260 2437 356 2498 caelis.
391 2436 467 2510 Quid
491 2439 660 2499 mendacem
682 2438 751 2500 iacis
773 2448 803 2500 et
824 2451 936 2518 patrem
959 2446 986 2500 et
1008 2436 1123 2499 lilium?
1154 2437 1185 2499 Si
1200 2437 1276 2500 '‘aut
1289 2419 1395 2518 ‘pater'

220 2538 259 2597 de
281 2536 366 2600 caelis
387 2538 562 2618 loquebatur
583 2540 618 2601 ad
641 2539 774 2614 ¹⁸filium,
797 2530 949 2620 cumipse
971 2547 1051 2602 esset
1070 2539 1147 2602 lilius
1169 2539 1245 2619 apud
1267 2549 1372 2615 terres,

220 2634 271 2699 aut
292 2637 367 2700 lilios
389 2639 424 2700 ad
447 2649 560 2720 patrem
581 2641 770 2722 precabatur,
793 2659 859 2702 cunr
880 2640 946 2720 ipse
967 2649 1048 2702 esset
1068 2640 1145 2703 filius
1168 2641 1244 2721 apud
1259 2640 1372 2704 caelose

220 2738 306 2819 quale
333 2748 380 2801 est
406 2751 438 2802 nt
464 2741 543 2802 filius
576 2731 645 2803 item
679 2741 868 2823 ¹‘postularet
894 2760 910 2803 a
939 2742 1118 2822 semetipso,
1154 2742 1330 2821 postulando
1356 2761 1373 2805 e

219 2850 318 2921 patre,
341 2841 393 2904 nei
415 2842 491 2904 lllius
514 2853 576 2905 erat
597 2830 703 2924 pater?
724 2852 775 2906 aut
794 2843 901 2906 iterum
922 2850 1006 2923 pater
1026 2842 1080 2906 sibi
1098 2844 1164 2925 ipse
1178 2842 1372 2924 promitteret,

218 2943 418 3023 promittendo
448 2945 522 3017 lilio,
559 2946 585 3006 si
606 2955 690 3025 pater
717 2943 802 3008 erati
845 2945 883 3008 Ut
903 2945 946 3008 sic
966 2946 1042 3008 duos
1056 2945 1176 3007 divisos
1198 2945 1373 3021 diceremus,

219 3045 367 3123 quomodo
390 3045 540 3116 iactitatis,
563 3047 741 3109 tolerabilius
758 3047 848 3109 ¹'erat
862 3047 936 3109 duos
952 3048 1063 3108 divisos
1080 3065 1165 3126 quam
1180 3065 1271 3115 unum
1286 3047 1373 3109 deum

219 3147 404 3226 versipellem
419 3147 595 3226 praedicare.
631 3149 731 3227 ltaque
752 3148 788 3210 ad
804 3148 877 3210 istos
895 3147 998 3209 ¹⁰nunc
1013 3148 1150 3210 dominus
1164 3148 1373 3227 pronuntiarit,

219 3247 286 3308 Non
307 3258 429 3327 propter
450 3267 497 3310 me
518 3248 600 3310 ”istu
622 3269 677 3309 vox
699 3250 794 3323 venit,
827 3249 879 3310 sed
907 3257 1029 3328 propter
1049 3268 1118 3321 rus,
1152 3257 1184 3310 ut
1204 3249 1323 3311 credunt
1343 3258 1509 3320 ettoniae.

220 3349 267 3421 hi,
291 3356 320 3409 et
340 3356 451 3427 patrem
476 3351 614 3410 etlilium
638 3350 667 3409 iu
690 3349 753 3409 suis
782 3369 926 3428 quemque
948 3348 1116 3410 nominibus
1139 3359 1168 3409 et
1188 3349 1323 3427 personis
1346 3356 1375 3408 et

218 3451 303 3511 locis.
347 3450 405 3511 Sed
427 3451 520 3511 adhuc
541 3450 679 3511 exclamat
701 3451 784 3511 lesus
806 3458 834 3512 et
856 3450 939 3522 dicit,
971 3447 1028 3521 Qut
1055 3449 1147 3510 credit
1168 3449 1199 3508 in
1220 3466 1283 3523 me,
1311 3466 1371 3509 non
1387 3467 1508 3520 texunt.

220 3553 254 3611 in
278 3570 324 3611 me
345 3553 452 3625 credit,
481 3551 532 3612 sed
555 3551 585 3612 in
608 3571 674 3612 eum
697 3551 787 3612 credit
808 3551 857 3630 qui
880 3570 927 3611 me
949 3549 1043 3622 misit,
1071 3549 1137 3627 quia
1159 3566 1212 3628 per
1232 3547 1374 3611 filium‘in
1466 3600 1471 3617 .

221 3663 333 3738 patrem
355 3654 497 3726 creditur,
520 3662 549 3714 et
569 3654 727 3715 auctoritas
749 3652 886 3714 credendi
902 3651 961 3711 lilio
976 3659 1059 3729 pater
1074 3658 1129 3711 est.
1158 3650 1195 3710 Ei
1209 3650 1256 3728 qui
1270 3649 1291 3681 ²¹
1299 3668 1372 3712 oon·
1386 3669 1508 3722 ternae.

222 3754 310 3832 spicit
331 3773 392 3827 me,
415 3755 559 3834 conspicit
580 3773 646 3815 enm
669 3753 717 3832 qui
739 3773 787 3814 me
808 3752 897 3814 misit
942 3750 1125 3825 Quomodo?
1156 3751 1292 3832 quoniam
1314 3749 1373 3813 sci-

220 3857 325 3916 liceto
348 3857 522 3934 memetipso
544 3873 603 3916 non
627 3873 691 3915 sum
714 3856 846 3927 locutus,
869 3854 937 3926 sed,
959 3853 1008 3933 qui
1030 3873 1076 3914 ine
1096 3854 1176 3915 misit
1189 3861 1286 3933 pater,
1309 3853 1508 3933 ipseto.xn,io.

221 3957 291 4017 mihi
315 3957 482 4017 mandatnm
504 3956 598 4029 dedit,
621 3956 690 4035 quid
713 3956 822 4028 dicam,
846 3964 876 4016 et
897 3956 965 4035 quid
987 3956 1099 4035 loquar.
1132 3955 1274 4017 Dominus
1297 3953 1374 4017 euim

222 4058 271 4118 dat
297 4058 369 4119 mihi
395 4059 522 4137 lingnam
550 4058 719 4138 disciplinae
747 4057 783 4119 ad
811 4057 1063 4137 cognoscendum,
1096 4059 1210 4136 quando
1239 4060 1485 4137 oporteatiient.

222 4212 246 4258 5.
264 4226 290 4259 ei
309 4211 437 4260 abundanti
455 4210 577 4274 respondit
590 4213 702 4261 latinius.
743 4210 767 4260 6.
786 4219 962 4261 contestotnrns
981 4226 1029 4272 eoo.
1064 4218 1210 4259 contestetur
1228 4211 1281 4260 libri
1290 4227 1373 4263 onnes.

223 4279 246 4324 'i.
266 4286 288 4326 et
306 4281 328 4327 in
348 4280 392 4327 isto
411 4281 446 4329 ed.
482 4288 504 4327 ot
523 4280 567 4327 isto
586 4282 677 4343 reliqui,
697 4286 717 4328 ot
737 4281 798 4329 leid.
840 4278 863 4327 8.
883 4278 985 4327 Praxean
1003 4280 1028 4328 l.
1046 4278 1108 4326 leid.
1150 4277 1174 4328 9.
1193 4281 1331 4327 oeconomia
1350 4281 1373 4330 d.

224 4347 481 4396 oilonomial.beid.
526 4346 791 4406 reuocaretur.
834 4346 872 4395 ll.
891 4355 984 4395 etcum
1003 4347 1025 4394 d.
1074 4344 1406 4412 lbpaternribiturmis¹

222 4407 315 4467 ttnfmre
331 4415 367 4473 Al
386 4415 509 4463 minoravit
526 4420 551 4464 Α,
570 4417 632 4464 leid.
686 4414 724 4463 te.
742 4414 887 4463 demittendo
907 4416 938 4474 d,
959 4414 1023 4463 Folo.
1036 4413 1137 4462 Ursinus.
1180 4412 1217 4462 ll.
1236 4422 1313 4463 autem
1331 4413 1373 4463 tu.

223 4484 286 4530 leid.
330 4482 367 4531 to.
387 4483 459 4530 filiurn
479 4483 498 4530 si
517 4490 594 4530 autem
613 4492 679 4544 pater
698 4497 750 4531 curn
769 4484 863 4544 ipset.
882 4483 944 4531 Laid.
984 4479 1023 4597 ql.
1042 4481 1176 4545 postularet
1190 4483 1221 4541 d,
1233 4498 1283 4532 eum
1294 4482 1373 4531 Fuldo

224 4551 313 4598 Ursino.
348 4550 453 4613 postulet
469 4550 553 4599 Allobo.
572 4552 635 4599 leid.
684 4550 722 4599 ll.
740 4551 760 4598 si
778 4550 874 4600 om.ttt.
893 4551 955 4598 leid.
1013 4547 1036 4597 8.
1055 4547 1139 4598 eritt.
1158 4551 1219 4599 leid.
1262 4547 1300 4599 19.
1318 4556 1374 4598 tuno

223 4620 254 4676 d,
275 4635 325 4666 crim
342 4619 421 4667 Fuluio
441 4618 530 4666 Ursino.
583 4617 622 4666 20.
641 4632 682 4666 ror
700 4620 745 4667 ista
763 4620 786 4667 t.
806 4618 868 4667 beid.
914 4615 954 4667 21.
973 4616 1088 4679 conspicit
1106 4630 1142 4667 me
1161 4619 1225 4667 obed.
1260 4631 1298 4665 ms
1316 4630 1373 4665 oon·

221 4686 610 4748 mmmmmwbm

258 4820 315 4883 Cap,
331 4820 410 4869 lllllll.
436 4837 455 4868 a.
474 4814 611 4882 suffecerat]
631 4819 775 4883 Ereoqnod
826 4834 871 4869 una
889 4834 931 4869 ror
950 4819 1013 4868 illins
1031 4820 1088 4868 satis
1115 4820 1190 4870 luerat
1212 4817 1272 4883 patri
1290 4823 1316 4866 ut
1333 4830 1373 4867 ae·

221 4889 287 4937 lilios
306 4898 356 4939 erat
374 4889 526 4953 veniebatque
545 4889 568 4937 in
586 4888 775 4952 nominepetris,
826 4888 965 4953 quiesceret.
984 4886 1140 4951 (ieiunius.)
