3242 5775
313 599 375 664 28⁴
562 615 663 665 nutriit
686 613 815 656 serrium
839 613 1004 655 rtonnnrts
1026 612 1224 656 rssurutttsn't

174 764 417 837 imoiv,rt.¹⁰0di,
440 764 528 827 reieci
551 763 729 825 cerimonias
752 770 886 835 vestras,
920 771 950 822 et
977 780 1036 822 non
1061 762 1078 793 ¹¹
1088 760 1239 823 odorabor
1261 762 1291 822 in
1314 763 1327 822 l

165 882 288 932 uenum.
312 867 437 938 vestris3
476 866 546 927 item
575 883 629 944 per
659 863 755 936 Osee,
788 866 925 924 Avertam
955 863 1111 924 universas
1141 861 1327 924 iocunditates

312 967 517 1030 ¹'cerimonias
541 966 605 1027 eius
629 973 659 1026 et
681 964 800 1044 sabbata
825 971 854 1024 et
869 962 1042 1023 neomenias
1058 963 1122 1024 eius
1140 971 1170 1025 et
1186 982 1292 1025 omnes
1308 965 1327 1024 li

312 1067 386 1131 eius.
432 1070 516 1142 Quae
537 1067 603 1145 ipse
625 1065 836 1135 constituerat,
871 1064 985 1141 inquis,
1013 1062 1129 1125 erasit?
1173 1064 1265 1144 llagis
1288 1084 1327 1144 qu

312 1168 388 1231 ''aut
410 1169 436 1230 si
459 1168 551 1240 elius,
575 1185 645 1246 ergo
669 1166 717 1227 ille
738 1164 849 1225 adiurit
871 1163 1046 1223 sententiam
1069 1166 1229 1237 creatoris,
1253 1167 1327 1227 auser

311 1277 341 1331 et
362 1269 410 1330 ille
432 1269 630 1329 damnaverat.
681 1265 739 1325 Sed
768 1282 829 1324 non
860 1262 947 1324 liuius
978 1264 1034 1324 loci
1063 1266 1199 1344 quaestio
1230 1286 1283 1327 cur
1312 1266 1327 1326 li

311 1376 426 1431 creator
448 1366 610 1445 infregerit.
656 1365 772 1425 Sufficit
793 1364 871 1444 quod
900 1364 1091 1427 infracturum
1120 1366 1328 1445 probavimus,

310 1470 444 1530 firmetur
465 1466 538 1528 nihil
562 1465 729 1545 apostolum
753 1466 895 1527 adversus
919 1475 1081 1528 creatorem
1104 1467 1321 1530 determinasse

310 1569 374 1649 ipsa
398 1567 557 1628 ¹‘amolitio
579 1567 653 1644 legis
677 1585 693 1626 a
716 1575 850 1627 creatore
874 1566 921 1628 sit.
968 1567 1026 1628 Sed
1050 1569 1109 1628 ¹⁵ut
1131 1568 1247 1629 iuribus
1277 1569 1324 1630 sol

309 1669 443 1731 excidere
466 1668 503 1728 de
525 1668 633 1746 praeda
656 1666 685 1726 in
708 1667 866 1739 indicium,
889 1667 927 1728 ita
944 1669 1032 1729 credo
1049 1678 1078 1730 et
1093 1669 1271 1731 Marcionem
1291 1689 1327 1731 ne

308 1769 441 1831 tlbrahne
456 1767 636 1829 mentionem
656 1766 864 1845 dereliquisse,
890 1767 997 1829 nullam
1020 1769 1115 1850 magis
1138 1771 1327 1832 auferendam

171 1875 285 1972 ‘fllgtgl
308 1881 391 1952 parte
414 1868 615 1931 ¹⁰convertit¹.
662 1867 693 1929 Si
717 1868 795 1929 enim
818 1870 962 1931 Abraham
992 1870 1068 1931 duos
1097 1870 1208 1931 liberos
1238 1872 1326 1934 habui

250 1959 256 1971 ⁸
289 1958 344 2033 'ex
366 1970 486 2044 ancilla,
511 1977 540 2030 et
562 1968 697 2030 ¹⁰¹·attum
721 1987 755 2030 cx
780 1970 888 2043 libera,
911 1971 963 2031 sed
986 1971 1036 2050 qui
1059 1991 1094 2032 ex
1111 1971 1230 2038 ancilla,
1255 1992 1325 2034 earn

309 2079 357 2134 tus
380 2080 444 2145 est,
474 2070 522 2150 qui
545 2089 615 2132 rere
639 2090 674 2131 ex
695 2070 803 2143 libera,
836 2090 889 2151 per
917 2065 1183 2150 repromissionem
1206 2076 1327 2152 (quaes

309 2172 425 2252 gerim,
448 2170 478 2233 id
500 2178 548 2232 est
569 2171 645 2233 aliud
668 2172 888 2249 portendentia:
917 2173 989 2234 haec
1017 2182 1086 2234 sunt
1108 2173 1186 2235 enim
1210 2174 1268 2234 duo
1294 2184 1327 2236 tei

308 2273 370 2335 sive
386 2274 461 2335 duae
476 2272 675 2343 ostensiones,
699 2272 776 2333 sicut
796 2272 961 2335 invenimus
981 2274 1215 2354 interpretatum,
1239 2294 1327 2337 unum

310 2373 408 2436 ¹'Sina
431 2374 461 2435 in
485 2391 661 2453 synagogam
683 2372 860 2435 ludaeorum
883 2375 1043 2437 secundum
1073 2375 1165 2453 legem
1189 2394 1327 2454 generant

308 2476 444 2549 vitutem,
469 2475 572 2537 ¹'aliud
596 2493 687 2554 super
708 2493 826 2536 omnem
848 2475 1042 2554 principatum
1058 2495 1219 2555 generans,
1242 2478 1317 2550 vim,

308 2578 436 2648 tionem,
459 2584 490 2637 et
510 2594 600 2636 omne
622 2594 732 2636 nomen
755 2576 835 2653 quod
859 2576 1041 2650 nominatur,
1065 2596 1125 2638 non
1147 2586 1259 2639 tantum
1275 2578 1327 2638 inl

308 2677 362 2738 sed
385 2685 414 2738 et
436 2676 465 2737 in
488 2679 603 2750 tuturo,
633 2695 708 2755 quae
731 2685 777 2737 est
798 2686 892 2738 mater
914 2685 1031 2750 nostra,
1060 2677 1089 2739 in
1114 2678 1226 2757 ¹⁰quam
1250 2697 1327 2757 repre

307 2786 438 2840 sanctam
462 2776 633 2849 eeclesiam3
655 2777 782 2855 ideoque
804 2778 910 2848 adicit,
932 2779 1059 2857 Propter
1081 2780 1175 2858 quod,
1200 2781 1322 2851 tratres,

307 2897 372 2941 mus
394 2877 516 2940 ancillae
538 2878 604 2951 titii,
629 2878 682 2940 sed
705 2878 843 2953 liberae),
866 2879 968 2959 utique
990 2879 1186 2942 manifestarit
1207 2890 1238 2941 et
1259 2879 1327 2942 Chri

305 2979 533 3061 generositatem
557 2981 585 3043 in
609 2981 668 3041 lilio
690 2980 824 3041 Abrahae
847 2999 881 3041 ex
903 2980 995 3042 libera
1018 2990 1086 3043 nato
1108 2982 1264 3061 allegoriae
1291 2982 1327 3042 ha

305 3090 505 3155 crumentum,
540 3081 617 3144 sieut
643 3090 673 3143 et
696 3080 834 3143 ludaismi
862 3082 1034 3144 seruitutem
1062 3082 1183 3162 legalem
1207 3083 1237 3142 in
1260 3082 1319 3144 silio

303 3193 390 3266 atquo
412 3184 451 3245 ita
474 3184 538 3245 eius
561 3183 608 3245 dei
632 3201 700 3244 esse
723 3190 877 3258 utramque
899 3182 1125 3258 dispositionem
1149 3184 1225 3261 apud
1248 3201 1327 3261 quen

188 3296 290 3347 eat-m-
305 3304 372 3349 tutta
394 3285 548 3362 utriusque
570 3280 776 3360 dispositionis
798 3280 1063 3342 ”delineationem
1102 3280 1203 3359 lpsum
1227 3282 1307 3359 quod

300 3387 435 3450 libertate
451 3384 587 3445 Christus
609 3381 693 3443 ’'nos
716 3380 898 3453 manumisit,
922 3398 1110 3443 nonnosum
1133 3381 1287 3441 constituit
1306 3400 1327 3442 n

301 3506 403 3551 sorem
426 3486 476 3565 quii
499 3484 554 3548 luit
575 3480 737 3544 dominus?
779 3481 900 3543 Alienos
922 3481 1000 3543 enim
1022 3499 1125 3542 servos
1147 3480 1231 3542 ”nec
1253 3479 1327 3543 Gatti

300 3587 410 3659 ruistri,
434 3587 548 3647 tiiittus
571 3585 682 3647 liberos
705 3583 868 3645 soluturus.
898 3581 940 3642 ΑΙ)
963 3600 999 3642 eo
1022 3581 1110 3659 igitur
1130 3583 1327 3661 praestabitur

303 3736 341 3785 to.
360 3736 405 3785 uui
424 3744 447 3783 et
467 3736 523 3783 reici
543 3736 568 3784 d.
631 3738 669 3786 tt.
692 3735 814 3786 odorabor
831 3736 868 3785 cd.
911 3735 1031 3784 odorabor
1053 3734 1146 3799 relipad.
1207 3733 1246 3783 12.
1271 3735 1327 3784 cerii

303 3804 462 3851 l'etieenorrus
480 3802 546 3849 alter.
583 3805 715 3853 cerimonia
733 3804 827 3868 reliqui.
880 3800 919 3851 13.
938 3808 979 3850 aut
997 3801 1055 3851 BCd.
1091 3808 1115 3851 rt
1132 3803 1181 3851 elle.
1230 3802 1268 3851 ll.
1286 3803 1327 3851 alio

299 3882 409 3917 conones
426 3868 491 3914 ulter.
548 3867 584 3916 15.
604 3879 629 3919 ut
648 3872 720 3921 llt'ed.
742 3872 862 3920 Vaticanus
879 3876 981 3934 riteque.
1022 3877 1045 3917 ct
1064 3871 1101 3919 eli.
1160 3868 1199 3917 16.
1219 3871 1325 3919 converri

301 3932 362 3981 tuti.
381 3946 455 3980 unum
477 3933 598 3984 l'otieoniir
617 3938 683 3987 alter.
743 3938 782 3987 li'.
802 3938 857 3987 Sine
876 3938 899 3986 d.
940 3938 1001 3998 Syna
1021 3935 1087 3986 Colc-
1127 3936 1197 3999 sinit
1218 3936 1242 3986 B.
1302 3936 1327 3987 tt

298 3998 371 4048 olium
391 3998 476 4048 Νοῦς.
496 3999 606 4051 l'atieeni.
643 4005 744 4055 alterum
764 4006 875 4055 latinius.
930 4004 969 4053 te.
987 4016 1057 4066 qnam
1077 4004 1109 4064 d,
1129 4002 1327 4065 teterrimos„

297 4078 368 4129 quem
388 4063 474 4114 etate
527 4066 566 4116 20.
586 4070 771 4122 declinationem
792 4073 835 4122 BG.
887 4071 927 4122 ll.
946 4085 987 4120 ros
1007 4071 1060 4120 Cot.
1112 4068 1152 4119 22
1172 4084 1216 4120 nee
1235 4072 1309 4121 Getta

297 4131 438 4245 ammius.
486 4147 516 4180 ue
535 4136 609 4184 Galba
629 4142 768 4190 manumisit
785 4140 870 4190 liceto.
915 4152 945 4188 ne
969 4138 1043 4189 Gallia
1068 4137 1163 4201 quidem
1189 4140 1327 4189 manumisit

329 4343 352 4389 g.
371 4328 507 4405 convertit]
525 4334 575 4383 lloc
594 4345 631 4385 est
649 4342 752 4389 mutarit.
907 4353 965 4393 retr
988 4330 1218 4403 uffttfflitw‘f‘
1254 4340 1327 4403 Nemi

329 4394 354 4441 lt.
378 4395 475 4472 Alienos
501 4402 564 4450 enirn
596 4417 679 4454 serios
711 4422 755 4456 nec
780 4406 855 4458 uitii
907 4406 1095 4472 publiceGallio
1117 4420 1165 4455 non
1185 4420 1327 4470 essuperet

296 4460 447 4536 manumisit]
482 4465 604 4543 Originem
638 4471 708 4521 liuius
734 4475 856 4524 sermonis
906 4483 991 4524 stotern
1010 4473 1133 4525 inuadendi
1153 4475 1176 4523 in
1195 4475 1233 4524 ins
1251 4475 1327 4525 allent

294 4528 328 4603 (si
355 4525 415 4604 bene
443 4536 551 4592 memini)
573 4536 608 4584 iix
632 4539 759 4602 qnisquam
784 4542 856 4592 tradit
907 4558 948 4593 ros
967 4540 1264 4601 tactttusiotuiiimriir,
1282 4542 1322 4607 qui

293 4591 426 4643 evidentius
443 4596 536 4674 Zonara
555 4602 680 4679 Annalium
699 4614 765 4656 tomo
783 4609 810 4657 ll.
831 4611 853 4658 in
906 4624 959 4660 runi
979 4610 1133 4660 criminumrc
1158 4624 1257 4659 snorum
1276 4624 1327 4674 poci

294 4658 379 4735 Gallia,
397 4676 470 4775 lum
490 4668 567 4728 inquit
586 4682 654 4722 „aar
672 4665 701 4719 οἱ
716 4670 809 4723 δοῦλοι
828 4668 857 4724 οἱ
906 4678 1008 4727 tuerent.
1038 4676 1206 4737 SciritGallia‚
1224 4678 1327 4741 inquit:

294 4716 349 4802 [ἐπε
373 4726 400 4772 N
412 4729 520 4811 perosi
538 4729 608 4814 agerii
631 4735 688 4784 τῶν
703 4736 854 4817 ,δεσποτῶν
904 4746 957 4795 iore
975 4758 1048 4808 posse
1071 4745 1205 4805 remittere·
1231 4745 1256 4794 in
1273 4745 1327 4795 elici

292 4788 442 4859 πραξανιές
459 4811 486 4847 τι
504 4815 519 4859 η
538 4797 659 4856 senemr
679 4808 772 4861 cereis
789 4804 853 4859 ἐκεῖ·
905 4813 956 4862 tare
974 4826 1120 4877 conpesce,
1139 4821 1163 4862 et
1181 4812 1228 4863 linc
1245 4811 1327 4864 ament
