3242 5775
319 614 382 682 632
573 621 676 675 oumrr
698 619 830 664 surrruu
851 617 1018 662 ruoannrrs
1040 617 1243 661 rsarucrnanr

319 778 414 844 tausis
437 772 580 854 quinione
600 771 784 840 voluminum
814 765 1006 832 satiatissime
1035 766 1197 832 exhibebit.
1245 745 1312 832 'Seu
1335 777 1369 832 et
1387 767 1482 834 susat

291 867 293 872 ’
319 877 407 946 deum
440 874 553 935 malunt
582 870 879 950 providentissimum
911 870 1057 931 humanae
1085 868 1266 932 institutioni
1296 872 1377 936 iuter
1403 882 1483 934 osten

317 975 465 1060 praesidia
499 973 706 1034 divinatricum
739 970 847 1054 artium
882 978 913 1031 et
944 969 1167 1049 disciplinarum
1198 970 1349 1036 ⁴⁸somnia
1380 990 1481 1053 quoquo

318 1077 434 1142 ⁴'nobis
456 1074 618 1147 indidisse,
641 1071 789 1152 peculiare
810 1070 949 1132 solatium
971 1070 1114 1132 naturalis
1136 1071 1260 1134 oraculi.
1299 1072 1382 1136 llaec
1398 1091 1480 1153 quau·

319 1189 382 1242 turn
404 1176 441 1239 ad
463 1175 551 1236 fidem
574 1173 760 1236 somniorum
782 1170 902 1233 anobis
926 1189 1045 1250 quoque
1066 1171 1318 1251 consignandam,
1340 1182 1372 1235 et
1386 1174 1479 1236 ”aliter

319 1275 611 1356 ⁸²interpretaudam.
645 1272 718 1336 llam
741 1273 778 1334 de
800 1272 928 1334 oraculis
951 1272 1040 1334 etiam
1063 1273 1187 1347 ceteris,
1210 1276 1289 1354 apud
1312 1294 1390 1355 quae
1408 1292 1477 1338 nono
1513 1333 1516 1338 .

320 1379 476 1448 dormitat,
498 1375 569 1455 quid
591 1374 669 1435 aliud
691 1372 949 1453 pronuntiabimus
966 1391 1054 1453 quam
1068 1372 1301 1437 ⁸²daam0ntaam
1319 1395 1388 1439 esse
1402 1375 1476 1438 ratio·

319 1498 388 1542 nem
410 1494 514 1539 eorum
537 1475 694 1553 spirituum
718 1475 767 1553 qui
789 1473 847 1536 iam
870 1482 942 1535 tunc
962 1474 993 1538 iu
1009 1473 1083 1553 ipsis
1103 1475 1276 1538 hominibus
1292 1476 1474 1549 habitaverint,

320 1578 393 1641 ”vel
415 1576 576 1642 memorias
599 1580 720 1637 eorum⁹
742 1575 944 1636 adnotaverint
969 1575 1005 1635 ad
1020 1594 1155 1661 ‘omnem
1182 1577 1311 1639 malitiae
1333 1597 1405 1641 suae
1424 1595 1473 1640 soa·

320 1698 404 1753 nam,
426 1678 457 1740 in
479 1678 537 1738 ista
558 1694 651 1755 aequo
673 1675 773 1755 specie
794 1673 976 1737 divinitatem
1000 1676 1194 1751 mentientes,
1220 1678 1391 1759 eademque,
1404 1679 1473 1742 indu·

320 1783 393 1842 stria
415 1779 503 1840 etiam
525 1795 581 1857 per
608 1776 749 1838 beneficia
777 1776 912 1838 fallentes
940 1777 1152 1839 medicinarum
1181 1787 1211 1840 et
1232 1779 1471 1844 “admonitioni

319 1892 350 1943 et
371 1878 678 1961 praenuntiationum,
700 1877 789 1955 “quo
810 1878 904 1956 magis
918 1877 1034 1940 laedant
1049 1879 1193 1954 iuvando,
1216 1880 1287 1941 dum
1302 1900 1357 1961 per
1371 1902 1403 1946 ea
1417 1898 1471 1961 quat

319 1983 420 2044 iuvant
441 1980 478 2042 ab
500 1977 693 2058 inquisitione
720 1996 807 2041 verae
836 1979 997 2042 divinitatis
1025 1980 1176 2042 abducunt
1202 2001 1238 2042 ex
1266 1982 1470 2045 ”insinuatione

319 2079 436 2145 talsaet
468 2080 506 2141 Et
526 2080 628 2158 utique
649 2097 710 2141 nou
733 2078 833 2141 clausa
855 2080 899 2141 vis
922 2089 984 2154 est,
1006 2099 1062 2142 nec
1084 2082 1282 2145 sacrariorum
1305 2082 1469 2147 circumacti·

319 2182 401 2245 bitur
424 2180 575 2254 terminis3
597 2198 669 2259 vaga
691 2189 722 2242 et
742 2180 921 2258 pervolatica
943 2191 972 2243 et
993 2182 1112 2244 iuterim
1127 2182 1219 2245 libera
1236 2193 1292 2245 est
1323 2185 1469 2258 Quonam

320 2282 499 2346 dubitaverit
519 2282 627 2343 domus
649 2300 766 2360 quoque
788 2281 952 2344 daemoniis
975 2291 1091 2361 patere,
1121 2302 1177 2345 nec
1198 2293 1313 2350 tantum
1335 2286 1366 2347 iu
1385 2284 1470 2366 adytis,
1505 2299 1511 2320 ·

320 2385 373 2447 sed
396 2385 427 2447 in
450 2383 592 2446 cubiculis
615 2382 751 2446 homines
774 2381 951 2462 imaginibus
973 2383 1196 2446 circumvenire.

168 2501 311 2573 cmm,
406 2486 568 2548 llelinimus
590 2484 670 2545 enirn
691 2503 708 2545 a
731 2483 897 2546 daemoniis
918 2484 1077 2563 plurimum
1092 2485 1183 2548 incuti
1201 2488 1345 2563 somnia·,
1367 2488 1421 2551 etsi
1438 2487 1473 2551 ia·

320 2587 437 2649 tardum
459 2604 527 2647 vera
549 2593 579 2646 et
600 2585 740 2664 gratiosa,
764 2584 845 2659 ¹sed,
869 2584 905 2646 de
928 2603 985 2664 qua
1006 2585 1151 2648 industria
1167 2586 1306 2662 diximus,
1329 2585 1476 2652 abeund
1520 2643 1522 2670 ξ

320 2696 408 2765 atquo
429 2685 591 2765 captantia,
621 2693 730 2765 quanto
753 2686 847 2764 magis
869 2703 942 2749 vana
971 2694 1002 2747 et
1027 2687 1214 2749 frustratoria
1236 2697 1267 2750 ot
1290 2690 1406 2756 turbida
1426 2690 1477 2750 *lat

318 2787 483 2850 ludibriosa
505 2793 536 2847 et
556 2785 717 2847 immunda.
770 2785 831 2846 Nec
853 2787 961 2847 mirum
984 2788 1009 2848 si
1032 2807 1135 2849 eorum
1158 2798 1228 2851 suut
1248 2790 1394 2869 imagines
1415 2807 1478 2871 quo·

193 2907 387 2968 qamiirum
414 2897 444 2949 et
471 2905 533 2948 res.
582 2887 683 2948 Adeo
711 2873 824 2958 autem,
859 2887 990 2966 pollicito
1020 2883 1133 2952 scilicet
1161 2901 1191 2950 et
1218 2891 1343 2970 gratiam
1371 2894 1481 2974 spiritat

319 2987 413 3050 sancti
435 2987 465 3048 in
488 3005 764 3070 omnem-caruem,
788 2995 818 3048 et
839 2987 917 3049 sicut
936 2991 1182 3070 prophetaturos,
1206 2991 1244 3053 ita
1269 3002 1299 3054 et
1325 2995 1483 3057 somniatu-

317 3107 372 3150 ros
394 3106 498 3149 servos
521 3107 594 3150 suos
617 3097 647 3149 et
668 3088 787 3149 ancillas
810 3107 897 3163 suas,
921 3108 955 3151 ea
977 3091 1197 3170 deputabuntur
1212 3110 1288 3170 quae
1308 3093 1368 3174 ipsi
1383 3098 1488 3176 gratim

319 3190 584 3271 comparabuntur,
617 3189 643 3252 si
672 3207 729 3269 qua
756 3189 899 3263 honesta,
937 3200 1054 3264 sancta,
1089 3192 1282 3273 prophetica,
1307 3196 1490 3277 revelatoria,

241 3303 253 3377 ς
318 3292 532 3366 aedificatoria,
564 3290 750 3364 'vocatoria‚
782 3309 910 3370 quorum
937 3291 1097 3355 liberalitas
1125 3294 1222 3355 soleat
1243 3303 1274 3356 et
1294 3295 1324 3357 in
1344 3299 1492 3375 profanos

165 3405 307 3458 saonae.
318 3393 482 3467 destillare,
513 3393 624 3454 imbres
653 3391 740 3453 etiam
769 3401 799 3453 et
825 3392 905 3454 soles
933 3411 1006 3455 suos
1034 3403 1233 3473 peraequante
1260 3396 1315 3457 deo
1342 3395 1431 3458 iustis
1460 3408 1493 3461 et

209 3490 305 3596 ulffiq·
318 3495 455 3568 iniustis,
483 3495 630 3574 siquidem
652 3503 683 3554 et
704 3492 982 3555 Nabuchodonosor
1003 3493 1145 3556 divinitus
1168 3498 1313 3571 somniat,
1343 3505 1373 3559 et
1393 3500 1493 3561 maior

229 3573 235 3592 ⁸
316 3615 412 3676 paene
434 3596 478 3657 nis
499 3595 654 3658 bominum
676 3613 711 3655 er
726 3592 891 3656 visionibus
906 3594 993 3654 deum
1009 3594 1136 3656 discunt.
1174 3596 1258 3658 Sicut
1272 3615 1344 3679 ergo
1360 3598 1493 3679 dignatio

318 3696 366 3757 dei
388 3696 435 3757 ³et
458 3696 487 3757 in
511 3697 661 3765 ethnicos,
694 3695 734 3755 ita
763 3702 793 3756 et
820 3694 973 3773 temptatio
1000 3695 1068 3757 mali
1096 3695 1144 3757 ⁴in
1173 3706 1309 3774 sanctos,
1343 3701 1494 3780 aquibus

318 3815 374 3857 uec
395 3795 524 3856 interdiu
546 3795 680 3867 absistit,
714 3803 746 3855 ut
767 3794 812 3855 vel
835 3793 1050 3858 dormientibus
1081 3797 1205 3877 obrepat
1232 3818 1289 3878 qua
1315 3808 1439 3879 potest,
1466 3802 1496 3865 si

315 3895 502 3973 vigilantibus
525 3912 585 3953 non
607 3901 716 3972 potest.
765 3895 864 3956 Tertia
887 3895 1003 3974 species
1026 3904 1114 3959 erunt
1135 3899 1252 3960 somnis
1273 3918 1349 3978 quac
1372 3902 1496 3965 sibimet

317 3992 382 4074 ipsa
405 3993 500 4055 anima
523 3992 638 4055 videtur
659 3994 799 4059 iuducere
822 4015 858 4057 ex
879 3994 1045 4059 intentione
1060 3996 1357 4063 circumstantiarum.
1395 4002 1494 4068 Porro

316 4179 358 4229 48.
377 4180 456 4228 omnia
475 4181 530 4229 edit·
549 4181 667 4245 leopoldi,
691 4181 781 4231 uitiosa.
843 4181 884 4231 ta.
910 4184 986 4244 magis
1009 4185 1072 4246 qu.
1114 4186 1190 4247 magis
1214 4201 1259 4250 pro
1278 4187 1349 4236 uobis
1366 4187 1422 4248 (rie)
1439 4192 1493 4256 Λφ.

317 4248 358 4296 50.
376 4247 457 4297 taliter
474 4250 496 4298 b.
549 4248 590 4297 bl.
609 4249 877 4311 interpretamenta.
938 4250 978 4299 5'2.
998 4252 1177 4301 daemoniacam
1196 4256 1218 4303 b.
1271 4253 1368 4303 navet
1388 4257 1418 4304 ad
1440 4272 1494 4307 ωο-

316 4314 407 4364 moriae
426 4314 468 4366 BC.
520 4316 561 4365 54.
580 4316 770 4365 admonitionum
789 4318 1023 4379 praenuntiationem
1041 4318 1084 4378 dri.
1120 4322 1311 4370 admonitionum
1330 4326 1494 4387 praenuntia·

316 4383 382 4431 tione
398 4382 448 4445 tq.
501 4383 542 4432 bb.
562 4397 608 4446 quo
626 4382 670 4432 AB.
706 4398 767 4446 quae
784 4385 878 4447 reliqui.
930 4384 971 4435 bd.
991 4387 1175 4437 insinuationem
1191 4389 1234 4450 dri.

384 4450 442 4511 Cap.
460 4449 547 4500 xtvtt.
593 4450 614 4499 l.
638 4450 681 4498 sed
705 4466 751 4514 qua
769 4452 910 4503 Falacrinae.
971 4453 1014 4502 lb.
1034 4462 1057 4503 et
1075 4471 1118 4504 om.
1134 4457 1155 4506 b.
1218 4455 1241 4505 2.
1260 4459 1382 4508 vocatoria
1402 4462 1490 4512 cml.

315 4516 524 4568 &mmmm
576 4517 742 4569 bmmst

349 4686 371 4735 d.
391 4695 414 4736 et
431 4683 519 4750 Stoici]
547 4685 584 4735 et.
603 4686 664 4736 Plat.
682 4686 716 4737 lle
735 4687 798 4738 Plae.
818 4687 874 4738 l'bi-
961 4705 982 4739 e.
1001 4689 1036 4738 vel
1051 4686 1286 4757 memorissenrnm]
1306 4693 1490 4745 lielunctovnm.

314 4752 352 4803 los
371 4754 422 4814 v,t.
448 4754 496 4807 cte
515 4754 549 4804 tta
566 4753 799 4816 dispennite.
820 4770 874 4807 cunr
961 4757 1019 4820 Cap.
1039 4758 1125 4808 llbllll.
1168 4774 1189 4808 a.
1217 4775 1229 4807 a
1255 4760 1391 4812 daemoniis
1410 4762 1487 4827 pluri·

315 4821 429 4885 iuterprr.
925 4839 990 4875 mam
1009 4825 1082 4875 incuti
1101 4823 1206 4891 somnia}
1226 4827 1372 4893 Cblpolog.
1385 4829 1486 4897 oaplb.
