3242 5775
312 617 376 681 hot)
568 629 671 681 oumrr
692 627 825 674 ιιιιιιιιιι
844 627 1010 673 ιιοιιιιιιιιι
1032 621 1227 674 τιιιιιιιιιιιιιι

312 739 445 846 ιιιιιιι
465 778 545 857 quod
566 777 616 839 hic
636 776 694 839 iam
717 777 753 839 ab
774 777 935 840 haereticis
963 777 1145 851 vindicatur,
1179 786 1244 851 aut,
1274 777 1301 839 si
1325 786 1357 840 et
1377 777 1489 858 agnitio

312 877 508 944 ambienti*
535 878 716 942 resurrectio
747 879 837 952 ¹⁰est,
874 879 954 940 salva
982 878 1084 957 utique
1112 877 1161 938 illa
1193 878 1325 939 creditur
1354 897 1432 957 quac
1458 879 1488 939 in

311 981 415 1046 uitium
443 979 645 1059 praedicatur,
679 988 709 1040 et
737 979 874 1060 sequitur
901 987 931 1040 ut
961 998 997 1039 eo
1020 979 1105 1057 ipso,
1139 978 1225 1058 “quo
1247 977 1324 1040 haec
1343 978 1488 1058 spiritalis

185 1091 193 1100 '
288 1073 517 1153 -ssrindicatur,
540 1080 588 1141 illa
611 1079 775 1158 corporalis
797 1079 1033 1159 praeiudicetur;
1055 1079 1124 1158 quia
1146 1078 1172 1140 si
1187 1078 1266 1139 nulla
1281 1087 1488 1141 tuneanuun·

310 1180 450 1260 tieretur,
482 1180 589 1243 merito
619 1181 683 1242 sola
710 1179 784 1241 haec
817 1188 847 1240 et
875 1180 1079 1241 tantummodo
1108 1178 1248 1259 spiritalis
1274 1179 1487 1242 vindicaretur.

311 1280 384 1344 Cum
407 1300 477 1343 rero
500 1290 530 1343 et
551 1281 581 1342 in
603 1280 738 1342 ultimum
762 1288 880 1359 tempus
910 1279 1077 1352 ”edicitum
1113 1279 1277 1359 corporalis
1305 1279 1489 1358 agnoscitur,

311 1381 380 1463 quia
402 1399 461 1467 non
484 1389 514 1442 et
534 1389 606 1442 tuuc
626 1380 769 1460 spiritalis
793 1380 1020 1442 “annuntiatur
1056 1379 1115 1441 Cur
1137 1380 1216 1442 enim
1238 1381 1345 1442 iterum
1366 1397 1488 1441 annun·

309 1483 434 1544 tieretur
454 1481 634 1543 resurrectio
657 1480 789 1544 eiusdem
812 1481 1011 1554 conditionis,
1033 1480 1062 1541 id
1085 1491 1131 1542 est
1152 1480 1313 1562 spiritalis,
1345 1498 1417 1541 cum
1438 1487 1490 1541 aut

310 1601 392 1644 nunc
412 1600 477 1644 eam
499 1582 619 1644 deceret
639 1582 767 1661 expungi
790 1582 856 1643 sine
877 1582 935 1643 ulla
958 1582 1124 1642 dittorcntia
1140 1590 1325 1661 temporum,
1347 1589 1401 1643 aut
1418 1589 1491 1642 tuuc

310 1682 366 1744 snb
390 1681 472 1743 omni
494 1681 651 1743 ¹⁵clausula
683 1678 875 1762 temporum?
918 1682 960 1743 ltu
988 1682 1077 1743 nobis
1103 1682 1197 1760 magis
1226 1680 1368 1760 competit
1397 1680 1487 1742 etiam

309 1783 473 1865 spiritalem
496 1781 654 1844 defendere
675 1783 925 1844 resurrectionem
948 1782 984 1842 ab
1006 1783 1144 1861 ingressu
1167 1782 1249 1855 fidei,
1279 1782 1330 1861 quui
1350 1780 1488 1860 plenitu-

309 1882 408 1944 dinem
432 1883 497 1944 eius
520 1882 709 1962 agnoscimus
733 1883 791 1945 ¹⁶in
814 1883 892 1944 exitu
916 1882 1035 1945 saeculi.

156 1994 293 2054 sepner.
394 1983 489 2045 Unum
513 1982 609 2044 adhuc
629 1982 818 2062 respondebo
841 1984 877 2044 ad
899 1983 1135 2062 propositionem
1157 1983 1287 2062 priorem
1310 1981 1489 2062 allegorice·

308 2100 377 2145 rum
403 2083 634 2162 scripturarum,
666 2083 757 2145 licere
785 2093 816 2144 et
843 2083 931 2145 nobis
960 2085 1145 2163 corporalem
1173 2084 1426 2146 resurrectionem
1447 2084 1490 2146 ds

297 2184 474 2269 'patrocinio
495 2184 612 2263 figurati
635 2184 777 2264 ¹proinde
799 2184 909 2264 eloquii
930 2183 1096 2263 prophetici
1117 2184 1276 2245 vindicare.
1312 2184 1391 2246 Ecce
1405 2184 1488 2246 enim

156 2289 293 2345 scabere
308 2283 405 2346 diuina
426 2285 476 2365 'in
497 2285 662 2364 primordio
677 2284 824 2348 sententia
840 2294 947 2345 terram
964 2277 1115 2346 bominem
1129 2284 1366 2364 pronuntiando,
1391 2283 1487 2347 Terra

307 2401 341 2447 es
363 2393 392 2446 et
414 2385 445 2445 in
467 2392 576 2447 terram
599 2385 674 2460 ibis,
703 2370 872 2447 ¹secundum
900 2385 1096 2448 substantiam
1119 2385 1231 2446 scilicet
1259 2385 1374 2458 carnis,
1408 2403 1490 2464 quae

308 2483 346 2545 de
369 2492 447 2545 terra
470 2494 533 2546 erat
555 2493 689 2566 sumpta,
717 2495 747 2547 et
768 2504 844 2565 quae
865 2485 949 2565 prior
969 2486 1060 2546 horno
1082 2484 1194 2546 ’luerat
1216 2484 1377 2565 appellata,
1407 2484 1490 2547 sicut

307 2584 524 2658 ostendimus·,
547 2586 598 2647 dat
618 2585 690 2647 mihi
713 2585 899 2665 disciplinam
920 2584 951 2645 in
973 2603 1092 2646 carnem
1115 2604 1233 2665 quoque
1257 2585 1489 2665 interpretandi,

307 2682 425 2762 siquid
448 2683 509 2745 irae
531 2684 575 2745 rel
598 2685 709 2765 grmiae
731 2686 761 2746 in
783 2695 893 2747 terram
921 2685 995 2746 deus
1024 2685 1142 2759 statuit,
1177 2685 1245 2765 quia
1274 2703 1329 2769 nec
1346 2687 1488 2764 'proprie

306 2789 386 2845 terra
409 2783 517 2845 iudicio
540 2783 604 2846 eius
627 2785 840 2860 obnoxiaest,
872 2803 947 2864 quae
975 2784 1048 2846 nibil
1077 2785 1146 2847 boni
1177 2804 1232 2848 seu
1261 2785 1331 2848 mali
1347 2784 1488 2849 admisit.

154 2894 288 2948 uentura.
307 2882 459 2946 lldedieta
483 2883 602 2964 quidem
624 2883 719 2964 *quae
740 2886 870 2949 hauserit
892 2886 1081 2966 sanguinem,
1112 2887 1165 2948 sed
1192 2895 1222 2948 et
1250 2888 1308 2949 hoc
1326 2887 1424 2967 ipsum
1449 2888 1486 2950 in

293 2985 431 3063 ¹liguram
453 2985 549 3046 earnis
573 2985 747 3046 homicidae.
791 2985 865 3047 Nam
887 2987 964 3049 etsi
986 2987 1078 3048 iurari
1107 3006 1161 3049 seu
1182 2988 1259 3050 laedi
1280 2987 1370 3050 habet
1390 2996 1487 3066 terra,

306 3083 354 3146 'id
376 3103 493 3164 quoque
514 3086 654 3164 ‘propter
675 3085 844 3160 hominem,
876 3087 927 3149 'ut
947 3088 996 3149 ille
1018 3087 1152 3149 'iuretur
1179 3088 1241 3150 sire
1268 3088 1402 3151 laedatur
1428 3106 1489 3169 per

306 3172 497 3247 'consistorii
519 3187 566 3247 sui
588 3186 721 3258 exitusl3
744 3204 802 3265 quo
826 3188 919 3267 magis
935 3188 999 3269 ipse
1015 3187 1153 3267 pensabit
1169 3207 1245 3268 quae
1259 3197 1384 3270 propter
1399 3188 1485 3251 illum

307 3285 394 3346 etiarn
418 3294 495 3346 terra
518 3286 657 3366 patietur.
690 3287 791 3365 ltaque
814 3297 844 3349 et
865 3308 931 3350 eum
953 3291 1148 3351 comminatur
1170 3298 1269 3351 terrae
1290 3291 1375 3363 deus,
1399 3290 1483 3353 carni

305 3386 407 3465 potius
429 3386 604 3450 comminari
626 3405 693 3448 eum
716 3388 827 3461 dicam,
851 3398 969 3450 etcum
992 3388 1062 3468 quid
1084 3397 1180 3451 terrae
1202 3389 1376 3469 pollicetur,
1400 3388 1482 3453 carni

163 3480 287 3589 ΜΙἮᾸΙ
304 3488 405 3565 potius
428 3487 560 3567 polliceri
583 3507 651 3550 eum
673 3488 856 3568 intellegam,
880 3499 913 3551 ut
934 3490 1011 3569 apud
1032 3490 1140 3551 David:
1167 3491 1314 3553 Dominus
1335 3493 1485 3571 regnarit,

306 3586 443 3649 ¹⁰exultet
464 3597 553 3663 terra,
574 3588 605 3650 id
627 3597 675 3650 est
695 3608 764 3650 caro
787 3598 969 3663 sanctorum,
992 3590 1029 3653 ad
1043 3610 1130 3670 quam
1145 3591 1275 3671 pertinet
1288 3591 1374 3670 regni
1390 3590 1483 3654 divini

305 3688 430 3749 tructus.
474 3687 587 3750 Dehinc
609 3690 776 3768 subiungit:
800 3690 895 3763 Vidit,
919 3700 949 3753 et
969 3710 1115 3753 concussa
1136 3699 1184 3752 est
1207 3701 1301 3753 terra:
1329 3691 1483 3753 ¹¹rnontos

305 3785 381 3848 sicut
403 3805 470 3847 cera
491 3787 640 3866 liquefacti
662 3798 733 3850 sunt
753 3808 770 3851 a
791 3791 866 3853 lacis
888 3790 1015 3866 domini,
1045 3809 1113 3852 caro
1138 3792 1251 3854 scilicet
1269 3792 1484 3872 profanorumt¹

306 3934 346 3984 10.
365 3943 402 4013 est
419 3951 463 3985 our.
477 3936 539 3985 llic.
592 3937 630 3987 11.
649 3952 697 4002 qno
716 3941 761 4002 cd,
781 3943 810 3992 de
828 3944 915 4005 codice,
935 3946 960 3993 oi
977 3944 1056 4005 folior,
1076 3944 1109 3993 lo.
1127 3943 1254 3994 clericatis.
1301 3942 1367 4008 qnod
1384 3945 1477 4008 reliqui

305 4001 346 4052 11.
364 4003 496 4052 vindicator
512 4005 567 4053 ted.
609 4005 741 4056 vindicetur
756 4010 850 4073 reiiqol.
913 4010 951 4060 13.
978 4011 1088 4060 educitur
1105 4011 1166 4061 ABG.
1226 4010 1482 4061 thracensium

306 4069 345 4119 δι.
374 4070 399 4119 ln
416 4070 459 4120 Ab.
478 4073 639 4121 desiderantur
654 4075 724 4124 serbo
741 4079 903 4126 annuntiatur.
930 4078 980 4127 Cur
997 4079 1061 4127 euim
1081 4078 1175 4127 iterum.
1229 4078 1268 4128 ¹5.
1288 4078 1397 4128 diutule
1415 4084 1478 4127 ten·

302 4133 413 4200 porum?
437 4138 471 4186 lte
488 4138 594 4188 Adducti.
611 4146 659 4189 tm
675 4142 784 4204 Votienoi,
804 4151 826 4193 et
844 4146 895 4194 rod.
914 4145 946 4195 lo.
965 4146 1094 4195 cleantis.
1130 4147 1251 4195 clausura.
1276 4146 1311 4196 lte
1330 4147 1351 4196 b.
1396 4144 1436 4195 16.
1453 4144 1479 4194 in

303 4204 366 4253 exitu
385 4207 459 4253 rodes
474 4205 507 4254 lo.
522 4206 650 4256 Οἱιιιιιιιιίι.
685 4210 747 4258 erton
764 4211 858 4274 limgo.
893 4214 981 4262 exitum
999 4212 1109 4262 theate.
1228 4207 1235 4216 ”

372 4270 430 4333 Cap.
450 4272 524 4321 xxvi.
575 4273 594 4322 l.
612 4275 714 4337 perinde
732 4277 756 4325 ll.
809 4277 832 4326 2.
852 4279 875 4328 in
894 4279 1028 4330 omme.
1088 4278 1111 4327 3.
1132 4278 1204 4338 luerit
1221 4281 1246 4330 1.
1299 4279 1325 4330 4.
1341 4292 1406 4342 quae
1423 4278 1478 4329 ded.

302 4343 350 4387 trec
371 4339 478 4388 Vaticani.
514 4342 578 4403 quod
597 4342 706 4405 liGmgob.
741 4358 789 4407 quo
810 4346 833 4395 G.
880 4346 904 4395 5.
922 4346 945 4395 id
965 4345 1084 4397 omnic.
1132 4346 1157 4395 6.
1175 4361 1220 4409 per
1238 4347 1263 4396 ll.
1306 4346 1330 4397 ’1.
1348 4348 1383 4395 uti
1400 4344 1475 4396 lece

302 4403 327 4454 8.
347 4404 442 4454 iubetur
460 4406 484 4455 G.
534 4407 558 4457 tl.
578 4410 720 4459 consistorio
738 4411 780 4461 BG.
835 4412 873 4462 10.
893 4414 1002 4463 exultavit
1020 4413 1097 4463 Arca.
1115 4421 1161 4464 trec
1182 4414 1293 4465 Vaticani.
1346 4412 1387 4461 ll.
1406 4424 1476 4462 mon-

302 4479 340 4522 ιιι
357 4497 391 4508 -
408 4497 442 4507 -
459 4475 617 4537 profanorum
635 4493 679 4526 ora.
693 4479 718 4527 l.

335 4604 359 4653 d.
378 4607 466 4666 agnitio
484 4606 641 4676 sacramenti]
659 4612 725 4662 Fidei
745 4613 862 4664 Christir·
950 4615 973 4663 h.
993 4628 1037 4679 per
1055 4616 1192 4664 consistorii
1208 4617 1246 4666 sui
1257 4608 1345 4677 eritne]
1363 4612 1410 4664 Per
1426 4612 1481 4662 exi-

301 4683 355 4730 ιιιι,
374 4674 485 4722 veritatis.
504 4676 610 4737 (lligalt.)
915 4689 954 4729 tus
979 4677 1038 4745 [he.
1058 4678 1162 4748 sortem]
1190 4684 1267 4747 ipsius
1291 4690 1378 4740 turae,
1404 4690 1487 4744 qua*

335 4738 393 4802 Cap.
412 4741 487 4790 lllllll.
515 4757 536 4792 ι.
554 4746 618 4794 sicut
635 4745 797 4811 ostendimus]
816 4747 863 4797 Su·
916 4757 985 4797 vocet
1001 4750 1181 4809 consistorium,
1208 4765 1239 4800 ιιι
1263 4750 1380 4801 retulerat
1393 4758 1497 4797 roceo

300 4818 346 4868 prr
365 4807 455 4871 capb.
917 4822 997 4867 terroe
1017 4817 1058 4879 (La
1077 4818 1175 4878 Corda.)
1214 4817 1252 4869 (ll.
1270 4818 1305 4869 hd
1323 4816 1393 4868 llaor.
1411 4810 1525 4880 111-
