3242 5775
255 612 315 673 170
501 625 601 675 onrnrr
625 623 755 667 sarrnrn
776 622 942 667 ruoasnrrs
964 621 1163 667 rssrummm

250 775 357 857 pertit3
385 782 466 836 certe
493 782 527 834 nt
554 791 642 834 canes
670 773 821 852 praeterit.
866 770 983 845 Quibus
1005 779 1103 836 autom
1125 773 1222 851 magis
1244 773 1387 854 impertiet

251 894 338 957 quam
361 875 508 937 extraneis
530 874 689 948 creatoris,
711 872 787 933 ”lsi
809 874 876 951 ipse
897 872 1034 953 inprimis
1056 891 1118 934 non
1135 873 1243 936 luisset
1257 875 1387 938 creatori

250 976 289 1039 Et
310 985 408 1038 tamen
436 975 585 1055 quomodo
615 975 646 1035 iu
674 992 852 1053 synagogam
880 973 978 1053 potuit
1005 973 1119 1035 admitti
1152 983 1213 1036 tarn
1240 976 1387 1055 repentini

251 1087 310 1140 tam
332 1077 468 1156 ignotus,
503 1076 587 1137 cuius
610 1093 697 1136 nemo
720 1075 817 1136 adbuc
838 1083 935 1136 certus
963 1074 1000 1135 de
1028 1074 1123 1147 tribu,
1161 1075 1199 1135 de
1227 1078 1356 1156 populo,
1371 1087 1387 1128 ἰ

212 1239 215 1245 ,
251 1176 354 1250 domo,
377 1177 414 1237 de
438 1194 530 1237 censu
552 1175 678 1254 denique
695 1175 835 1253 Augusti,
858 1194 946 1254 quern
967 1183 1075 1237 testem
1097 1176 1305 1240 fidelissimum
1327 1178 1387 1242 don

250 1277 333 1339 nicae
355 1277 513 1338 nativitatis
528 1276 661 1337 Romana
682 1277 798 1337 archiva
815 1274 1009 1339 custodiunt?
1036 1276 1233 1339 Meminerant
1246 1289 1343 1352 certe,
1362 1279 1387 1342 rr'

194 1405 199 1416 ι
250 1378 457 1440 circumcisum
479 1377 604 1449 scirent,
636 1396 697 1437 non
726 1377 940 1438 admittendum
963 1377 993 1438 in
1016 1386 1118 1448 sancta
1140 1388 1323 1441 sanctorum.
1363 1379 1387 1444 8

250 1478 304 1540 etsi
328 1480 440 1557 passim
469 1494 615 1557 synagoga
645 1477 791 1550 adiretur,
827 1463 886 1539 non
916 1487 1012 1539 tamen
1042 1478 1077 1540 ad
1107 1480 1277 1541 docendum
1303 1479 1387 1542 nisit

250 1579 362 1658 optime
384 1579 502 1657 cognito
526 1587 556 1640 et
578 1578 729 1657 explorato
752 1588 782 1640 et
802 1578 947 1657 probato,
978 1579 1172 1659 iampridem
1196 1578 1226 1640 in
1250 1580 1308 1642 boc
1327 1580 1387 1660 ipsu

250 1679 297 1740 rel
318 1679 435 1739 aliunde
458 1680 663 1740 commendato
686 1698 752 1740 cum
774 1679 832 1740 boc
853 1697 988 1741 munere.
1025 1679 1190 1758 Stupebant
1207 1691 1305 1742 autem
1320 1697 1387 1742 omn

111 1780 287 1841 noeturnae}
302 1780 465 1841 doctrinam
481 1780 555 1840 eius.
588 1779 687 1841 Plane.
717 1780 882 1852 Quoniam,
905 1780 1015 1860 inquit,
1039 1781 1070 1841 in
1084 1782 1234 1860 potestate
1249 1790 1312 1843 erat
1325 1797 1387 1844 set!

158 3172 212 3215 Luc.

251 1882 332 1953 eiua,
361 1899 422 1941 non
444 1881 585 1960 quoniam
607 1881 750 1942 aduersus
772 1881 868 1959 legem
897 1891 926 1943 et
952 1881 1115 1962 propbetas
1139 1881 1274 1944 docebat.
1318 1881 1387 1962 Utitp

251 1982 330 2042 enim
347 1981 495 2061 eloquium
511 1982 641 2042 divinum
657 1992 686 2042 et
700 1981 759 2042 vim
775 1991 805 2042 et
819 1982 942 2060 gratiam
957 1983 1138 2061 praestabat,
1159 1983 1255 2061 magis
1270 1991 1387 2046 erstms

251 2101 339 2161 quam
366 2082 524 2143 destruens
551 2082 745 2144 substantiam
773 2082 847 2161 legis
875 2092 906 2144 et
930 2084 1155 2163 prophetarum.
1198 2083 1335 2163 Alioquin
1361 2101 1387 2146 rs

251 2192 419 2262 stuperent,
444 2184 496 2244 sed
519 2184 686 2255 horrerent.
722 2183 783 2244 Nec
804 2184 998 2257 mirarentur,
1022 2184 1075 2245 sed
1098 2184 1198 2245 statim
1221 2183 1387 2248 ”aversam

252 2293 300 2345 tur
320 2285 535 2345 destructorem
559 2284 632 2363 legis
655 2295 686 2345 et
705 2285 935 2365 prophetarum,
963 2293 993 2346 et
1014 2286 1115 2364 utique
1137 2286 1275 2365 inprimis
1303 2283 1387 2350 altat

250 2385 297 2446 dei
320 2386 570 2465 praedicatorem,
592 2384 660 2464 quia
683 2404 737 2447 nec
757 2386 910 2465 potuisset
930 2385 1072 2447 adversus
1094 2386 1188 2466 legem
1212 2396 1242 2448 et
1262 2379 1387 2467 propbel

250 2486 358 2548 docere
381 2496 410 2548 et
432 2487 489 2547 boc
504 2487 624 2547 nomine
639 2486 781 2566 adsersus
797 2496 978 2559 creatorem,
1001 2504 1062 2547 non
1082 2488 1250 2566 praemissa
1265 2488 1387 2550 ”diram

250 2594 337 2665 atque
359 2586 491 2647 aemulae
512 2587 671 2647 divinitatis
693 2588 893 2666 professione.
928 2587 1001 2648 Cum
1016 2606 1087 2666 ergo
1103 2589 1176 2649 nibil
1193 2589 1257 2666 ¹tale
1278 2589 1387 2668 scriptu

251 2685 411 2764 significet,
435 2686 493 2748 nisi
517 2688 611 2748 solam
633 2688 690 2748 rim
714 2697 743 2749 et
757 2696 936 2767 potestatem
952 2689 1101 2750 sermonis
1117 2690 1305 2752 admirationi
1320 2689 1387 2754 lul!

250 2786 363 2848 taedius
386 2788 518 2849 ostendit
539 2789 701 2849 secundnm
724 2797 889 2850 creatorem
912 2790 1051 2852 docuisse
1072 2790 1171 2863 illum,
1196 2792 1264 2869 quia
1287 2809 1346 2852 non
1364 2805 1387 2852 1

251 2890 459 2967 gavitfquam
481 2891 625 2950 adversus
648 2899 830 2963 creatorem,
862 2892 931 2970 quia
959 2910 1020 2953 non
1043 2891 1227 2969 significavit.
1270 2892 1387 2971 Atque-¹

250 2998 300 3051 aut
322 2991 385 3051 eius
408 2991 464 3051 erit
485 2991 689 3070 agnoscendus
713 2993 876 3053 secundum
899 3010 987 3071 quem
1003 2992 1119 3064 docuit,
1143 3002 1194 3054 aut
1211 2993 1387 3073 praevariw

250 3090 441 3165 iudicandus,
469 3092 495 3154 si
517 3093 678 3154 secundum
701 3111 767 3152 eum
791 3092 935 3153 adversus
958 3111 1045 3171 quem
1069 3102 1191 3155 venerat
1211 3095 1320 3155 docuit.
1359 3086 1387 3155 Ε

136 3194 357 3280 1v‚3³,q,clamat
378 3192 486 3254 ibidem
510 3195 632 3273 spiritus
655 3193 827 3269 daemonis,
851 3193 929 3265 Quid
952 3192 1039 3253 nobis
1061 3202 1091 3255 et
1112 3194 1166 3254 tibi
1183 3203 1228 3256 est
1242 3193 1333 3258 lesu?
1362 3186 1387 3255 1

225 3296 322 3357 niati
343 3295 468 3375 perdere
489 3314 556 3357 nos.
596 3295 664 3358 Seio
693 3293 743 3373 qui
766 3294 825 3366 sis,
848 3303 969 3355 sanetus
992 3294 1049 3354 dei.
1089 3294 1145 3356 Hic
1167 3314 1222 3374 ego
1245 3314 1306 3357 non
1326 3302 1387 3357 rs!

248 3398 332 3460 otabo
356 3416 393 3458 an
415 3406 445 3457 et
466 3397 524 3458 boc
545 3404 773 3476 cognomentum
797 3395 985 3475 competierit
1007 3396 1033 3455 ei
1056 3415 1143 3474 quern
1171 3396 1255 3459 ³¹nee
1276 3397 1387 3459 cume

248 3500 345 3563 vocari
369 3507 538 3576 oporteret,
572 3500 598 3560 si
619 3516 679 3558 non
702 3497 855 3557 creatoris.
897 3497 974 3556 tlibi
997 3496 1056 3557 iam
1077 3497 1114 3557 de
1136 3498 1308 3560 nominibus
1328 3492 1387 3579 en}

249 3601 389 3660 stulatnrn
410 3600 488 3658 estl.
526 3602 563 3661 At
584 3618 662 3661 nunc
684 3598 818 3676 discepto
842 3597 992 3675 quomodo
1013 3596 1099 3658 ”boc
1114 3617 1182 3658 eum
1197 3599 1295 3660 vocari
1310 3580 1387 3679 oogff

250 3700 323 3759 verit
345 3698 487 3769 daemon,
517 3702 596 3763 nulla
617 3718 745 3778 unquam
774 3707 856 3759 retro
880 3698 989 3759 emissa
1012 3698 1231 3777 praedieatione
1252 3700 1283 3760 in
1304 3686 1387 3763 itui

250 3800 305 3860 deo
329 3801 431 3877 ignoto
454 3808 484 3860 et
506 3800 535 3860 in
558 3801 587 3862 id
609 3800 754 3879 temporis
777 3808 877 3872 rnuto,
911 3799 995 3879 cuius
1024 3818 1080 3859 nec
1102 3809 1237 3862 sanctum
1260 3818 1328 3862 eum
1348 3786 1387 3861 δ’

250 3901 353 3962 testari
374 3899 486 3978 potuit,
508 3901 569 3964 33ιιι
590 3901 684 3981 ignoti
707 3900 793 3961 etiam
817 3900 874 3980 ipsi
897 3917 952 3961 auo
976 3901 1113 3960 creatori.
1149 3900 1227 3974 Quid
1250 3864 1387 3963 antemi

252 4001 307 4060 tale
330 3999 456 4060 ediderit
476 4020 570 4063 norae
593 4001 753 4063 divinitatis
774 4020 830 4081 per
852 4001 931 4080 quod
950 3999 1083 4079 ”posset
1104 4001 1226 4062 alterius
1241 4001 1289 4063 dei
1304 3998 1387 4083 send

250 4097 404 4179 intellegi?
449 4099 575 4164 Tantum
599 4102 678 4182 quod
700 4120 879 4181 synagogam
901 4102 1121 4180 introgressus,
1151 4112 1182 4164 et
1209 4121 1266 4164 nec
1287 4110 1387 4199 ὅπως,

252 4290 315 4341 28b.
338 4291 407 4340 Verba
425 4287 445 4334 si
465 4288 517 4350 ipse
536 4289 646 4351 inprimis
665 4302 713 4338 non
732 4287 817 4337 luisset
836 4284 975 4338 creatoris?
990 4286 1387 4465 prooemntoniesoiaeddxaeq

252 4358 293 4408 29.
311 4357 497 4406 adversarentur
515 4357 539 4406 B.
563 4360 721 4406 vaticanorum
738 4355 805 4404 oder.
864 4355 905 4404 3⁰.
925 4355 1017 4404 diversa
1044 4363 1115 4420 atqne
1142 4356 1236 4404 aemula
1255 4357 1301 4406 loa.

252 4426 292 4475 at.
312 4439 341 4473 ne
360 4425 384 4473 t.
402 4425 519 4482 tuerent,
538 4431 559 4473 et
581 4425 683 4472 Vaticani
701 4424 756 4472 duo.
800 4420 841 4471 32.
861 4423 907 4471 hee
925 4437 978 4471 enm
997 4423 1082 4474 llebcd.
1103 4425 1208 4473 laurent.
1244 4421 1343 4472 eumd.
1369 4440 1375 4447 ·

253 4503 277 4542 ιιι
296 4492 369 4551 ignoti
387 4492 458 4541 etiarn
478 4490 523 4553 ipsi
543 4493 576 4554 d.,
595 4506 625 4540 en
642 4491 753 4539 emendat.
772 4490 848 4539 Fulvii
860 4491 945 4540 Ursini.
989 4498 1015 4539 nt
1039 4493 1120 4552 ignoto
1143 4491 1190 4539 iam
1213 4491 1297 4551 (etiem
1314 4484 1380 4551 W

253 4561 338 4611 llCobr.
357 4560 465 4608 buerant.
517 4557 559 4608 at.
576 4564 661 4622 posset
678 4559 715 4609 cd.
739 4558 860 4607 tubanus
877 4572 945 4607 unua.
982 4560 1061 4622 possit
1077 4559 1170 4624 reliqui.
1371 4586 1387 4665 1.

287 4696 311 4745 b.
329 4693 389 4744 tlibi
408 4694 455 4743 iam
474 4691 503 4740 de
523 4691 814 4756 nominibnsexpostnls·
866 4691 974 4750 nomine,
1001 4699 1025 4741 et
1053 4708 1106 4758 cap.
1120 4690 1159 4742 16.
1186 4689 1217 4740 de
1240 4684 1387 4813 Minu

253 4772 303 4815 tnrn
322 4758 379 4826 est!
398 4761 489 4824 Nempe
505 4774 579 4823 snpra
595 4760 635 4808 lib.
648 4760 688 4809 lll.
708 4775 761 4824 cap.
773 4759 814 4809 12.
865 4768 937 4821 atque
960 4758 1021 4808 adeo
1045 4768 1069 4808 et
1089 4761 1123 4810 de
1141 4759 1197 4810 leon
1219 4759 1318 4808 nomine

253 4832 284 4882 de
296 4832 393 4881 nomine
404 4827 555 4888 Emmanuel,
574 4842 626 4892 cap.
638 4828 675 4907 lb.
687 4828 814 4879 derristi
865 4826 916 4878 tilio
933 4825 1004 4876 Nare.
1022 4826 1136 4888 (Pimoll
1381 4818 1387 4845 '·
