3242 5775
317 607 379 678 ⁸7⁴
447 678 449 681 ,
567 628 667 680 outttrt
691 625 822 671 ΒΕΡΤΙΙΙ
843 625 1008 669 rtontttrts
1030 625 1224 670 tttttwttttttt

314 781 421 844 Pettns
444 783 475 841 et
494 778 621 840 Ioannes
643 786 673 840 et
692 776 816 839 Ieeobus
843 775 938 837 ”sine
965 775 1089 837 rationis
1117 783 1148 837 et
1173 775 1329 850 amendat,
1366 777 1417 856 epti
1446 778 1482 851 si,

316 899 377 944 non
399 880 516 961 passuri
544 877 595 940 tilii
617 878 754 958 gloriam,
787 877 841 939 sed
868 885 981 957 petrem
1010 876 1170 947 vidissent,
1203 876 1310 949 eredo,
1344 878 1482 940 morituri

174 981 296 1077 ggii-m
316 979 455 1043 ibidemt.
500 981 592 1041 Deum
623 979 700 1041 enim
728 996 815 1039 nemo
843 977 953 1040 videbit
979 986 1009 1039 et
1034 977 1121 1039 vivet
1176 978 1208 1040 Si
1235 978 1310 1039 bnee
1337 978 1377 1040 ito
1401 990 1481 1053 sunt,

259 1062 266 1084 ’
296 1060 433 1146 'constat
453 1100 521 1143 enm
542 1099 659 1161 semper
679 1081 774 1143 visum
797 1078 833 1141 ab
855 1080 939 1142 initio
961 1079 1011 1159 qui
1031 1063 1114 1141 nisus
1130 1078 1262 1141 fueritin
1277 1079 1347 1153 line,
1369 1088 1483 1143 eleum

315 1184 421 1246 necin
443 1184 501 1245 line
523 1183 617 1244 visum
640 1182 689 1263 qui
711 1200 767 1243 neo
793 1180 829 1242 eb
858 1180 943 1242 initio
971 1181 1026 1243 luit
1051 1181 1149 1252 visus,
1182 1188 1212 1241 et
1239 1180 1280 1242 ite
1308 1180 1384 1242 dnos
1413 1200 1483 1244 esse

315 1285 410 1347 visum
433 1293 462 1346 et
488 1285 625 1346 invisum.
679 1283 770 1344 Filius
793 1301 864 1361 ergo
886 1283 968 1344 visus
990 1280 1065 1343 ”est
1086 1276 1221 1362 semper,
1255 1291 1286 1344 et
1306 1281 1381 1343 lilius
1403 1301 1481 1343 eon·

313 1394 447 1450 versatus
470 1394 517 1447 est
538 1403 672 1465 semper,
701 1384 829 1459 etlilius
851 1390 992 1463 operatus
1014 1390 1061 1443 est
1083 1402 1216 1462 semper,
1249 1402 1285 1444 ex
1307 1382 1480 1446 auetoritote

203 1503 301 1556 tento.
315 1488 408 1569 petris
437 1496 467 1549 et
494 1487 658 1560 voluntate,
697 1484 765 1565 quia
793 1484 885 1545 Filius
913 1483 986 1545 nihil
1012 1502 1028 1544 a
1057 1485 1218 1564 semetipso
1245 1493 1349 1563 potest
1374 1485 1480 1557 iacere,

224 1614 229 1622 ¹
315 1588 373 1652 nisi
401 1588 505 1651 viderit
533 1596 644 1667 petrem
673 1587 844 1659 facientem,
872 1585 902 1646 in
931 1603 1022 1647 sensu
1051 1585 1162 1647 scilieet
1188 1584 1383 1670 ³⁰lenientem.
1422 1586 1481 1647 Pa-

319 1698 364 1753 ter
384 1688 463 1751 enim
484 1705 573 1750 senen
595 1689 669 1767 egit,
697 1688 774 1750 iilius
801 1705 872 1748 vero
900 1685 977 1765 ³¹tpni
1004 1686 1034 1747 in
1057 1686 1177 1766 ”petris
1200 1704 1291 1749 sensu
1312 1697 1360 1748 eet
1379 1688 1481 1749 ridens

140 1850 142 1854 .
215 1808 295 1860 toto.
316 1790 439 1872 perlicit
490 1789 541 1851 Sio
571 1788 668 1851 omnin
701 1807 755 1869 per
787 1788 878 1849 lilium
911 1788 984 1849 lecte
1015 1794 1100 1861 snnt,
1137 1796 1168 1849 et
1193 1788 1259 1850 sine
1289 1788 1341 1850 illo
1373 1791 1481 1851 laetum

314 1890 495 1954 ”estnihil
617 1903 626 1935 t

183 2016 299 2075 cmxvi.
398 1992 460 2054 Neo
478 1999 566 2072 putes
588 1989 652 2052 sola
673 2007 762 2069 opera
786 1990 886 2051 mnndi
915 2008 969 2071 per
996 1989 1086 2051 iilinm
1113 1991 1204 2063 iacto,
1233 1990 1287 2052 sed
1315 1999 1346 2051 et
1366 2008 1480 2069 queen

189 2109 302 2165 temno.
316 2093 373 2155 deo
388 2093 493 2155 exinde
507 2100 587 2172 gesto
602 2100 681 2153 sunt.
719 2091 805 2153 Pater
828 2092 921 2164 enim,
944 2091 994 2170 qni
1017 2090 1111 2170 diligit
1132 2091 1222 2151 titium
1245 2099 1275 2151 et
1296 2091 1395 2152 omnia
1417 2100 1479 2154 tra-

314 2194 389 2257 didit
408 2195 439 2256 in
462 2194 544 2256 ¹sinu
568 2194 660 2266 eins·‚
682 2193 783 2271 utique
804 2211 821 2253 a
844 2192 1006 2272 primordio
1029 2192 1122 2270 diligit
1144 2200 1175 2252 et
1194 2192 1391 2271 oprimordio
1414 2201 1478 2253 tro-

215 2314 293 2367 toti.
316 2296 399 2359 didit.
442 2295 485 2357 Ex
507 2313 580 2375 qno,
601 2295 625 2355 tl
646 2294 811 2374 primordio
833 2313 932 2355 sermo
955 2301 1017 2356 eret
1038 2294 1114 2373 apud
1136 2293 1239 2366 deum,
1270 2302 1302 2355 et
1320 2293 1393 2355 dens
1415 2303 1480 2355 eret

178 2398 298 2494 fflffppfl
315 2413 431 2469 sermo,
462 2398 509 2460 eui
531 2397 605 2466 dett¹
619 2404 666 2457 est
686 2396 784 2457 onmis
805 2404 940 2476 potestas
962 2414 979 2457 a
1000 2403 1083 2475 petre
1112 2395 1141 2455 in
1168 2394 1257 2455 caelis
1287 2394 1367 2457 etin
1387 2404 1478 2468 terre,

203 2480 305 2570 παῖξαί
315 2500 382 2562 Non
402 2499 511 2561 indioot
531 2505 615 2577 peter
636 2515 826 2577 quemqnam,
856 2497 910 2558 sed
933 2515 1020 2559 omne
1046 2496 1185 2558 indicium
1214 2496 1335 2558 tradidit
1355 2496 1433 2570 tilio,
1463 2516 1479 2560 a

314 2598 478 2681 primordio
500 2609 608 2660 tomen.
652 2598 776 2661 Omnem
798 2598 876 2659 enim
898 2598 1000 2660 dicens
1022 2606 1213 2677 potestatem,
1237 2606 1268 2659 et
1289 2616 1379 2661 omne
1399 2598 1476 2660 indi·

316 2699 408 2773 cinm,
442 2707 473 2761 et
500 2699 599 2760 omnia
625 2718 679 2779 per
706 2719 774 2762 enm
802 2700 892 2771 iacto,
926 2708 955 2761 et
982 2699 1079 2761 omnin
1107 2698 1212 2760 tradite
1238 2698 1269 2759 in
1292 2715 1380 2761 manu
1402 2700 1476 2772 eins,

315 2800 424 2863 nudam
446 2800 648 2879 exceptionem
671 2801 812 2880 temporis
834 2801 992 2880 permittit.
1027 2800 1093 2879 qnia
1122 2800 1220 2861 omnia
1247 2819 1309 2860 non
1338 2810 1423 2862 erunt
1451 2800 1476 2861 si

315 2919 377 2965 non
399 2902 495 2965 omnis
518 2903 660 2981 temporis
683 2902 801 2964 inerint.
844 2903 1057 2981 Filiusitnqne
1077 2910 1124 2963 est
1144 2900 1211 2980 'qui
1233 2901 1270 2962 ab
1292 2901 1377 2964 initio
1398 2901 1476 2963 iudi·

317 3004 401 3081 oepit,
424 3012 535 3064 turrem
551 3002 794 3082 superbissimam
813 3003 926 3066 elidens
940 3003 1128 3082 ³linguasqne
1150 3003 1354 3082 *disperdenm
1375 3002 1477 3064 orbem

317 3112 412 3166 totum
434 3122 574 3183 equarum
596 3104 734 3165 violentie
755 3105 899 3184 puniens,
929 3105 1034 3185 pluens
1064 3124 1154 3185 super
1176 3105 1337 3167 Sodomam
1363 3111 1392 3164 et
1413 3104 1476 3165 Go-

316 3224 447 3268 morram
469 3207 566 3284 ignem
589 3215 620 3267 et
639 3204 844 3285 ‘sulphurem
866 3206 1022 3268 “dominns
1043 3205 1226 3267 adomtnot.
1259 3206 1327 3286 lpse
1348 3204 1427 3267 enim
1450 3213 1477 3266 et

317 3307 353 3385 etl
375 3308 501 3370 bumana
524 3326 643 3388 semper
664 3307 807 3387 colloquio
830 3308 997 3382 descendit,
1020 3307 1055 3368 ab
1071 3307 1161 3368 tidem
1176 3326 1269 3387 usqne
1289 3307 1325 3368 ad
1345 3307 1475 3386 patrier-

317 3494 358 3547 28.
376 3497 428 3545 sine
447 3496 547 3546 rationis
566 3504 589 3546 et
612 3499 714 3546 amentio
739 3498 792 3545 oid.
833 3497 886 3545 sine
910 3496 1024 3545 irratione
1047 3502 1070 3545 et
1093 3496 1194 3543 amentio
1213 3511 1233 3544 e.
1274 3494 1435 3544 sineretione
1454 3503 1477 3543 et

317 3566 418 3613 amentio
436 3564 479 3614 tn.
498 3566 570 3624 leid,
590 3565 641 3613 eod.
659 3564 753 3623 Pitltoei,
774 3571 794 3613 et
812 3570 858 3612 trer
879 3563 987 3613 Votieoni.
1022 3562 1073 3611 sine
1092 3563 1190 3611 rationis
1209 3563 1339 3611 examentis
1358 3562 1422 3613 Folo.
1435 3563 1477 3612 ilr-

317 3635 389 3681 rimtr.
430 3633 482 3681 eine
506 3633 626 3680 erratione
650 3640 673 3679 et
697 3632 798 3679 amentio
819 3631 945 3680 dimonte.
1003 3627 1228 3679 temnendo.
1286 3628 1475 3680 dormientem

316 3702 400 3750 dated.
418 3701 491 3759 leid,
519 3708 540 3748 et
558 3701 625 3749 codd.
643 3702 723 3764 scripti
740 3699 849 3748 liberem.
893 3697 1033 3746 sentientem
1052 3698 1077 3747 tt.
1137 3696 1178 3746 et.
1203 3697 1266 3760 quod
1291 3699 1356 3748 folo.
1373 3699 1476 3749 llrriem

317 3766 358 3816 32.
376 3782 448 3815 sensu
467 3768 542 3828 patris
559 3770 584 3815 t.
604 3767 666 3815 leid.
718 3765 759 3815 33.
777 3775 814 3815 est
831 3782 874 3816 om.
886 3767 910 3815 t.
929 3766 992 3815 beid.

385 3833 441 3896 Cep.
461 3833 517 3881 xvt.
553 3833 576 3881 i.
595 3834 648 3881 sinu
667 3835 737 3883 Adel.
757 3835 820 3884 leid.
857 3847 927 3882 menn
946 3835 990 3892 ed,
1011 3832 1219 3882 ercomdomelii.
1261 3829 1284 3880 2.
1304 3833 1345 3896 oni
1363 3833 1394 3881 eb
1411 3835 1477 3884 obed.

316 3902 379 3952 teto.
415 3900 454 3962 qni
473 3907 497 3948 et
514 3900 543 3948 eb
560 3900 604 3948 tlt.
657 3899 680 3948 3.
699 3902 839 3966 linguasque
856 3902 940 3952 lloled.
976 3900 1068 3962 linguas
1085 3901 1111 3950 t.
1129 3901 1193 3949 leid.
1237 3899 1261 3948 b
1279 3900 1424 3964 dispertiens
1442 3903 1473 3960 d,

317 3968 380 4017 Folo.
398 3968 501 4015 Ursinus.
559 3967 583 4015 5.
607 3967 708 4030 sulplrur
730 3971 866 4019 fnlunies.
924 3967 947 4018 6.
966 3968 1078 4017 dominus
1095 3983 1108 4016 e
1127 3967 1224 4016 domino
1243 3968 1278 4018 ed„
1323 3967 1474 4018 demtdeo

316 4036 407 4098 reliqui,
427 4042 448 4083 et
466 4035 529 4083 leid.

351 4168 558 4219 minorationis
577 4165 732 4236 elementia]
755 4171 808 4220 lloe
826 4179 870 4231 eet,
921 4171 998 4234 ipsam
1021 4184 1067 4218 non
1091 4171 1186 4233 prssnri
1211 4178 1301 4230 essem,
1329 4169 1372 4220 red
1397 4171 1475 4237 ipsum

318 4251 394 4298 neque
411 4238 463 4285 sine
481 4238 589 4301 periculo
608 4239 706 4287 rationis
725 4254 800 4302 neque
819 4239 871 4288 sine
922 4247 1013 4303 petrem
1032 4237 1152 4287 vidissent

317 4305 427 4353 amentio.
462 4306 614 4364 „Periculum
633 4307 748 4355 rationis“
773 4306 830 4355 dicit
847 4315 872 4355 nt
955 4305 1086 4369 Coplll'l.
1121 4321 1142 4354 a.
1166 4305 1190 4354 in
1214 4300 1352 4370 sioneins]
1381 4307 1421 4356 Sic
1438 4322 1475 4356 re·

316 4374 871 4436 supro„perienlnmlnois,“ltoeestdrmnnm.
921 4375 992 4439 posui
1017 4387 1043 4422 et
1068 4374 1207 4424 anctoritate
1227 4381 1333 4422 veterum
1352 4373 1475 4432 librorum,

316 4438 421 4502 (Rigalt.)
922 4455 1065 4506 quemquern
1085 4441 1108 4492 iri
1126 4440 1161 4490 tel
1181 4441 1226 4504 ipsi
1241 4438 1344 4490 ‘niteram
1363 4442 1419 4491 olibi
1436 4443 1475 4500 (ci.

342 4533 346 4540 ·
923 4511 984 4559 inire
1004 4508 1106 4572 capili
1124 4509 1268 4572 scripturam
1287 4517 1407 4559 tutentur.
1439 4509 1474 4558 ct.

350 4574 374 4624 d.
392 4575 432 4639 qni
450 4575 480 4635 si,
503 4590 551 4625 non
576 4577 670 4640 passuri
694 4576 735 4625 liiii
759 4575 870 4639 gloriam,
919 4576 1036 4628 Sabtteril
1055 4578 1147 4640 tntiqn.
1167 4577 1226 4625 bibl.
1245 4577 1325 4626 l'erss.

315 4643 358 4693 sed
381 4651 474 4706 petrem
497 4644 624 4703 vidissent,
648 4643 734 4703 credo,
761 4645 869 4694 morituri
954 4645 977 4695 b,
1002 4645 1113 4694 dominns
1132 4661 1145 4694 a
1164 4639 1283 4710 domino]
1311 4644 1352 4695 Sir
1374 4645 1475 4694 corruit

316 4706 426 4776 ibidem]
445 4711 631 4774 breviloquentia
657 4720 680 4760 et
697 4712 806 4774 stribligo
825 4712 869 4762 Se·
889 4702 901 4720 ‘'
919 4712 1047 4772 domebus,
1066 4728 1118 4763 cum
1138 4713 1168 4761 ite
1186 4713 1276 4762 videret
1293 4721 1317 4761 et
1333 4728 1404 4777 sopra
1423 4727 1473 4776 etp.

316 4781 439 4842 ptimienr.
481 4779 596 4836 llorituri,
626 4781 708 4843 inquit,
735 4781 823 4829 ibidem
847 4789 870 4830 et
922 4779 960 4830 tt.
976 4789 1066 4843 extare.
1110 4781 1221 4831 Ceterum
1240 4782 1270 4830 ci.
1288 4779 1405 4832 Sebrterii
1423 4783 1474 4830 bnt

315 4848 403 4910 stetim,
430 4847 459 4908 si,
483 4861 531 4896 non
550 4847 591 4896 lllii
609 4848 718 4910 glorium,
744 4864 814 4913 quem
834 4848 868 4899 tel
919 4847 979 4899 Bibl.
997 4847 1077 4899 Verso.
