3242 5775
711 643 750 687 nr
772 642 871 688 amna.
1317 631 1380 698 m
1480 631 1491 638 “

205 794 413 874 contingantur
435 792 471 854 ab
500 794 544 856 eis
573 793 665 868 (unde
694 800 724 855 et
744 792 938 865 bunarium,
971 794 1106 875 Taugme
1136 795 1214 857 enim
1245 805 1275 859 et
1300 799 1381 879 tangi

204 896 260 957 nisi
284 913 396 976 corpus
418 894 495 955 nulla
523 902 625 975 potest
654 898 733 970 res),
765 895 907 955 derelicto
935 902 1033 956 autem
1065 913 1192 976 corpore
1218 895 1255 957 ab
1283 898 1381 960 anima

203 998 280 1058 allici
309 1004 415 1057 morte.
466 996 560 1075 Igitur
587 1013 697 1074 corpus
725 994 839 1068 anima,
871 994 963 1074 'quae
990 996 1050 1057 nisi
1078 995 1241 1076 corporalis
1270 1015 1380 1077 corpus

203 1116 265 1158 non
288 1096 534 1175 'derelinqueret
957 1090 962 1096 ’

291 1197 387 1259 ¹Haec
417 1197 559 1258 Platonici
588 1196 751 1257 subtilitate
780 1195 882 1275 potius
916 1213 1004 1275 quam
1036 1197 1160 1259 veritate
1191 1198 1379 1263 conturbant
1399 1221 1497 1278 capu.

201 1300 318 1371 Omne,
340 1298 493 1377 inquiunt,
517 1315 625 1375 corpus
647 1305 698 1357 aut
719 1296 844 1357 animale
867 1297 907 1357 sit
928 1314 1053 1359 necesse
1075 1305 1124 1359 eet
1144 1307 1195 1360 aut
1211 1299 1379 1365 inanimale.

202 1399 240 1459 Et
262 1399 288 1459 si
311 1398 431 1478 quidem
453 1398 610 1459 inanimale
632 1406 689 1468 est,
713 1397 898 1459 extrinsecus
913 1397 1092 1472 movebitur,
1115 1398 1141 1459 ei
1157 1418 1228 1462 vero
1243 1401 1378 1476 animale,

201 1500 395 1560 intrinsecus.
432 1499 534 1559 Anima
557 1508 655 1559 autem
677 1517 733 1558 nec
754 1498 940 1560 extrinsecus
962 1499 1144 1574 morabitur,
1167 1508 1201 1562 ut
1222 1520 1297 1581 quae
1317 1521 1379 1565 nou

201 1599 244 1661 sit
266 1599 448 1671 inanimalis,
471 1618 527 1661 uec
549 1600 746 1672 intrinsecus,
770 1607 802 1660 ut
823 1618 899 1678 quae
919 1600 985 1678 ipsa
1006 1599 1106 1680 potius
1128 1608 1246 1694 moveat
1260 1622 1379 1684 corpus.

201 1702 307 1780 ltaque
329 1718 389 1761 uon
411 1700 504 1762 videri
527 1720 591 1761 eam
622 1719 748 1779 corpus,
782 1718 856 1777 quae
886 1718 947 1762 non
975 1701 1174 1780 corporalium
1202 1703 1316 1766 lcrma·
1342 1722 1380 1767 ex

201 1800 301 1879 aliqua
323 1801 444 1879 regione
465 1810 629 1863 moveatur.
682 1802 725 1862 od
754 1801 811 1861 boc
837 1819 895 1860 nos
925 1800 1098 1863 mirabimur
1125 1802 1379 1883 incongruentiam

200 1903 303 1981 primo
326 1900 508 1962 delinitionis
530 1903 720 1980 provocantis
751 1903 786 1962 ad
817 1919 850 1962 ea
878 1919 953 1979 quae
982 1902 1161 1964 inanimam
1184 1921 1245 1965 uon
1267 1908 1378 1967 conta

202 2003 300 2063 uiuut.
345 2002 411 2063 Non
433 2002 511 2063 euim
534 2010 635 2081 potest
656 2003 751 2063 anima
774 2001 900 2063 animale
922 2019 1033 2082 corpus
1054 2002 1111 2065 dici
1140 2010 1191 2066 aut
1212 2004 1379 2080 inanimale,

201 2122 272 2164 cum
294 2104 361 2183 ipsa
383 2103 422 2164 sit
444 2122 519 2182 quae
541 2113 592 2164 aut
613 2104 699 2165 iaciat
721 2121 831 2183 corpus
854 2103 994 2176 animale,
1017 2103 1061 2164 'ei
1085 2104 1177 2178 adsit,
1209 2113 1260 2167 aut
1280 2106 1379 2168 inani-

203 2204 297 2276 male,
321 2204 346 2265 si
369 2203 447 2265 absit
468 2204 504 2265 ab
527 2204 587 2265 illo.
630 2204 732 2283 ltaque
754 2205 834 2283 quod
856 2205 923 2265 lacit
945 2222 1006 2264 non
1028 2212 1128 2285 potest
1150 2223 1221 2268 esse
1242 2207 1325 2286 ipsa,
1346 2217 1381 2268 ut

202 2305 320 2366 dicatur
341 2305 466 2366 animale
489 2305 534 2366 vel
550 2304 716 2366 inanimale.
753 2305 857 2365 Anima
880 2305 959 2366 enim
981 2304 1088 2367 dicitur
1110 2306 1293 2369 substantiae
1308 2325 1380 2369 suae

203 2406 339 2465 nornine.
391 2405 506 2477 Quodsi
535 2424 594 2466 non
624 2405 722 2485 capiti
750 2406 876 2467 animale
904 2424 1014 2485 corpus
1045 2406 1103 2468 dici
1129 2417 1180 2469 aut
1212 2407 1379 2482 inanimale,

203 2504 284 2583 quod
308 2513 355 2564 eat
375 2506 489 2577 anima,
520 2507 670 2585 quomodo
693 2506 904 2585 provocabitur
931 2507 967 2568 ad
989 2507 1158 2569 animalium
1182 2517 1212 2569 et
1233 2508 1380 2569 inanima-

203 2606 276 2666 lium
300 2623 459 2684 corporom
483 2605 633 2667 formam?
670 2607 783 2666 Dehinc
804 2606 831 2665 si
854 2608 991 2684 corporis
1007 2609 1181 2669 estmoveri
1197 2609 1380 2672 extrinsecus

203 2706 242 2767 ab
264 2706 374 2784 aliquo,
398 2706 584 2766 ostendimus
607 2712 704 2764 autem
728 2722 818 2784 supra
841 2705 954 2766 moveri
975 2706 1102 2767 animam
1124 2715 1155 2767 et
1169 2706 1206 2767 ab
1220 2707 1290 2781 alio,
1313 2726 1379 2770 cum

203 2806 396 2878 vaticinatur,
426 2825 492 2867 eum
516 2806 601 2877 lucit,
631 2806 732 2883 utique
759 2806 961 2877 extrinsecus,
983 2804 1068 2867 'cum
1091 2805 1128 2866 ab
1149 2807 1223 2881 alio,
1256 2809 1382 2870 merito·

203 2908 284 2986 quod
308 2907 476 2969 movebitur
498 2906 682 2968 extrinsecus
704 2906 741 2966 ab
764 2908 820 2968 alio
850 2907 1011 2969 secundum
1041 2909 1167 2989 exempli
1194 2911 1379 2990 propositio·

204 3028 274 3070 nem
297 3028 408 3088 corpus
429 3010 614 3087 ⁴agnoscam.
659 3008 818 3069 Enimvero
841 3008 867 3069 si
890 3008 926 3069 ab
949 3009 1006 3069 alio
1030 3010 1141 3070 moveri
1164 3013 1301 3091 corporis
1324 3020 1379 3082 est,

204 3119 317 3188 quanto
341 3111 433 3188 magis
455 3128 576 3170 movere
599 3107 700 3169 alludi
733 3109 836 3169 Anima
859 3117 956 3170 autem
973 3121 1072 3171 movet
1086 3129 1212 3190 corpus,
1236 3123 1266 3174 et
1287 3131 1381 3175 cona·

204 3221 255 3272 tua
278 3212 343 3272 eius
366 3211 550 3272 extrinsecus
575 3210 648 3270 loris
671 3218 787 3289 parent.
821 3210 864 3269 Ab
887 3209 935 3271 illa
958 3220 1004 3271 est
1026 3211 1105 3271 enim
1128 3211 1251 3291 impingi
1273 3221 1303 3274 et
1324 3231 1380 3291 pc-

204 3312 260 3373 des
283 3313 313 3372 iu
336 3313 486 3373 incessum
510 3321 539 3372 et
562 3330 666 3371 manus
690 3312 720 3371 in
744 3317 911 3370 contactum
941 3319 971 3370 et
998 3310 1100 3371 oculos
1128 3311 1159 3371 in
1188 3320 1381 3389 conspectum

205 3424 237 3473 et
258 3413 387 3491 linguam
417 3414 446 3472 iu
476 3414 610 3484 allatum,
641 3412 720 3473 velut
748 3409 906 3487 ⁵sigillario
935 3410 1056 3470 ⁰motul
1086 3410 1271 3488 superficiem
1301 3411 1381 3470 intus

203 3514 360 3592 'agitante
406 3514 489 3575 Unde
512 3515 585 3573 baec
607 3513 667 3572 ⁸vis
695 3511 893 3588 ⁹incorp0rati
922 3509 1062 3571 animae?
1097 3509 1174 3570 uude
1203 3528 1309 3571 vacuae
1337 3511 1380 3570 rei

202 3615 303 3676 solida
325 3614 514 3694 propellere?
558 3615 615 3673 Sed
640 3612 788 3691 quomodo
811 3611 898 3671 divisi
920 3611 1056 3671 videntur
1078 3610 1108 3669 in
1131 3609 1252 3671 bomine
1272 3629 1381 3672 sensus

201 3716 378 3793 corporales
403 3725 433 3775 et
461 3712 698 3775 intellectuales?
742 3711 945 3790 Corporalium
975 3711 1057 3772 aiunt
1088 3729 1187 3772 rerum
1215 3710 1380 3789 qualitates,

203 3827 239 3877 ut
264 3817 404 3888 ¹⁰terrae‚
429 3825 460 3877 ut
481 3817 574 3895 ignis,
598 3813 804 3892 corporalibus
829 3812 969 3873 sensibus
985 3811 1175 3884 renuntiari·,
1198 3821 1231 3872 ut
1254 3812 1381 3884 ¹¹tactui⁹

199 3970 228 4019 8.
248 3985 320 4032 qnam
339 3972 360 4018 ai
380 3970 501 4032 corporali
520 3970 544 4017 b.
597 3969 621 4018 9.
641 3967 791 4028 derelinquet
811 3965 854 4014 BC.

277 4037 332 4099 Cap.
352 4038 388 4084 vt.
434 4037 454 4084 l.
475 4038 588 4085 Videntur
607 4037 666 4083 baec
685 4033 814 4082 Platonicis
832 4033 857 4081 ll.
920 4031 944 4080 2.
963 4034 983 4080 si
1003 4032 1074 4091 adsit,
1092 4041 1132 4081 aat
1150 4030 1279 4080 inanimale
1297 4047 1341 4080 om.
1355 4031 1381 4081 ll.

200 4105 228 4155 ³.
249 4107 290 4166 qui
310 4105 334 4155 ll.
371 4106 424 4167 quis
443 4105 626 4155 Fulullrrinur.
663 4104 739 4150 Possis
758 4102 822 4163 qrria.
856 4101 921 4149 llelet
939 4101 977 4149 Fr.
993 4101 1081 4148 Ionius.
1134 4100 1158 4148 t.
1177 4100 1336 4160 adagnoacam
1355 4099 1381 4146 Β.

201 4174 229 4221 5,
249 4173 384 4232 singillario
404 4190 425 4220 o.
477 4172 501 4220 6.
522 4172 641 4219 motusb.
696 4169 719 4215 l.
739 4170 867 4229 agitantem
887 4167 912 4215 ll.
970 4164 1097 4226 balab,
1118 4167 1381 4216 declararintlatirt'i.

200 4241 268 4288 risio
286 4240 343 4290 fleo.
379 4239 403 4288 9.
423 4240 584 4301 incorporalis
603 4239 626 4286 B.
665 4236 704 4284 10.
724 4235 839 4285 terraBC.
879 4235 917 4283 ll.
936 4233 1381 4295 tactu‚utvisub.‚caml”ulo.llraioo.

241 4375 265 4422 lr.
284 4372 421 4436 lucretius]
434 4375 502 4422 Lucr.
512 4374 544 4421 lle
555 4373 607 4421 dat.
620 4373 672 4420 liar.
685 4369 768 4428 t,305.
822 4382 884 4429 mog.
905 4382 957 4430 cap.
971 4366 1011 4414 tt.
1048 4366 1081 4414 lle
1099 4368 1195 4416 Resurr.
1215 4382 1285 4431 capp.
1297 4366 1321 4415 b.
1342 4366 1383 4415 ll.

239 4458 298 4520 Cap.
318 4458 355 4506 vt.
385 4474 405 4505 a.
426 4457 588 4519 corporalium
609 4451 698 4520 lormo]
719 4455 769 4503 lloc
824 4432 1162 4511 ¹5·25j‚3¹·‚37·5⁰·54·
1253 4480 1255 4484 .
1377 4500 1382 4510 ,

199 4534 242 4576 est
263 4540 342 4574 rerum
355 4526 517 4587 corporalium
530 4526 590 4584 lege,
606 4533 697 4572 natura.
717 4523 767 4579 (lti-
854 4503 877 4550 d·
897 4502 1015 4563 ⁵¹8'Hls'0
1041 4496 1118 4565 ¹⁰⁰¹¹¹l
1146 4502 1170 4551 v·
1188 4515 1250 4565 <1⁰¹⁸
1273 4508 1382 4549 ¹⁰⁰⁰¹⁸V¹

199 4593 275 4656 gast)
301 4590 768 4653 CfladnomdDemopopfflpgg·
822 4567 1184 4632 adldu.l'aleutiu.cap.18.
1229 4568 1380 4618 Cldriatot

823 4637 856 4685 lle
875 4635 961 4684 Mundo
981 4635 1069 4699 rapti.

237 4687 265 4734 b·
284 4680 359 4748 ⁶³Pi¹l
379 4686 414 4733 Cf·
434 4700 507 4747 sulm
527 4685 616 4732 ‘’dmu·
636 4685 664 4732 ³⁶
685 4699 728 4746 (ΒΡ
745 4683 769 4731 4·
857 4720 877 4753 e.
897 4699 1042 4767 renuntiari]
1062 4699 1382 4762 lodicari‚notari‚dalloiri;

237 4795 261 4827 c.
282 4773 381 4840 meritc]
411 4777 436 4825 ld
455 4786 491 4825 est
510 4783 694 4838 cousequenter.
730 4775 771 4823 Sic
824 4771 855 4819 cl.
872 4770 944 4832 paulo
959 4771 1020 4819 inira
1040 4786 1088 4830 „ue
1106 4772 1173 4820 dicos
1193 4770 1283 4819 idcirco
1298 4781 1327 4815 ea
1342 4778 1393 4829 per

198 4847 281 4896 utitur
300 4845 334 4894 [le
354 4846 430 4895 Carne
450 4844 505 4893 Cbr.
526 4859 578 4907 cap.
590 4843 614 4891 4.
639 4844 693 4891 Adi.
708 4842 770 4891 ller-
824 4839 956 4903 corporales
973 4841 1102 4890 reatuoticri
1120 4835 1241 4896 aauaoa.“,
1260 4832 1384 4885 etdaiudc

1175 4914 1231 4969 ³6*
