3242 5775
277 623 341 688 bdd
530 637 633 689 numm
656 637 789 680 sermm}
810 635 974 680 monearis
997 637 1194 681 rnnroncurn

275 789 312 853 ad
340 788 429 851 fldem
459 795 590 849 nostram
619 787 712 847 iactae
739 794 861 848 nataeve
890 785 1021 859 animae,
1055 787 1178 866 depulsa
1205 797 1254 850 est
1280 789 1439 870 pbiloscpll

277 890 379 970 opinio
401 887 576 950 auctoritate
598 887 772 967 prophetiae
794 905 922 967 quoque.

165 1011 256 1069 capr.
360 988 527 1052 Accerserit
548 987 694 1049 Eubulum
717 988 863 1067 aliquem·
890 995 922 1048 et
942 986 1102 1049 Critolaum
1125 998 1156 1050 et
1176 989 1395 1064 Xenocratem,
1419 1001 1444 1053 et

274 1091 336 1153 isto
358 1090 388 1152 io
410 1089 477 1152 loco
499 1089 624 1151 amicum
648 1087 779 1149 Platonis
800 1087 1001 1149 Aristotelem.
1056 1087 1232 1150 Fortassean
1263 1100 1444 1155 exstruentur

275 1192 370 1272 magis
392 1190 427 1252 ad
450 1190 639 1253 auferendam
662 1188 777 1249 animae
800 1188 1031 1268 corpulentiam,
1054 1189 1080 1252 si
1103 1190 1255 1253 nonalios
1271 1194 1445 1256 econtrario

276 1291 476 1373 inspexerint,
500 1300 528 1352 et
550 1290 669 1370 quidem
690 1289 803 1369 plures,
826 1307 936 1369 corpus
951 1290 1065 1351 animae
1084 1290 1278 1354 vindicantes.
1308 1292 1373 1356 Nec
1387 1293 1446 1356 illoc

275 1394 341 1456 dico
363 1393 447 1455 solos
469 1392 520 1471 qui
541 1409 607 1454 eam
628 1390 666 1451 de
687 1389 852 1452 manifestis
866 1390 1071 1470 corporalibus
1092 1391 1251 1470 effingunt,
1274 1403 1309 1455 ut
1323 1394 1447 1475 Hippar-

217 1515 222 1526 ·
275 1493 371 1555 musi
393 1500 423 1555 ct
438 1492 601 1555 Heraclitus
624 1510 658 1552 ex
682 1491 759 1570 igni,
782 1499 816 1552 ut
831 1488 967 1571 Hippon·
989 1501 1020 1552 et
1034 1491 1142 1553 Thales
1164 1511 1200 1553 ex
1217 1512 1309 1572 aque,
1332 1496 1446 1557 utEm-

274 1593 415 1675 peducles
431 1602 461 1655 et
475 1592 601 1654 Critiasl
622 1611 658 1654 ex
680 1592 834 1671 sanguine,
856 1599 890 1652 ut
904 1592 1049 1671 Epicurus
1072 1611 1108 1654 cx
1129 1594 1249 1664 atomis,
1272 1595 1299 1656 si
1316 1604 1350 1657 et
1363 1597 1448 1659 atoni

274 1694 476 1773 corpulentias
497 1694 535 1756 dc
556 1693 635 1755 coitu
658 1711 715 1755 suo
737 1703 863 1773 cogunt,
892 1701 925 1754 ut
945 1693 1093 1755 Critolaus
1116 1703 1147 1755 et
1166 1694 1360 1775 Peripatetici
1388 1698 1448 1760 eina

274 1812 309 1857 cx
331 1796 432 1873 quinta
453 1794 557 1856 nescio
579 1813 637 1874 qua
659 1793 824 1855 substantia
833 1804 854 1867 ·,
882 1795 909 1855 si
938 1806 968 1856 et
995 1795 1044 1856 illa
1066 1813 1192 1875 corpus,
1225 1796 1295 1876 quia
1325 1816 1449 1878 corpora

272 1894 410 1968 includit,
437 1928 479 1941 -
507 1896 560 1957 sed
589 1895 677 1956 ctiam
699 1893 836 1955 Stoicos*
861 1895 972 1974 allego,
1004 1896 1053 1975 qui
1080 1896 1215 1975 spiritum
1244 1897 1448 1976 praedicantes

274 1996 401 2060 animam
423 2013 518 2075 paene
540 1995 714 2069 nobiscum,
747 2013 803 2075 qua
826 1996 960 2076 proxima
989 1996 1066 2060 inter
1095 2015 1128 2059 se
1149 1998 1238 2060 llatus
1261 2006 1292 2059 ct
1314 1999 1447 2078 spiritns,

272 2104 372 2159 tamen
394 2113 503 2176 corpus
526 2079 760 2159 animam'lacile
781 2097 1014 2177 persuadebunt.
1066 2098 1199 2177 lienique
1221 2098 1324 2160 Zeno!
1346 2102 1447 2163 consi-

256 2205 335 2260 ·tnm
358 2198 495 2278 spiritum
517 2198 663 2261 deliniens
685 2198 812 2260 animam
842 2198 900 2260 boc
927 2200 1017 2259 modo
1040 2198 1170 2259 instruit
1224 2198 1311 2273 Quo,
1345 2202 1447 2282 inquit,

271 2298 408 2380 digresso
422 2298 531 2362 animal
545 2300 700 2372 emoritur,
716 2287 903 2378 corpus‘est:
926 2299 1043 2361 consito
1059 2310 1157 2360 autern
1170 2299 1278 2378 spiritu
1296 2301 1447 2381 ¹digresso

271 2400 379 2463 animal
401 2400 555 2473 emoritur,
579 2417 650 2480 ergo
671 2399 824 2462 'consitus
846 2399 969 2480 spiritus
985 2418 1094 2478 corpus
1110 2408 1172 2474 est3
1194 2401 1331 2462 consitus
1349 2411 1447 2464 autem

271 2501 393 2581 spiritus
424 2502 521 2563 anima
548 2510 610 2573 est,
646 2519 718 2580 erpo
740 2517 851 2579 corpus
874 2509 921 2564 est
949 2501 1055 2562 anima.
1105 2500 1172 2561 Vult
1198 2508 1229 2560 ct
1250 2499 1448 2564 'Cleanthes‘

270 2619 331 2662 non
355 2602 453 2661 solum
475 2601 612 2680 corporis
634 2601 839 2672 lineamentis,
861 2602 915 2660 sed
937 2611 967 2661 et
987 2602 1102 2662 animae
1123 2599 1204 2660 notis
1220 2600 1446 2665 similitudinem

269 2699 441 2779 parentibus
463 2699 493 2760 in
515 2700 610 2760 ⁴lilios
632 2700 834 2778 respondere,
863 2700 901 2761 dc
928 2698 1048 2778 speculo
1072 2698 1324 2776 scilicetmorum
1348 2712 1380 2764 ct
1398 2704 1444 2765 in·

269 2797 425 2880 geniorum
448 2806 479 2860 et
499 2799 682 2871 adfectuum,
711 2800 849 2879 corporis
871 2809 969 2862 autem
991 2799 1214 2861 similitudinem
1234 2810 1266 2862 et
1288 2801 1444 2866 dissimili·

163 2921 168 2927 ·
268 2901 402 2962 tudinem
424 2918 529 2980 capere
551 2910 581 2962 et
602 2901 740 2962 animam.
777 2901 878 2981 ltaque
900 2919 1009 2980 corpus
1032 2901 1216 2962 similitudini
1237 2902 1285 2964 rel
1307 2903 1443 2967 dissimi-

267 3001 385 3062 litudini
412 3001 584 3062 obnoxium.
636 3001 710 3062 item
740 3000 938 3081 corporalium
967 3009 997 3062 ct
1025 3001 1255 3081 incorporalium
1284 3005 1443 3084 passiones

268 3100 347 3162 inter
368 3121 402 3163 se
423 3119 485 3162 uon
507 3101 735 3163 communicare.
768 3103 864 3163 Porro
888 3111 918 3164 ct
938 3103 1064 3163 animam
1086 3103 1213 3183 compati
1235 3107 1376 3185 corpori,
1398 3107 1443 3169 cui

267 3201 350 3263 laeso
372 3202 497 3275 ictibus,
522 3202 711 3275 vulneribus,
733 3203 883 3264 ulceribus
905 3203 1104 3274 condolescit,
1133 3212 1162 3265 ct
1183 3222 1294 3284 corpus
1318 3207 1443 3281 animae,

266 3303 313 3365 cui
342 3304 474 3365 adllictae
504 3323 590 3376 cura,
621 3321 747 3382 angore,
781 3320 883 3364 amore
911 3303 1113 3365 ⁵cohaerescit
1145 3322 1198 3384 per
1232 3305 1442 3370 detrimentum

265 3405 359 3466 ⁸socii
386 3405 513 3484 vigoris,
547 3406 630 3466 cuius
658 3405 802 3484 pudorem
833 3411 862 3464 et
889 3403 1047 3482 ⁷pavorem
1077 3404 1186 3466 rubore
1214 3417 1303 3485 atque
1331 3409 1443 3488 pallore

265 3512 401 3578 testetur.
456 3506 547 3585 igitur
569 3506 666 3566 anima
687 3523 797 3584 corpus
821 3522 856 3565 ex
885 3505 1084 3584 corporalium
1106 3507 1282 3585 passionum
1304 3526 1441 3572 commn-

266 3605 365 3667 nione.
415 3606 474 3668 Sed
503 3613 533 3668 et
559 3604 756 3686 Chrysippusi
783 3623 904 3666 manum
934 3606 961 3666 ei
988 3605 1128 3686 porrigit,
1156 3607 1342 3685 constituens
1372 3629 1441 3671 cor-

263 3708 377 3784 poralia
399 3706 435 3767 ab
458 3707 694 3786 incorporalibus
716 3705 881 3783 derelinqui
903 3705 1026 3767 omnino
1055 3725 1116 3768 uon
1145 3726 1254 3785 posse,
1287 3712 1360 3788 quia
1386 3729 1443 3774 nec

332 3858 390 3920 Cap.
408 3856 433 3904 ll.
472 3857 493 3906 l.
513 3857 622 3919 digresso
641 3859 721 3907 oncB.
769 3857 792 3907 2.
812 3858 926 3908 Consitns
945 3867 1023 3908 antem
1043 3859 1142 3922 spiritus
1160 3859 1185 3907 E.
1238 3859 1263 3909 ³.
1281 3861 1399 3912 eleemos
1417 3863 1443 3913 b.

262 3922 517 3972 colliderentur.
568 3925 591 3972 5.
611 3926 759 3986 coaegrescit
776 3927 890 3976 leticiae.
932 3924 957 3976 b.
975 3927 1035 3976 socii
1054 3934 1077 3976 ct
1094 3928 1181 3990 vigoris
1199 3928 1225 3976 B.
1261 3928 1358 3980 scilicet
1375 3932 1444 3994 vigo-

264 3990 298 4038 ris
317 4007 345 4049 c,
366 4005 416 4040 com
433 3990 514 4040 Fulvio
534 3990 625 4041 llrrino.
677 3992 700 4040 'l.
719 4007 807 4055 pavore
826 3993 851 4041 E.

298 4087 356 4152 Cap.
374 4089 399 4137 t.
444 4105 467 4139 a.
492 4089 612 4140 Eubulum
641 4087 759 4157 aliquem]
785 4091 823 4142 Gi.
909 4107 930 4143 c.
955 4107 982 4141 er
1007 4093 1088 4156 quintu
1113 4093 1197 4143 nescio
1224 4094 1442 4166 quatuorcentis]

262 4154 331 4217 ilios.
349 4156 428 4206 laert.
446 4158 485 4217 lx,
501 4157 556 4208 ild.
875 4159 912 4210 ct
931 4160 981 4209 Cic
1000 4160 1099 4210 luscnl.
1119 4161 1136 4220 l,
1150 4161 1189 4210 lll.

297 4223 320 4270 b·
339 4221 503 4304 Hipparchus]
513 4225 617 4305 Milli·-
631 4240 654 4274 ¹¹¹
665 4225 748 4274 smmi·
757 4227 822 4305 5⁰¹9·
908 4244 925 4292 l.
944 4240 1052 4308 Stoicos]
1070 4244 1106 4294 Ci.
1119 4246 1246 4295 Nemeeius
1255 4245 1289 4295 lle
1302 4247 1358 4298 Not.
1370 4249 1441 4300 lion.

261 4288 333 4347 ¹.¹4·
360 4291 432 4368 lpus
450 4308 490 4355 ou
509 4307 554 4357 rw
572 4295 716 4356 limeum
734 4294 823 4373 lluum:
874 4325 927 4374 eap.
948 4310 970 4359 e.
1013 4312 1158 4362 recoleret.
1186 4304 1288 4373 ‘nura
1322 4316 1439 4384 neaqp.

259 4371 302 4405 sur
320 4360 501 4409 rescribendum
517 4368 690 4424 proponerent.
720 4360 822 4410 cmm-
873 4378 1441 4445 Ιῑδ,γ,μ545,ιοω,1γ,ορρ,-ς[.οιῑω

259 4431 318 4472 slot.
337 4425 438 4489 lletnpli.
457 4427 511 4486 1,3.
543 4428 688 4477 Theodorei.
707 4426 819 4492 Παθημ.
873 4445 907 4495 D„
926 4446 1004 4496 eme
1023 4447 1079 4496 Ch,
1099 4462 1151 4511 cap·
1165 4447 1204 4497 11,

255 4481 323 4536 ‘En‘
345 4491 369 4549 vr
389 4494 479 4555 PM·
498 4504 555 4545 ²⁰¹⁰·
567 4494 603 4544 Ν·
622 4495 684 4559 ΟΡΡ·
696 4495 733 4544 ‘¹¹‘
746 4496 820 4545 Μ’·
907 4544 929 4591 g.
949 4526 1026 4594 Zeno]
1046 4531 1112 4591 llioq.
1132 4531 1210 4582 baert.
1220 4530 1270 4594 vll,
1279 4532 1337 4585 156.
1356 4535 1440 4587 'l'beo-

258 4557 444 4685 Amemili'pqqon]
475 4560 512 4611 Cl.
538 4563 636 4612 Aristot.
663 4562 679 4612 Ι.
694 4562 710 4612 l.
740 4571 763 4613 et
787 4562 822 4612 lle
874 4596 951 4646 dom·
970 4597 1013 4647 ΙΙΙ,
1034 4599 1125 4661 ΡΜ.

293 4694 315 4740 d.
336 4693 495 4756 Empedocles
513 4705 536 4745 et
554 4693 653 4760 Critias]
672 4697 708 4747 ci.
724 4698 821 4748 Aristot.
905 4681 929 4729 ¹¹·
949 4678 1091 4745 C¹⁰⁸¹¹¹¹¹⁰⁸i
1119 4682 1215 4761 Nemi·
1239 4682 1274 4733 ⁰0
1292 4685 1347 4736 Nol.
1367 4687 1440 4740 llom.

259 4758 293 4807 ilc
311 4761 393 4810 Anima
412 4762 431 4823 l,
443 4761 466 4812 2.
486 4763 589 4812 blecrob.
609 4765 632 4812 in
651 4765 734 4816 Some.
754 4766 819 4830 Scip.
870 4747 947 4812 9⁸33·
966 4749 1006 4798 76·
1025 4749 1106 4799 Μῑῑῑὴ·
1142 4750 1178 4801 cf·
1198 4751 1260 4801 'nsi'
1279 4752 1389 4816 αῬιῖἷλ

258 4825 276 4885 Ι,
291 4827 330 4877 lt.
906 4833 921 4881 i.
940 4829 1101 4898 Chrysippus]
1125 4834 1221 4885 Nemes.
1240 4835 1257 4885 l.
1271 4836 1286 4886 l.
1305 4836 1441 4900 passa.
