3242 5775
333 679 395 748 078
580 693 681 747 onmrr
703 666 834 739 sermm
853 687 1019 737 rnonnnrrs
1040 687 1235 735 rsnrnnmsm

186 831 451 931 1,.,1m‚24,ahsque
471 861 520 909 me
542 861 602 907 non
624 852 684 917 est,
707 840 811 923 quise
833 839 966 916 unicum,
998 837 1050 904 sed
1072 855 1137 903 oum
1158 839 1236 914 filio,
1260 841 1409 916 ostendit,
1432 861 1500 907 eum

336 967 394 1030 qno
417 947 527 1009 eaelum
550 946 632 1010 solus
655 943 793 1007 extendit

204 1067 318 1127 esp.er
419 1047 497 1123 Quin
519 1059 548 1110 et
574 1048 632 1110 hoo
659 1047 768 1108 dictum
795 1044 859 1106 eius
888 1044 919 1106 in
946 1050 1150 1123 argumentum
1179 1044 1389 1124 singularitatis
1419 1046 1498 1109 arri·

260 1147 432 1233 propient:
455 1149 597 1222 Extendi,
619 1146 729 1227 inquit,
752 1146 863 1207 eaelum
885 1146 976 1208 solus.
1010 1145 1157 1218 Quantum
1179 1145 1215 1207 ad
1231 1155 1344 1208 reteras
1359 1146 1499 1221 virtutes,

335 1251 432 1326 solus,
453 1258 645 1331 praestruens
664 1247 808 1310 adversus
822 1245 1011 1333 'coniecturas
1027 1245 1257 1321 haeretieorum,
1281 1247 1329 1327 qui
1353 1247 1497 1310 mundum

335 1354 372 1418 'ah
393 1349 504 1434 angelis
526 1359 556 1412 et
575 1348 770 1430 potestatibus
792 1347 918 1410 diversis
939 1347 1040 1409 volunt
1071 1356 1228 1420 structum,
1261 1349 1310 1427 qui
1339 1358 1369 1410 et
1398 1350 1498 1430 ipsum

336 1462 497 1519 creatorem
512 1459 562 1514 aut
576 1450 709 1530 angeium
724 1449 840 1523 iaciunt,
863 1448 961 1511 autad
977 1449 1031 1510 alia
1047 1468 1121 1529 quae
1136 1450 1330 1522 extrinsecus,
1353 1459 1387 1511 ut
1405 1470 1496 1530 opera

336 1555 454 1628 mnndi,
484 1555 668 1633 ignorantem
690 1568 806 1632 quoque
827 1549 1028 1612 subornatum.
1073 1551 1128 1612 hut
1156 1550 1182 1611 si
1210 1550 1253 1612 sio
1274 1549 1357 1613 sotus
1382 1553 1496 1614 eaelum

336 1651 480 1729 extendit,
509 1651 658 1734 quomodo
680 1651 730 1714 isti
752 1659 944 1731 praesumunt
971 1651 1002 1712 in
1023 1669 1194 1730 perversum
1216 1651 1371 1725 haeretici,
1411 1652 1495 1732 quasi

224 1750 314 1846 ,ῗῇοῆ
338 1754 494 1839 singularis
515 1773 576 1817 non
599 1753 768 1815 admittatur
789 1752 893 1832 sophia
914 1752 961 1814 illa
983 1752 1100 1826 dicens,
1123 1751 1195 1813 Cum
1216 1762 1333 1831 pararet
1355 1753 1497 1830 'caelum

187 1833 327 1923 nominer
337 1878 391 1939 ego
414 1858 530 1922 adoram
551 1853 635 1917 ‘mit
677 1854 712 1917 Et
734 1854 761 1916 si
787 1853 879 1915 'dixit
904 1853 1076 1935 apostolus,
1106 1852 1180 1927 Quis
1208 1854 1344 1933 cognovit
1372 1874 1495 1918 sensum

336 1953 462 2033 domini,
485 1957 602 2038 etquis
623 1955 665 2017 ihi
686 1956 810 2018 consilio
834 1953 909 2018 rurtt
930 1956 1030 2035 utique
1051 1964 1166 2035 praeter
1182 1956 1315 2035 sophiam
1330 1955 1397 2030 ‘ait
1422 1977 1496 2038 quae

237 2054 327 2157 ffi·
340 2060 380 2122 ilii
402 2059 511 2121 aderat.
555 2057 586 2119 in
609 2058 676 2144 ipso
697 2066 793 2118 tannen
817 2065 846 2117 et
867 2075 932 2118 eum
954 2055 1003 2118 iilo
1025 2057 1159 2119 universa
1187 2057 1405 2136 compingebat,
1434 2077 1496 2120 non

336 2161 488 2242 ignorante
507 2157 578 2240 quid
600 2159 717 2220 iaceret
750 2158 870 2219 Praeter
891 2158 1027 2238 sophiam
1048 2166 1145 2219 autem
1166 2158 1287 2220 Praeter
1306 2159 1398 2221 filium
1414 2161 1496 2232 dicit,

337 2263 385 2344 qui
406 2271 455 2324 est
470 2241 620 2333 Christus,
644 2259 748 2339 sophia
770 2267 801 2320 et
820 2259 913 2321 virtus
936 2258 999 2331 dei,
1022 2259 1182 2320 seeundum
1203 2259 1388 2339 apostolum,
1412 2260 1497 2324 solus

186 2372 320 2427 10⁰⁵&st
338 2364 435 2429 sciens
456 2377 576 2426 sensnm
597 2362 700 2441 patris.
744 2359 818 2432 Quis
841 2359 919 2421 enirn
940 2359 995 2421 seit
1016 2378 1089 2438 quae
1112 2360 1232 2421 suntin
1255 2360 1326 2432 deo,
1350 2361 1405 2423 nisi
1427 2364 1493 2441 spi-

318 2467 429 2539 ritns,
454 2461 556 2544 quiin
578 2461 644 2542 ipso
667 2459 738 2524 esti
766 2478 827 2522 non
848 2461 898 2540 qui
920 2470 1000 2524 extra
1019 2462 1128 2541 ipsum.
1178 2461 1247 2523 Erat
1269 2479 1339 2541 ergo
1361 2463 1410 2543 qui
1432 2482 1494 2525 non

337 2565 431 2630 solum
454 2564 540 2626 deum
563 2563 686 2635 taceret,
708 2560 766 2623 nisi
787 2581 804 2623 a
826 2561 931 2623 ceteris
954 2561 1060 2623 solum.
1092 2561 1167 2623 ‘Sed
1190 2571 1218 2624 et
1240 2564 1420 2642 evangeiinm
1443 2583 1494 2627 re-

252 2674 476 2738 nnuensetnr,
498 2663 576 2744 quod
598 2663 674 2726 dieat
695 2663 792 2725 omnia
812 2680 869 2743 per
888 2679 1055 2725 sennonem
1077 2683 1093 2726 a
1115 2664 1170 2725 deo
1192 2663 1265 2726 tacta
1281 2683 1365 2738 esse,
1387 2675 1417 2727 et
1431 2666 1497 2728 sine

213 2759 391 2863 xinhs.⁸⁰⁰
412 2766 486 2827 nihil
507 2766 623 2827 tactum.
666 2764 730 2826 Nisi
753 2764 830 2826 enirn
853 2763 937 2826 failor
958 2773 987 2825 et
1007 2764 1075 2826 aiihi
1098 2765 1238 2844 scriptum
1265 2775 1325 2827 est:
1348 2766 1497 2830 Sermone

339 2869 404 2933 eius
427 2866 499 2929 caeli
520 2865 625 2928 firmati
647 2874 731 2940 sunt,
754 2874 784 2928 et
804 2865 929 2946 ⁷a‘piritu
951 2866 1015 2928 eius
1036 2865 1158 2928 'omnes
1177 2866 1429 2931 virtuteseorurn.
1456 2867 1498 2932 Et

339 2984 437 3034 sermo
458 2972 565 3040 autem
588 2968 680 3029 virtus
703 2976 731 3029 et
752 2968 866 3046 sophia,
888 2967 953 3048 ipse
975 2969 1031 3030 erit
1050 2966 1098 3030 dei
1117 2970 1204 3030 filins.
1235 2968 1277 3031 ita
1293 2969 1318 3029 si
1332 2988 1388 3049 per
1401 2971 1495 3032 fitium

338 3070 451 3142 omnia,
484 3066 594 3130 eaelum
617 3083 732 3147 quoque
760 3085 814 3148 per
845 3068 936 3130 filium
963 3069 1125 3133 extendes!
1155 3088 1215 3131 non
1242 3069 1322 3131 solus
1349 3071 1495 3144 extendit,

336 3166 394 3235 nini
415 3170 463 3233 tua
483 3169 599 3232 ratione
619 3168 692 3249 'qna
713 3188 730 3231 a
748 3169 857 3231 ueteris
880 3170 974 3232 solus.
1022 3172 1116 3251 hique
1144 3171 1216 3233 adeo
1247 3171 1342 3233 statim
1370 3172 1406 3232 de
1429 3172 1494 3234 filio

187 3274 476 3354 resumtaloqnitm.
513 3271 587 3345 Quis
609 3271 683 3332 alius
706 3271 810 3334 deieoit
832 3271 915 3350 signa
936 3272 1187 3352 ventriloquorum
1209 3280 1239 3333 et
1259 3273 1454 3335 divinationes
1475 3295 1493 3336 a

336 3374 441 3447 eorde,
463 3381 597 3436 avertens
619 3372 766 3453 sapientes
788 3380 953 3435 retrorsum
975 3381 1005 3433 et
1024 3372 1178 3435 consilium
1196 3391 1300 3435 eorum
1322 3373 1495 3436 infatuans?

186 3478 446 3539 munumstsrens
466 3475 554 3537 rerha
575 3474 627 3536 tilii
650 3474 723 3547 sui·‚
751 3474 875 3536 dicendo
903 3472 1029 3547 scilicet,
1062 3474 1117 3536 iiie
1138 3483 1184 3535 est
1206 3475 1281 3537 tilius
1303 3493 1387 3537 mens
1415 3476 1491 3538 dile·

336 3586 416 3651 etus,
434 3577 518 3639 inino
530 3576 637 3639 audite.
666 3572 710 3641 lta
724 3576 816 3638 tilium
831 3574 1010 3656 subiungens
1031 3575 1096 3654 ipse
1116 3576 1327 3655 interpretator
1347 3587 1395 3641 est
1416 3596 1492 3658 quo-

336 3676 425 3741 modo
444 3678 557 3740 ¹eaelum
578 3678 661 3740 solus
684 3677 861 3750 extenderit,
888 3676 999 3739 scilieet
1020 3694 1085 3738 oum
1107 3678 1166 3738 tilio
1196 3677 1294 3751 solus,
1328 3678 1405 3741 sieut
1426 3698 1491 3742 oum

186 3780 396 3843 rsexunaefflio
419 3794 518 3840 unum.
560 3778 688 3840 Proinde
710 3787 739 3840 et
759 3778 810 3839 diii
833 3778 887 3840 erit
907 3794 981 3838 vox:
1008 3776 1130 3840 Extendi
1158 3778 1267 3841 oaelurn
1296 3779 1397 3853 solus,
1425 3781 1492 3860 quia

208 3875 323 3977 uffin-
338 3892 476 3942 sermone
497 3877 567 3940 caeli
586 3879 753 3940 'confirmati
774 3887 853 3941 sunt.
886 3877 960 3952 Quia
979 3879 1083 3959 sophia
1106 3879 1161 3940 ¹⁰in
1178 3897 1316 3941 sermone
1331 3879 1493 3943 adsistente

335 3986 467 4062 partitum
488 3987 534 4040 est
555 3978 680 4053 eaelum,
711 3988 741 4041 et
761 3981 860 4042 omnia
881 3998 936 4060 per
956 3998 1122 4042 sermonem
1145 3991 1214 4043 sunt
1234 3979 1324 4053 faeta,
1353 3982 1493 4064 competit

337 4086 367 4141 et
393 4078 483 4140 hlium
513 4075 608 4141 solnm
634 4079 802 4142 extendisse
830 4080 955 4156 eaelum,
994 4081 1061 4161 quia
1092 4081 1173 4144 solus
1202 4082 1368 4162 operationi
1400 4084 1493 4165 patris

194 4190 324 4245 nexunt.
339 4180 524 4242 ministrarit.
565 4180 645 4243 idem
668 4182 724 4244 erit
745 4181 862 4243 dicens:
894 4180 956 4262 Ego
984 4183 1113 4264 primus,
1142 4192 1173 4244 et
1193 4183 1251 4243 ¹¹in
1277 4193 1491 4263 superventura

404 4334 461 4398 Csp.
478 4335 535 4385 xix.
576 4335 597 4384 l.
616 4335 698 4385 enetos
715 4336 751 4386 ed.
808 4333 832 4385 2.
851 4335 885 4384 iiii
903 4335 982 4385 simui.
1013 4337 1042 4386 Et
1058 4338 1095 4386 ed.
1154 4334 1178 4385 3.
1197 4336 1254 4385 dixit
1271 4337 1407 4400 apostotus,
1433 4339 1492 4397 Quis

338 4403 369 4461 d„
389 4417 439 4450 curs
455 4403 534 4452 Putria
554 4403 643 4453 Ursino.
685 4403 750 4461 dixit,
774 4404 828 4466 qnis
850 4404 935 4455 Adsis.
956 4406 1017 4454 teid.
1075 4403 1099 4452 t.
1122 4403 1155 4452 sit
1177 4407 1209 4465 d,
1235 4419 1264 4453 ee
1286 4408 1398 4454 emendet.
1417 4407 1491 4455 Frisii

338 4469 421 4519 Ursini.
461 4484 507 4520 non
532 4471 576 4519 init
592 4474 625 4532 h,
646 4478 667 4521 et
686 4472 788 4520 Latinius
805 4486 835 4520 ea
852 4473 929 4522 codiee
946 4473 1023 4536 oiiquo
1045 4471 1159 4521 Vaticano.
1203 4472 1246 4520 init
1269 4471 1338 4523 aeae.
1357 4474 1421 4523 Leid,
1465 4471 1488 4520 5.

336 4536 383 4585 Sed
402 4544 425 4585 et
441 4538 506 4587 obed
541 4538 588 4587 Sed
604 4538 647 4589 ᾺΒ.
666 4539 729 4588 isid.
768 4537 792 4587 d.
812 4539 865 4602 ipso
882 4541 907 4588 t.
925 4539 987 4589 Laid.
1027 4538 1050 4587 ¹1.
1069 4540 1154 4604 spiritu
1172 4541 1222 4589 oris
1240 4539 1291 4589 eius
1309 4540 1489 4602 d.,essst1ss'o

338 4605 426 4654 Ursino.
467 4604 491 4654 8.
509 4614 592 4654 ornnes
608 4606 705 4656 virtutes
722 4606 777 4657 Acri.
794 4606 868 4667 aeta„
887 4608 1053 4656 tresi'ots‘eons'.
1089 4608 1167 4656 omnis
1185 4609 1257 4657 virtus
1274 4610 1366 4673 retipss'.
1399 4606 1422 4656 9.
1441 4621 1486 4669 qus

336 4672 452 4722 sceleris
471 4672 527 4733 Ptin
544 4686 623 4737 usurp„
643 4689 672 4724 es
690 4674 855 4737 duismiensi,
874 4676 899 4723 si
914 4676 1036 4738 sottorid,
1056 4675 1120 4724 iure,
1134 4676 1237 4725 Ursinus.
1279 4690 1325 4740 qua
1349 4677 1378 4724 ds
1401 4673 1488 4723 ceteris

334 4743 359 4792 A.
377 4741 440 4791 aaa.
474 4755 519 4805 qus
538 4740 623 4790 ceteris
640 4743 707 4793 Pohe.
759 4740 798 4790 1⁰.
817 4741 841 4791 id
858 4749 896 4792 est
911 4756 1023 4792 sermone
1041 4744 1073 4804 d,
1093 4758 1142 4794 eum
1151 4744 1231 4795 Proteia
1243 4744 1324 4795 Ursino
1336 4742 1489 4793 afnimai.

337 4808 377 4858 11.
395 4809 492 4872 insuper
510 4815 607 4858 rentnrs
624 4809 647 4859 d.

369 4910 425 4974 Cap.
443 4909 500 4961 xix.
544 4925 566 4960 s.
583 4909 670 4961 sistens
687 4902 756 4962 'verbs
775 4910 817 4962 diii
834 4905 884 4977 sui]
902 4909 938 4963 Gi.
956 4910 1012 4962 dds.
1028 4911 1101 4964 hiere.
1118 4910 1155 4974 IV,
1166 4910 1207 4963 ²2
