3242 5775
508 612 547 656 ns
568 612 815 657 ussnnnscrronr
837 612 949 656 csenss.
1252 598 1318 664 4⁷3

147 782 219 843 iprae
246 760 412 836 intercidit,
446 761 506 824 ¹³ut
533 762 654 824 claudus
683 770 713 823 et
740 762 842 824 luscus
870 761 928 823 uet
949 780 1054 824 caecus
1077 747 1108 824 el
1128 747 1267 843 leprosus
1289 772 1319 826 et

148 864 320 945 paralyticus
345 863 572 936 ¹'revertuntun
607 874 639 924 nt
666 863 784 925 redisse
812 881 872 923 non
894 862 984 940 libeat
1004 862 1248 944 adpristinuml
1280 882 1318 925 an
1374 914 1381 923 .
1428 929 1431 936 ,
1490 851 1499 860 ’

150 966 266 1046 integri,
295 965 456 1026 utiterum
481 964 548 1025 talia
571 964 631 1045 pati
655 962 799 1026 timeant?
847 963 925 1037 Quid
949 973 1010 1025 tum
1033 965 1070 1026 de
1096 963 1319 1044 consequentiis

151 1064 279 1129 omisit
315 1065 471 1128 Rursusne
494 1065 592 1126 omnia
615 1064 784 1127 necessaria
805 1064 864 1140 illi,
888 1073 918 1127 et
937 1065 1075 1145 inprimis
1099 1065 1206 1145 pabula
1230 1073 1319 1145 atque

106 1165 107 1175 ’
139 1166 312 1247 puoto,
328 1175 359 1228 et
379 1166 571 1246 pulmonibus
598 1165 788 1238 hatandans,
822 1174 852 1227 et
880 1165 1031 1227 intestinis
1054 1166 1267 1242 aestuandum,
1289 1174 1320 1228 et

153 1267 289 1347 pudendis
311 1286 373 1329 nou
388 1268 576 1346 pudendum,
600 1274 630 1327 et
644 1266 783 1329 omnibus
799 1266 940 1328 membris
955 1265 1174 1328 laborandum?
1202 1267 1318 1331 Rursus
1387 1346 1392 1357 Ι

106 1405 108 1418 ·
155 1369 239 1431 ulcera
262 1376 293 1431 et
314 1369 434 1430 vulnera
458 1378 489 1430 et-
508 1368 602 1431 lebris
626 1368 683 1429 ¹⁶et
703 1367 835 1448 podagra
857 1376 887 1429 et
908 1386 991 1429 mors
1015 1367 1230 1448 ¹⁷reoptandal
1262 1368 1318 1430 Ni·
1488 1357 1496 1364 ’

155 1471 249 1531 uirum
273 1467 347 1531 baec
369 1478 457 1531 erunt
477 1478 544 1531 rota
567 1469 665 1558 carnis
687 1468 923 1548 recuperandae,
957 1468 1063 1531 iterum
1093 1488 1203 1550 cupere
1225 1468 1262 1531 de
1284 1488 1318 1532 ea

156 1571 277 1631 eradere.
310 1570 348 1631 Et
369 1589 427 1633 nos
448 1571 567 1650 quidem
589 1571 663 1631 haec
684 1570 832 1649 aliquanto
854 1569 1011 1631 honestius
1032 1588 1088 1648 pro
1110 1571 1171 1633 stili
1191 1571 1317 1651 pudore.

157 1668 282 1732 &terum
304 1679 445 1749 quantum
469 1672 557 1733 etiam
582 1671 809 1750 ¹‘spurciloquio
826 1670 912 1731 liceat
925 1670 1043 1731 illorum
1058 1670 1090 1731 in
1105 1670 1317 1750 congressibus

158 1768 325 1852 ¹’experire,
348 1780 407 1833 mm
430 1771 615 1834 ethnicorum
628 1791 724 1852 quam
747 1771 975 1836 baereticorum.
1018 1781 1020 1786 '

229 1871 323 1951 lgitur
345 1872 484 1951 quoniam
507 1882 537 1934 et
558 1873 649 1934 rudes
672 1874 780 1953 quique
809 1873 846 1933 de
869 1870 1075 1933 communibus
1097 1870 1193 1933 adbuc
1210 1872 1316 1933 sensi·
1336 1879 1427 1938 capr.

157 1967 203 2033 bus
223 1972 362 2052 sapiunt,
390 1982 420 2034 et
442 1973 522 2034 dubii
547 1981 576 2033 et
598 1973 748 2053 simplices
775 1991 831 2052 per
852 1973 974 2034 eosdem
997 1990 1106 2034 sensus
1129 1972 1245 2034 ¹denum
1267 1972 1316 2034 in-

158 2070 328 2149 quietantur,
361 2080 392 2134 et
413 2073 522 2153 ubique
543 2073 674 2153 ’primus
702 2074 760 2134 iste
788 2074 819 2134 in
848 2092 904 2135 nos
932 2074 1010 2135 aries
1038 2063 1237 2154 'temperatur
1257 2093 1317 2154 quo

108 2205 110 2210 ·
158 2173 239 2234 urnis
262 2171 400 2234 condicio
422 2173 611 2254 ‘quassatum
645 2173 814 2236 necessario
844 2183 874 2234 et
901 2193 917 2234 a
945 2173 1032 2236 uobis
1060 2174 1158 2236 carnis
1188 2175 1318 2255 primunt

158 2274 279 2335 condicio
301 2273 468 2348 munietur,
491 2275 707 2354 vituperatione
729 2274 897 2336 laudatione
918 2274 1052 2354 depulsa.
1081 2275 1125 2335 lta
1139 2293 1198 2336 nos
1213 2275 1318 2337 rheto-

158 2372 231 2436 ricari
252 2392 373 2454 quoque
394 2385 558 2455 provocant
578 2374 733 2448 haeretici,
757 2376 834 2435 sicut
855 2374 961 2435 letiam
977 2375 1194 2457 philosophari.
1223 2375 1318 2437 Futile

159 2482 182 2534 et
199 2475 337 2537 lrirolum
359 2475 437 2536 istud
461 2477 687 2556 corpusculum,
711 2475 789 2554 qnod
813 2474 921 2537 malum
944 2475 1073 2554 denique
1095 2476 1242 2556 appellare
1256 2494 1318 2538 non

158 2570 286 2649 horrent,
310 2576 367 2637 etsi
389 2577 560 2655 angelornm
585 2576 691 2651 luisset
712 2576 865 2656 operatio,
893 2586 927 2637 ut
948 2577 1109 2638 Menandro
1132 2585 1162 2639 et
1183 2576 1318 2639 ‘Marco‘

158 2674 266 2751 placet,
278 2676 336 2738 etsi
359 2676 438 2755 ignei
460 2677 584 2739 alicuius
601 2678 763 2739 exstructio
779 2695 872 2755 aeque
887 2678 1000 2756 angeli,
1023 2688 1056 2740 nt
1067 2678 1184 2757 Apelles
1200 2675 1333 2753 domt⁸,'

160 2778 297 2866 sufficeret
319 2778 355 2837 ad
378 2778 581 2839 anctoritatem
604 2778 701 2839 carnis
722 2776 906 2838 'secundae'
929 2778 1090 2841 divinitatis
1110 2778 1319 2861 patrocinium.
1388 2829 1393 2836 .

159 2876 272 2958 Angelos
294 2887 366 2959 post
388 2878 476 2940 deum
499 2878 643 2941 novimus.
681 2880 747 2945 lam,
764 2898 843 2940 nunc
864 2877 1016 2958 'quisquis
1031 2880 1079 2943 ille
1095 2900 1230 2943 summus
1245 2879 1318 2944 deus

160 2973 284 3042 haeretici
314 2979 456 3058 cuiusque
486 2988 548 3051 est,
583 2999 642 3040 uon
671 2979 819 3054 immerito
847 2980 883 3040 ab
915 2980 981 3059 ips'o
1004 3000 1123 3061 qnoque
1144 2979 1321 3045 deducerem

160 3083 244 3142 tarnis
267 3080 457 3159 dignitatem,
480 3101 495 3140 a
519 3100 577 3159 quo
600 3082 737 3141 voluntas
758 3081 968 3158 producendae
984 3081 1012 3141 ei
1027 3082 1181 3144 adfuisset.
1212 3082 1321 3162 Utique

160 3181 225 3243 euim
247 3180 453 3262 prohibuisset
475 3181 539 3241 lieri
562 3200 649 3259 quam
672 3181 737 3241 fieri
760 3181 884 3253 scisset,
908 3181 934 3241 si
956 3181 1021 3241 beri
1043 3181 1201 3243 noluisset.
1233 3182 1277 3244 lta
1292 3191 1323 3246 et

160 3283 312 3344 semndum
336 3281 405 3342 illos
427 3301 521 3361 aeque
544 3302 612 3342 caro
635 3282 681 3342 dei
705 3299 763 3341 res.
796 3279 893 3342 'Nihil
916 3280 1016 3359 operis
1040 3280 1188 3342 non'eius
1209 3282 1321 3361 estqui
1370 3314 1376 3324 ·

159 3467 191 3517 ts.
209 3476 230 3517 et
247 3468 329 3529 (nidd.
385 3467 423 3516 14.
442 3474 465 3516 et
483 3468 614 3517 corallion.
670 3466 707 3514 15.
727 3472 876 3515 revertentur
892 3466 918 3516 A.
973 3464 1012 3514 lb.
1032 3466 1055 3514 'et
1073 3464 1179 3528 podagra
1198 3462 1320 3514 oeteo.

155 3537 243 3585 Addidit
266 3538 367 3600 prisione
390 3537 418 3584 de
442 3538 491 3584 sois
514 3531 581 3583 libris
601 3535 738 3595 Gnnqneios.
800 3532 839 3580 ll.
864 3533 996 3595 reoptanda
1024 3532 1049 3581 Β.
1067 3532 1244 3582 treslotieoei.
1281 3545 1322 3579 re·

155 3605 235 3666 plaude
253 3605 279 3654 t.
315 3603 464 3666 redoptanda
483 3604 575 3665 reliqui.
622 3601 660 3650 18.
680 3599 846 3663 spurciloquio
865 3599 1003 3650 liceatBCe.
1022 3599 1191 3649 tresl'oticoni.
1226 3597 1323 3661 spurci·

154 3671 255 3735 loquium
274 3671 385 3720 licente.
421 3671 578 3733 spurciloquii
599 3669 668 3718 liceat
685 3670 725 3718 Ab.
771 3666 930 3731 spurciloquii
950 3666 1005 3715 licot
1023 3668 1055 3727 d,
1075 3682 1126 3717 com
1143 3666 1224 3715 roton
1238 3665 1321 3715 Ursino

153 3740 255 3803 ethsp.
274 3739 392 3802 Scioppio.
448 3737 485 3786 tu.
505 3737 614 3800 experire
632 3752 681 3798 eqo.
717 3735 820 3799 experiri
839 3735 894 3784 libri
910 3750 997 3784 omnes.

216 3805 320 3870 Capi.
365 3804 388 3855 1.
407 3804 666 3867 inquietenturdenuo
686 3805 711 3854 t.
764 3801 787 3851 2.
806 3802 986 3865 primnsllcd.
1023 3802 1046 3850 in
1064 3798 1150 3864 primis
1167 3799 1261 3864 reliqui.
1297 3796 1323 3849 3.

151 3882 303 3937 componatur
320 3871 360 3937 qui
378 3873 403 3920 A.
456 3872 480 3920 t.
499 3880 626 3935 quassetur
643 3873 668 3920 Α.
727 3871 751 3918 5.
770 3870 943 3932 vituperatione
966 3869 1104 3919 laudatione
1127 3867 1229 3931 depulsa
1246 3866 1324 3918 tntu

150 3947 194 3990 tres
215 3941 325 3991 Vaticani.
359 3939 558 4003 vituperationem
579 3938 715 3987 laudatione
733 3937 843 3999 depellas
861 3938 912 3988 bed.
959 3937 983 3986 5.
1003 3937 1074 3986 etism
1093 3935 1172 3985 cond
1214 3932 1238 3984 6.
1257 3948 1323 3984 rutr-

149 4009 185 4057 eio
203 4008 228 4056 B.
264 4007 379 4057 Marcioni
398 4009 443 4056 dno
455 4008 564 4055 Vaticani.
618 4006 641 4054 l.
660 4005 743 4054 sedern
762 4005 787 4053 B.
822 4004 954 4054 secundum
972 4004 1017 4054 td.
1076 4002 1101 4053 8.
1119 4003 1223 4066 quisque
1240 4001 1281 4055 ille
1300 4009 1325 4051 st

148 4088 257 4124 munus
275 4080 301 4125 A.
345 4074 369 4122 9.
390 4074 446 4122 nibil
467 4089 514 4122 non
534 4081 579 4131 est,
598 4074 649 4122 eins
667 4078 737 4123 estA.
773 4072 836 4121 Nihil
856 4073 938 4143 operis
957 4086 1005 4121 non
1024 4080 1069 4132 est,
1088 4070 1188 4120 einsest
1205 4069 1228 4120 d.
1264 4067 1324 4120 uiltil

149 4141 231 4207 operis
248 4156 297 4190 nou
316 4150 353 4191 est
370 4141 394 4191 d.
430 4142 493 4190 Nihil
513 4142 594 4203 operis
613 4155 661 4189 non
680 4148 717 4189 est
734 4141 786 4188 eius
804 4156 826 4189 o.

182 4277 200 4324 l.
218 4275 248 4324 de
266 4275 447 4339 consequentiis
473 4270 565 4339 cernis]
593 4274 630 4324 Cl.
649 4273 711 4323 intra
763 4272 935 4322 Tertullianus.
978 4269 1109 4319 llenrnder
1132 4268 1191 4318 illud
1209 4268 1325 4327 babuitu

151 4359 204 4409 cop.
215 4343 256 4392 oo.
276 4350 300 4392 et
318 4357 370 4405 cap.
381 4342 422 4391 61.
763 4341 871 4399 Simone,
890 4337 1110 4401 cuiusdiscipulus
1128 4337 1180 4385 luit.
1213 4335 1250 4386 ct.
1267 4335 1324 4386 hdr.

182 4427 205 4473 g.
224 4410 382 4474 pulmonibus
408 4404 549 4473 notandum]
573 4407 712 4471 hletrpbort
764 4408 854 4457 Omnes
873 4408 943 4457 llaer.
962 4419 1015 4468 cup.
1031 4404 1054 4453 1.

149 4479 179 4527 ἀΰ
217 4477 356 4536 5¹⁸⁰⁰l¹ll⁸v
391 4476 593 4540 q⁰⁶m⁸dm⁰d⁰m
623 4476 712 4553 ¹:⁰³⁰?
798 4507 821 4557 b.
846 4515 871 4555 ut
894 4506 991 4568 Apelles
1014 4501 1098 4567 docet]
1124 4503 1162 4554 Cl.
1190 4497 1226 4555 De'
1247 4504 1326 4555 Carus

149 4547 180 4596 de
199 4545 222 4594 la
241 4544 318 4593 Certis
338 4552 429 4603 censet,
454 4543 489 4591 nel
508 4544 538 4591 de
556 4544 669 4601 braehus,
689 4541 712 4590 sd
766 4574 823 4624 Chr·
847 4588 900 4636 cap·
917 4573 941 4623 0·
978 4573 1011 4621 Ι),
1034 4572 1197 4637 mmm„
1215 4571 1255 4622 23.
1291 4571 1325 4619 υ.

149 4612 296 4691 estpinnis,
324 4611 582 4689 piscium'desumpta,
611 4622 714 4672 quornm
766 4641 875 4690 mem·
895 4641 988 4689 num
1008 4638 1109 4704 ΨΜ.

149 4680 239 4731 similis
250 4686 287 4728 est
300 4688 381 4728 motus
390 4687 549 4741 reciprocetur
563 4677 714 4742 pulmonum.

184 4747 247 4810 cap.
266 4747 289 4793 V.
335 4763 357 4796 a.
381 4755 407 4794 nt
433 4746 563 4795 Menandro
588 4752 612 4794 et
634 4744 714 4793 Marco
799 4758 820 4792 c.
838 4739 972 4806 secundas]
998 4739 1024 4791 ld
1042 4748 1080 4793 est
1096 4738 1263 4797 secundariae,
1281 4750 1327 4786 su·

148 4809 246 4881 placet]
265 4813 345 4864 llarco
363 4814 430 4862 solus
449 4814 520 4862 tradit
538 4814 584 4861 boc
599 4812 713 4876 placitum
763 4810 883 4874 gelorum.
