3242 5775
312 619 374 688 ‘tte
520 635 561 682 ιι
582 623 777 710 mutuum
799 633 932 680 senioris
955 633 1031 685 oure
1052 625 1271 714 summurn.

621 763 734 884 steen
754 819 803 883 BH
824 817 948 884 etune
969 817 1020 882 ΕΤ
1040 817 1169 882 untur.

399 955 515 1022 Titulos
535 957 682 1038 reperitur
703 955 734 1019 in
755 954 951 1056 tubuloxlibro
971 953 1161 1034 ugobndino
1183 954 1334 1036 praelixa.

688 1291 801 1357 suen
817 1273 872 1355 ou
893 1271 1108 1354 rnrnrrn'ru.

398 1427 596 1512 Hieronymus
619 1428 708 1493 Cntnb
725 1426 846 1509 Scriptt.
864 1427 977 1490 Eccles.
1000 1445 1062 1509 cap.
1080 1429 1136 1493 70:
1160 1425 1316 1508 „Scripsit
1339 1427 1488 1502 (Nomtis-

314 1539 384 1609 nus)
407 1565 450 1578 -
470 1564 512 1576 -
534 1539 564 1595 et
585 1529 622 1594 de
636 1531 781 1593 Trinitnte
802 1529 912 1612 grande
928 1529 1082 1602 uolumen,
1104 1533 1194 1612 poert
1213 1533 1376 1612 epitomen
1394 1533 1489 1614 operis

317 1629 501 1697 Tertulliani
518 1633 651 1716 seems,
676 1631 755 1714 quod
777 1631 911 1712 plerique
931 1631 1100 1695 nescientes
1122 1627 1262 1711 Cypriani
1284 1629 1488 1694 existimem·

317 1733 361 1798 ct.
383 1733 508 1798 Rufinus
529 1734 559 1797 in
581 1733 704 1797 Hieron.
727 1733 804 1815 Opp.
827 1732 873 1795 ed.
888 1731 999 1795 Bened.
1023 1740 1095 1794 tom.
1109 1729 1157 1805 lv,
1180 1749 1210 1812 p.
1223 1735 1301 1797 415.
1339 1732 1489 1797 Horetieui

314 1833 423 1900 librum
446 1836 483 1900 de
504 1835 647 1900 Trinitate
676 1833 933 1926 subflertullinui
959 1833 1080 1896 nomine
1109 1832 1204 1920 estitit
1231 1833 1264 1895 in
1295 1835 1393 1900 codd.
1421 1853 1486 1899 mss.

314 1937 339 2000 1.
355 1937 515 2020 Gangneii,
544 1937 595 2019 qui
616 1937 699 2000 illum
720 1938 835 2018 primus
864 1935 971 2010 edidit,
999 1935 1087 2016 inque
1107 1933 1319 2010 Hasbnrensi,
1352 1957 1414 2020 quo
1436 1937 1488 2017 Sip.

316 2037 456 2104 Gelenius
478 2058 552 2103 usus
574 2048 637 2114 est,
659 2047 689 2101 et
710 2039 741 2101 in
762 2037 839 2128 eliis.
882 2036 925 2101 Cl.
947 2037 1071 2100 Praelat.
1093 2055 1124 2117 p.
1140 2035 1226 2098 XVH.

313 2377 427 2442 LlHER
447 2377 496 2440 ΔΙ)
518 2378 661 2442 tutetur
681 2376 953 2442 Pnuosorflvot
974 2375 1256 2439 obstruuntur
1276 2377 1484 2443 ANGVS'lHS.

399 2513 598 2595 Hieronymus
619 2513 714 2593 Epist.
743 2513 779 2575 nd
808 2511 1002 2575 Eustochium
1030 2512 1068 2574 de
1088 2511 1231 2574 Custodia
1253 2513 1376 2595 virgin.
1399 2537 1428 2598 p.
1442 2521 1483 2582 37,

262 2689 267 2698 ⁸
315 2625 388 2678 tom.
403 2615 450 2677 ll.
474 2613 550 2696 Opp.
573 2614 619 2677 ed.
642 2614 768 2677 Benedt
803 2614 862 2688 „Et
887 2614 918 2676 in
946 2613 1091 2694 principio
1118 2613 1209 2676 libelli
1237 2619 1401 2695 praelatus
1427 2638 1482 2682 suu

314 2733 363 2780 me
384 2714 421 2778 de
443 2715 586 2796 angustiis
607 2717 776 2798 nuptiarum
799 2725 850 2778 aut
875 2715 949 2778 nibil
977 2716 1098 2778 omnino
1126 2724 1176 2778 ant
1204 2734 1299 2797 pauca
1333 2719 1482 2784 dicturum

303 2816 352 2897 Ι777
372 2835 451 2878 nnnc
478 2817 579 2880 eudem
607 2818 768 2891 admoneo,
796 2826 846 2893 ut,
874 2818 900 2880 si
928 2817 980 2880 tibi
1008 2818 1104 2899 placet
1130 2818 1207 2880 scire
1234 2829 1312 2900 quot
1346 2823 1482 2886 molestiis

314 2918 397 3000 virgo
419 2918 527 2995 libere,
549 2930 622 3001 quot
642 2939 717 2982 uror
736 2920 877 2983 adstricta
892 2920 947 2994 sit,
971 2920 1051 3002 lepor
1069 2920 1291 2984 Tertullianum
1305 2925 1352 2987 od
1364 2931 1482 2989 onim

192 3084 196 3093 ,
311 3021 541 3103 pbilosopbuso,
564 3021 652 3084 etde
674 3022 840 3103 virginitate
861 3022 936 3084 alios
957 3021 1089 3096 libellos,
1113 3034 1143 3084 et
1164 3022 1245 3084 Beati
1269 3021 1412 3105 Cypriani
1432 3045 1479 3088 ro·

314 3121 436 3185 lumem·
459 3132 527 3185 eett.
571 3124 652 3187 {dem
667 3123 738 3186 Adr.
754 3124 847 3186 lorin.
863 3124 887 3186 l.
907 3142 937 3204 p.
952 3127 1022 3188 157.
1045 3132 1117 3186 tom.
1129 3124 1175 3186 lV.
1199 3126 1277 3205 Opp.
1294 3128 1344 3189 ed.
1360 3128 1479 3190 Bened:

315 3224 403 3298 „Non
431 3234 479 3287 est
506 3225 678 3288 buius'loei
706 3212 875 3311 nuptiarum
903 3226 1052 3307 angustias
1080 3226 1249 3288 describere
1283 3236 1315 3289 et
1343 3229 1478 3311 quseiin

314 3326 521 3390 communibus
542 3327 616 3389 loeis
637 3328 788 3389 rhetorico
810 3326 940 3390 exultare
961 3346 1109 3389 sermone.
1151 3328 1278 3397 ,Plenius
1309 3350 1406 3413 super
1429 3333 1479 3393 bac

314 3446 347 3492 re
369 3439 471 3492 contra
494 3429 674 3503 Helvidium,
703 3438 732 3491 et
760 3431 790 3493 in
818 3448 854 3491 eo
876 3427 953 3491 libro
976 3448 1063 3511 quem
1091 3430 1128 3491 ad
1150 3430 1346 3495 Eustochium
1368 3433 1477 3513 scripsi.

313 3530 443 3594 arbitror
463 3531 640 3594 absolutum.
684 3531 821 3594 Certent
845 3530 1065 3605 Tertullianum,
1094 3551 1160 3594 eom
1187 3544 1266 3597 esset
1288 3536 1390 3599 oddus
1409 3538 1476 3599 edo·

314 3630 445 3707 bemus,
469 3633 544 3697 lectt
563 3637 597 3696 ln
619 3634 674 3696 boe
694 3637 832 3696 materie
878 3632 1109 3714 espiscopus
1130 3651 1214 3696 meus
1236 3634 1402 3715 Gregorius
1423 3636 1475 3698 Nn·

313 3734 492 3798 aientenus“
515 3743 583 3797 cett
627 3734 760 3807 Quorum
782 3735 917 3797 locorum
940 3753 974 3796 er
996 3735 1091 3815 priori
1112 3734 1162 3815 qui
1184 3735 1258 3796 alios
1281 3744 1312 3797 et
1334 3739 1374 3801 de
1389 3739 1476 3819 Virgi-

312 3836 404 3899 nitate
424 3835 519 3897 libros
534 3835 715 3897 Tertulliano
738 3835 930 3898 vindicandos
952 3846 1106 3898 censerent
1120 3837 1221 3916 utique
1237 3855 1298 3898 non
1312 3841 1477 3904 deluerunt

314 3936 447 4000 Viderint
467 3954 527 4016 qno
549 3936 630 4009 inre,
652 3955 718 3999 oum
741 3956 838 4018 neque
860 3939 923 4019 ipse
939 3936 1107 4018 Hieronymi
1130 3937 1217 4027 rerba
1239 3939 1414 4005 huiusmodi
1434 3943 1478 4005 in·

312 4036 519 4119 terpretetioni
541 4037 614 4100 satis
636 4040 852 4119 respondeant,
884 4058 980 4121 neque
1008 4039 1062 4101 alie
1091 4038 1209 4101 illorum
1238 4058 1368 4121 nsquam
1396 4043 1477 4108 testi·

312 4138 413 4203 monia
434 4145 485 4201 aut
505 4139 626 4220 vestigia
648 4148 755 4204 extent.
793 4140 831 4202 Ht
851 4148 931 4204 reete
952 4140 1070 4203 interim
1093 4140 1234 4203 statuisse
1255 4142 1346 4205 nobis
1368 4145 1480 4208 vireu

313 4240 336 4303 l.
353 4240 500 4302 Pometios
523 4241 580 4304 illis
601 4241 772 4324 Hieronymi
795 4242 894 4304 verbis
917 4243 1074 4323 significari
1096 4240 1189 4305 libros
1210 4243 1253 4304 ed
1269 4242 1418 4319 Uxorem,
1440 4244 1478 4308 lle

312 4341 526 4405 Exhortatioue
552 4344 718 4419 Castitatis,
748 4343 790 4407 De
818 4344 986 4424 Virginibus
1010 4344 1162 4418 Velnndis,
1196 4364 1323 4425 quornm
1354 4349 1393 4411 de
1419 4348 1476 4410 rir-

312 4444 432 4525 ginitate
453 4445 578 4525 plurima
599 4447 721 4509 materis
742 4457 798 4509 est.
848 4445 911 4510 Nec
931 4447 1037 4509 maiori
1065 4447 1128 4520 iure
1150 4447 1365 4511 Tertullianum
1394 4460 1425 4512 et
1443 4450 1478 4511 de

312 4546 559 4620 circumcisione,
590 4549 683 4610 etde
711 4548 828 4612 Hundis
855 4556 886 4610 et
906 4549 1058 4611 lnmundis
1086 4548 1285 4622 Animalibus,
1319 4561 1351 4613 et
1379 4552 1416 4614 de
1443 4568 1476 4613 eo

237 4651 241 4665 '
313 4646 401 4723 Quod
423 4648 498 4711 deus
519 4649 606 4711 iudex
629 4650 684 4722 sit,
716 4649 880 4730 peculiares
900 4649 1017 4712 libellos
1047 4650 1176 4713 edidisse
1203 4650 1322 4730 qnidam
1351 4653 1476 4734 college-

311 4760 390 4814 runt.
435 4750 522 4825 Quod
544 4750 622 4812 enim
643 4750 715 4812 ddv.
738 4750 774 4822 ll,
790 4754 832 4815 27
865 4751 1016 4826 „indicem
1037 4752 1171 4832 quidem,
1200 4752 1310 4831 inquit,
1339 4766 1370 4818 et
1399 4755 1477 4818 illum

312 4871 380 4917 esse
413 4851 470 4914 inno
506 4852 692 4915 ostendimus
720 4852 750 4914 in
778 4852 877 4915 libeHo
911 4861 1005 4927 suo‚“
1044 4855 1152 4917 borum
1185 4855 1346 4918 verborum
1382 4858 1479 4920 uerior
