3242 5775
294 578 358 644 368
544 593 646 646 omnrr
668 593 800 639 snextnn
821 591 987 640 nossnrxs
1009 592 1220 656 rrnrtntrsru¹

158 793 164 802 ,
266 762 355 809 non
376 742 580 823 significentur
601 743 638 805 ad
660 744 797 807 inlectam
819 744 972 806 materiam
994 744 1152 825 pertinere.
1204 743 1469 825 Respondebimus
1513 775 1519 815 r

293 844 363 908 huic
384 862 503 923 quoque
524 844 674 924 scrupulo.
719 845 872 925 Scriptura
894 844 991 907 divina
1014 845 1087 907 sstib
1109 844 1307 919 ‘dissereret
1333 846 1360 908 si
1383 866 1469 910 snm·
1509 874 1521 921 ι

293 962 357 1007 mas
387 944 469 1025 ipsas
495 964 595 1008 rerum
625 964 642 1006 a
670 946 727 1008 deo
758 948 849 1007 lactas
881 946 1121 1009 commendasset
1146 944 1261 1009 caelum
1290 958 1322 1010 st
1347 955 1470 1024 terram,
1507 977 1521 1018 ἥ.

292 1045 436 1108 babentes
465 1047 566 1125 utique
594 1054 771 1126 suggestus·
798 1065 872 1109 suos
899 1048 1058 1127 proprios,
1093 1048 1144 1127 qui
1172 1048 1203 1109 in
1232 1048 1308 1128 ipsis
1340 1050 1471 1112 summis
1505 1083 1517 1123 s

292 1146 423 1225 intellegi
444 1156 580 1227 possent
615 1148 779 1227 Suggestus
802 1156 900 1210 autem
923 1148 995 1210 caeli
1017 1156 1047 1210 et
1068 1156 1165 1210 terrae
1187 1147 1284 1227 primo
1307 1157 1380 1211 tunc
1401 1152 1470 1213 lue·
1504 1184 1521 1249 ss

293 1248 353 1310 rint
374 1248 515 1309 tenebrae
537 1258 567 1310 ct
588 1248 713 1328 abyssus
736 1257 766 1311 et
786 1249 911 1329 spiritus
934 1257 963 1310 et
983 1266 1085 1327 aquae
1131 1248 1205 1310 Nem
1228 1257 1327 1312 terreo
1347 1250 1470 1331 quidem
1504 1293 1521 1332 p

293 1348 432 1411 ‘suberat
452 1349 579 1429 abyssus
602 1358 631 1411 et
652 1350 803 1412 tenebrae.
835 1350 867 1413 Si
889 1350 969 1412 enim
990 1349 1117 1429 abyssus
1139 1350 1215 1412 inira
1230 1359 1357 1426 terram,
1379 1358 1469 1415 tene·
1501 1387 1521 1451 p

293 1449 365 1512 brae
388 1459 487 1512 autem
515 1451 625 1530 ⁶super
653 1451 809 1530 abyssum,
844 1451 910 1512 sine
938 1451 1029 1513 dubio
1058 1459 1088 1512 et
1116 1451 1256 1513 tenebrae
1283 1461 1315 1514 et
1341 1452 1471 1533 abyssus
1499 1491 1521 1541 s,

294 1551 370 1614 inira
393 1560 514 1614 terram.
558 1551 644 1613 Caelo
667 1572 738 1614 vero
760 1553 884 1633 spiritus
912 1562 943 1614 et
968 1571 1062 1632 aquae
1090 1551 1290 1615 subiecebant.
1344 1553 1421 1615 Nam
1444 1554 1473 1618 si
1497 1586 1520 1640 ,2

293 1670 385 1732 sqnse
414 1671 507 1732 super
533 1661 658 1727 terram,
694 1653 786 1733 'qnae
815 1671 880 1715 earn
908 1660 1057 1726 texerant,
1090 1653 1215 1733 spiritus
1246 1662 1347 1716 autem
1376 1674 1474 1735 super
1501 1682 1521 1744 p

293 1771 399 1833 aquas,
421 1753 533 1833 pariter
554 1763 584 1816 et
606 1754 729 1833 spiritus
752 1763 782 1816 et
802 1773 895 1833 aquae
916 1772 1008 1834 super
1029 1762 1149 1816 terram.
1184 1754 1268 1827 Quae
1287 1773 1361 1817 rero
1378 1774 1473 1837 super
1487 1800 1521 1846 ,ᾗ

295 1863 419 1926 terram,
442 1873 476 1916 ea
498 1856 600 1934 utique
622 1855 698 1917 intra
720 1855 843 1918 caelum.
888 1855 924 1917 Et
946 1855 1024 1917 sicut
1045 1863 1123 1917 terra
1145 1854 1251 1935 abysso
1274 1862 1305 1917 et
1324 1856 1474 1932 tenebris,
1494 1899 1521 1947 e

294 1954 335 2017 ita
357 1964 387 2017 et
408 1955 519 2017 caelum
541 1956 677 2035 'spiritui
706 1964 736 2017 et
763 1955 848 2035 aquis
871 1956 1028 2019 incubabat
1055 1964 1085 2016 et
1110 1955 1389 2036 ”complectebatur
1435 1957 1475 2022 tlt
1491 2003 1521 2037 :-

294 2057 336 2119 its
356 2076 466 2119 norum
488 2076 549 2119 non
571 2065 672 2119 estut
693 2056 723 2118 id
745 2058 844 2120 solum
859 2057 939 2137 quod
954 2056 1087 2119 continet
1101 2057 1288 2131 nominetur,
1310 2076 1369 2137 qua
1383 2077 1471 2122 sum·
1492 2105 1521 2150 Ξ

294 2157 386 2231 mate,
409 2158 440 2220 in
462 2159 521 2220 isto
543 2166 641 2219 autem
664 2158 850 2237 intellegatur
871 2168 900 2220 et
914 2158 993 2239 quod
1012 2158 1194 2232 continetur,
1217 2177 1275 2238 qua
1289 2160 1473 2238 perdonate.
1488 2213 1521 2249 ⁴

294 2258 385 2333 Ecce,
409 2259 435 2320 si
457 2260 571 2332 dicam,
593 2259 696 2321 civitas
719 2260 863 2322 exstruxit
884 2260 1031 2322 theatrum
1054 2267 1083 2320 et
1105 2260 1233 2333 circum,
1256 2277 1348 2322 scene
1369 2271 1473 2324 eutem
1515 2329 1521 2336 ,

295 2369 358 2423 erst
379 2360 444 2423 telis
467 2370 497 2423 et
519 2361 600 2433 talis,
634 2370 665 2423 et
696 2368 809 2423 statuae
836 2379 929 2441 snper
956 2361 1108 2440 euripum,
1142 2368 1172 2421 et
1200 2359 1350 2423 obeliscus
1377 2379 1475 2443 super

295 2460 396 2524 omnia
416 2462 565 2523 terebatur
573 2462 596 2536 ¹⁸,
624 2462 691 2542 quia
714 2481 775 2523 non
798 2469 827 2524 et
849 2461 903 2523 bas
924 2462 1040 2541 species
1068 2459 1210 2522 edixerim
1238 2462 1331 2532 lactas
1354 2479 1372 2524 a
1393 2462 1472 2536 ciet

296 2571 371 2633 teto,
394 2580 454 2623 non
477 2563 591 2624 ¹⁰erunt
611 2562 647 2624 sb
671 2581 704 2623 ea
726 2582 793 2626 eum
815 2562 894 2625 circo
915 2572 946 2624 et
966 2560 1108 2624 theatro?
1141 2580 1178 2622 an
1199 2561 1269 2623 ideo
1291 2581 1352 2624 non
1375 2563 1498 2630 adis&

294 2663 385 2725 lactes
406 2663 459 2725 bss
482 2682 599 2743 quoque
621 2663 738 2743 species
761 2664 855 2744 ¹¹quis
877 2664 995 2725 inerant
1016 2662 1058 2723 eis
1073 2681 1149 2742 quae
1164 2665 1238 2725 lacta
1253 2664 1519 2746 praedixerun-

296 2772 327 2826 st
348 2762 475 2826 ¹¹inesse
498 2765 605 2844 quibus
627 2765 743 2827 inerant
764 2763 893 2843 intellegi
915 2762 1076 2843 poteraut?
1113 2763 1173 2826 Sed
1195 2773 1279 2827 vacet
1292 2765 1352 2827 boc
1365 2784 1521 2842 exem—,-

166 2889 281 2940 omne
294 2863 392 2946 plum,
416 2873 448 2927 ut
468 2865 647 2942 humanum
669 2865 747 2929 aliud
769 2865 807 2928 de
828 2865 1003 2928 auctoritate
1025 2864 1191 2946 scripturae
1206 2866 1301 2947 ipsius
1316 2866 1521 2949 arripiam..

295 2965 393 3040 Fecit,
421 2967 532 3045 inquit,
565 2969 639 3029 deus
661 2968 810 3031 bominem
834 2967 871 3029 de
899 2974 993 3040 terra,
1028 2975 1058 3027 et
1078 2967 1247 3031 addaritin
1269 2968 1374 3031 taciem
1403 2969 1521 3043 eiu

183 3056 398 3154 ,ffffjnllatum
420 3069 511 3140 vitae,
536 3078 565 3129 et
586 3071 680 3130 lactus
703 3081 750 3130 est
771 3069 862 3129 bomo
885 3067 916 3129 in
938 3067 1065 3128 animam
1081 3067 1183 3128 viram.
1216 3064 1521 3153 Faciem'qnidsuq

182 3159 281 3262 ubist&
297 3169 361 3231 eius
383 3170 432 3232 bic
453 3172 602 3243 nominat,
626 3171 678 3232 sed
702 3189 757 3231 nec
777 3170 874 3249 ipsam
896 3169 1000 3230 lactem
1017 3188 1033 3230 a
1049 3168 1104 3230 deo
1123 3168 1211 3244 dixit,
1236 3169 1377 3233 ''uttem‘
1397 3189 1521 3237 ren

296 3279 327 3332 et
348 3290 418 3333 ossa
440 3279 470 3332 et
491 3290 609 3332 carnem
632 3279 662 3332 ct
684 3270 787 3331 oculos
810 3279 841 3332 et
855 3270 997 3331 sudorem
1013 3280 1043 3332 et
1058 3270 1234 3348 sanguinem
1248 3282 1355 3352 postea
1368 3272 1521 3353 toqui

296 3380 359 3445 tur,
381 3391 456 3451 quae
478 3391 532 3433 nec
554 3381 625 3433 tunc
644 3374 719 3433 lacta
735 3390 751 3432 a
766 3371 823 3433 deo
840 3371 1048 3450 “significavit
1083 3370 1161 3444 Quid
1180 3373 1375 3452 respondebit
1387 3372 1521 3437 liam

297 3471 462 3551 mogenes?
505 3472 653 3552 Numquid
676 3482 706 3533 et
727 3472 859 3534 membra
881 3472 1012 3532 bominis
1034 3471 1070 3532 ad
1093 3473 1247 3534 materiam
1269 3473 1521 3553 peruadunt

296 3573 364 3653 quia
387 3592 448 3634 nou
470 3574 643 3635 nominatim
666 3574 740 3635 lacta
763 3572 957 3634 reseruntur?
989 3574 1033 3634 An
1055 3581 1086 3635 et
1106 3573 1224 3635 baeoin
1240 3568 1521 3638 nominationi

297 3674 407 3736 tatione
429 3673 612 3736 censentur?
645 3673 929 3753 Proindemembrs
953 3674 1064 3735 ¹⁵erant
1085 3674 1157 3736 caeli
1180 3683 1210 3735 et
1229 3682 1327 3739 terrae
1346 3675 1521 3757 abyssu

296 3786 326 3838 et
347 3775 502 3848 tenebrae,
526 3776 649 3855 spiritus
673 3775 731 3836 ¹⁶et
753 3793 856 3855 aquae.
887 3775 923 3836 ln
943 3774 1120 3856 corporibus
1144 3775 1224 3837 euim
1246 3777 1379 3840 membra
1396 3780 1521 3855 su!

296 3927 321 3977 1.
339 3927 470 3977 dissereret
487 3928 507 3975 si
526 3941 633 3976 sommas
651 3930 717 3979 ebed.
753 3928 884 3977 dissereret
901 3941 1009 3977 sommas
1024 3929 1050 3979 r.
1084 3929 1190 3978 dissensi
1206 3930 1349 3981 summost.
1381 3928 1406 3987 ‚t
1512 3902 1521 3911 .

297 3996 408 4059 perard.
460 3994 484 4043 6.
503 4010 576 4057 super
594 3998 672 4045 ont.
725 3995 749 4045 ’1.
768 3996 840 4059 quale
857 4010 910 4045 earn
930 3995 955 4044 d.
1000 3994 1024 4046 8.
1042 3998 1141 4060 spiritus
1159 3997 1203 4047 Ab.
1247 3996 1273 4048 9.
1290 3914 1521 4277 conplent}

297 4070 409 4124 tureyo.
452 4062 674 4123 complectebantur
697 4064 800 4113 Abubcd.
843 4063 1067 4125 contemplabantur
1094 4064 1225 4115 Vaticanus.
1287 4064 1327 4114 10.
1350 4068 1439 4115 erent

299 4128 338 4178 11.
357 4131 412 4192 quis
431 4132 463 4190 d.,
481 4147 532 4180 cum
550 4132 639 4181 latinio
658 4138 679 4181 et
696 4131 777 4180 fetere
791 4131 883 4181 deesse.
924 4146 970 4195 qua
989 4132 1076 4182 Allobo.
1136 4130 1176 4181 12.
1201 4133 1282 4181 inme
1299 4133 1365 4183 med.
1407 4126 1426 4179 i

298 4211 325 4246 sc
342 4198 385 4247 AB.
439 4197 478 4246 13.
497 4207 575 4246 cutem
595 4201 641 4259 otu,
667 4214 696 4248 es
713 4201 793 4249 codice
810 4199 938 4260 carerent,
957 4202 992 4250 uti
1009 4201 1108 4248 videtur.
1152 4200 1189 4248 cni
1208 4208 1258 4249 tent
1275 4200 1358 4251 ΔΗ
1383 4201 1388 4213 “

298 4273 389 4314 costam
409 4268 445 4315 cd.
499 4266 538 4316 11.
556 4267 716 4328 signitlcstl.
771 4265 810 4315 ts.
829 4267 939 4317 ernntd.
994 4265 1033 4318 ld.
1052 4281 1080 4315 ea
1098 4267 1221 4331 quaelll.

333 4399 391 4460 Cap.
410 4400 487 4448 xxxt.
529 4415 550 4448 s.
580 4395 730 4464 suggestusl·
749 4400 800 4450 lloc
824 4407 860 4449 est
944 4417 965 4450 c.
985 4395 1076 4467 cotem]
1100 4398 1134 4450 lta
1153 4401 1251 4465 reposui
1270 4415 1298 4457 ex
1315 4399 1391 4451 alters
1413 4376 1471 4443 ,Ι

299 4475 437 4528 apparatus,
463 4475 569 4516 ornatus.
615 4469 638 4516 l.
664 4470 754 4518 adnott.
778 4467 807 4517 ad
825 4466 860 4517 lle
911 4470 966 4518 asni
985 4477 1008 4518 et
1026 4483 1054 4518 ex
1072 4469 1203 4519 Geleniana
1221 4484 1266 4534 pro
1284 4476 1379 4532 eoum,
1411 4458 1471 4521 ΙΙ·

299 4531 394 4584 Corona
414 4534 519 4597 capti.
911 4537 1049 4585 invexerunt
1076 4537 1197 4588 Pamelius
1224 4545 1247 4587 et
1273 4537 1396 4599 ltigaltirs,
1441 4524 1471 4567 Ι

333 4601 355 4649 b.
375 4611 398 4650 et
416 4611 508 4649 statuae
526 4617 601 4664 snper
623 4604 733 4663 euripnrn
758 4611 782 4652 et
800 4602 860 4652 obe·
910 4605 1017 4653 ridentes
1035 4612 1112 4663 rostra
1131 4620 1189 4667 pree
1207 4608 1258 4656 ente
1276 4605 1339 4655 iuxta
1360 4608 1429 4655 ⁰⁸⁸⁸
1466 4576 1471 4627 ¹

297 4667 372 4719 liscns
390 4685 464 4730 saper
482 4672 562 4717 ornnia
587 4667 719 4735 terebatur}
755 4670 780 4718 t.
798 4684 860 4733 qnae
910 4670 992 4722 locum
1011 4687 1066 4722 esse
1085 4687 1133 4723 non
1152 4687 1233 4738 posse.
1516 4700 1521 4709 .

299 4736 328 4784 de
352 4739 390 4785 bic
417 4737 529 4786 adnotata
555 4746 611 4787 sunt
637 4738 666 4786 ad
690 4738 724 4788 lis
747 4739 859 4803 specus
1365 4767 1376 4783 ·
1494 4714 1521 4821 Ξ

299 4818 351 4868 cap.
362 4803 386 4854 8.
405 4821 428 4870 p.
438 4803 479 4854 3².
