3242 5775
729 637 766 681 ne
788 638 889 681 anua.
1336 628 1399 693 599

240 795 263 846 et
277 804 401 866 pugnae.
444 785 636 848 Detinebatur
656 786 706 866 qni
728 795 922 866 praevenerat
949 788 1031 850 nasci
1053 808 1069 851 a
1091 800 1252 871 praevento
1274 794 1399 856 necdum

240 886 339 964 plenius
363 887 461 959 edito,
494 895 606 948 motum
629 907 717 950 manu
747 899 828 950 nato.
882 889 920 949 Et
941 890 967 950 si
990 890 1055 968 ipse
1084 890 1210 951 animam
1240 892 1277 953 de
1304 894 1400 975 prima
1436 956 1441 965 ,

239 988 423 1069 ‘aspiratione
445 988 582 1068 'potabat
602 989 754 1051 Platonico
778 1008 877 1061 more,
908 998 959 1051 aut
980 990 1017 1051 de
1039 991 1117 1052 aeris
1140 985 1240 1070 rigore
1262 994 1400 1074 carpebat

239 1089 322 1151 Stoica
344 1091 457 1161 torma,
485 1090 555 1168 quid
579 1090 627 1150 ille
653 1090 958 1169 quierpectabatur,
989 1091 1038 1170 qni
1061 1091 1157 1152 adhuc
1177 1093 1259 1155 intus
1282 1096 1399 1157 detine-

239 1190 309 1251 lutur
329 1200 359 1251 et
382 1190 457 1250 loris
480 1191 536 1250 iarn
559 1190 732 1252 detinebat?
774 1192 931 1263 Nondum,
964 1191 1105 1270 'opinor,
1129 1193 1247 1271 spirans
1269 1196 1399 1275 plantam

239 1292 322 1353 irruis
346 1293 511 1364 invaserat,
545 1292 713 1353 etiamnunc
735 1291 833 1352 calens
857 1300 951 1352 matre
973 1310 1006 1352 se
1029 1292 1159 1370 priorem
1182 1295 1324 1372 prodisse
1344 1313 1399 1358 cu·

238 1393 330 1471 plebat.
379 1392 567 1453 (linientem
590 1401 621 1453 et
638 1393 788 1453 aemulum
812 1401 842 1454 et
863 1392 988 1453 validum
1023 1400 1052 1453 et
1075 1393 1144 1453 olirn
1168 1396 1399 1471 contentiosum,

238 1495 329 1567 credo,
353 1493 422 1572 qnia
446 1494 552 1554 vivum.
596 1494 701 1571 Aspice
724 1495 810 1555 etiam
834 1494 999 1572 singulares
1021 1506 1200 1574 conceptus,
1230 1494 1399 1576 etquidem

237 1595 477 1664 monstrosiores,
507 1594 617 1655 sterilis
647 1603 677 1654 et
699 1594 837 1672 virginis,
867 1594 1009 1674 quaeret
1031 1594 1089 1656 hoc
1112 1596 1178 1675 ipso
1208 1597 1398 1675 imperfectos

238 1696 311 1757 edere
332 1694 502 1775 potuissent
524 1713 580 1773 pro
604 1696 759 1757 eversione
782 1705 919 1769 naturae,
949 1703 981 1755 ut
1009 1694 1099 1756 altera
1121 1695 1246 1757 ”semini
1269 1698 1398 1777 stupida,

238 1797 313 1858 altera
336 1797 454 1857 intacta.
500 1795 643 1869 Decebat,
673 1796 698 1855 si
723 1798 830 1870 lorteb,
859 1797 924 1858 sine
952 1796 1048 1857 anima
1077 1797 1176 1869 nasci,
1210 1798 1260 1876 qui
1284 1800 1399 1860 inerant

238 1916 286 1958 non
306 1899 363 1959 rite
385 1898 538 1975 concepti,
561 1897 614 1957 sed
638 1909 667 1957 et
689 1897 729 1957 illi
754 1898 854 1959 vivunt
875 1899 904 1958 in
928 1917 983 1959 suo
1007 1897 1132 1976 quisque
1148 1906 1244 1958 utero.
1280 1897 1399 1960 Exultat

239 1997 389 2069 filiaabeth,
414 2000 539 2059 loannes
563 1999 642 2059 intus
658 1999 830 2076 impulerat3
853 1999 996 2077 glorificat
1012 1998 1164 2058 dominum
1180 1998 1285 2073 Maria,
1308 1999 1396 2061 Chri·
1409 1992 1506 2096 mlffig·

240 2109 291 2161 stus
305 2101 384 2161 intus
400 2101 585 2160 instinxerat.
617 2104 789 2177 Agnoscunt
811 2111 921 2161 matres
944 2118 1015 2160 suos
1032 2099 1155 2159 invicem
1172 2101 1259 2171 letus,
1281 2101 1397 2180 agnitae

240 2211 323 2262 mutuo
345 2200 381 2261 ab
404 2202 478 2279 ipsis
507 2201 608 2279 utiquc
636 2200 818 2273 viventibus,
851 2201 901 2279 qui
928 2192 990 2260 non
1018 2208 1130 2261 tantum
1160 2200 1275 2261 animae
1302 2208 1397 2275 erant,

240 2318 324 2363 rerum
346 2312 376 2363 et
399 2301 533 2380 spiritus.
584 2301 635 2362 Sic
662 2311 691 2362 et
713 2302 748 2362 ad
771 2302 949 2362 llieremiam
972 2301 1046 2379 legis
1069 2300 1116 2361 dei
1139 2319 1257 2361 vocem:
1290 2298 1502 2366 Prius-nfra.

241 2420 310 2479 quam
333 2413 360 2464 te
382 2402 413 2462 in
437 2411 520 2464 utero
543 2405 700 2481 tingerem,
733 2402 802 2461 novi
827 2412 864 2463 te.
910 2402 941 2463 Si
964 2402 1048 2480 lingit
1075 2401 1150 2462 deus
1179 2402 1209 2462 in
1237 2411 1338 2475 utero,
1368 2411 1398 2465 et
1439 2383 1444 2390 ’

241 2504 304 2564 eldat
323 2523 358 2564 er
381 2504 535 2581 primordii
558 2505 667 2563 torma:
691 2504 726 2563 Et
748 2502 832 2563 linxit
853 2503 926 2563 deus
951 2501 1116 2574 hominem,
1140 2511 1170 2563 et
1184 2503 1265 2563 llarit
1280 2503 1309 2563 in
1325 2521 1393 2565 eum
1407 2498 1525 2603 {jz-7¹:²⁷·

241 2603 322 2665 mlum
338 2606 425 2665 ritae.
457 2604 518 2664 Nec
540 2614 645 2664 nosset
667 2613 765 2664 autem
788 2604 939 2663 ltorninem
963 2604 1035 2664 deus
1059 2603 1088 2663 in
1112 2612 1197 2664 utero
1212 2602 1269 2665 nisi
1286 2613 1394 2666 totum:

241 2701 268 2763 lit
286 2706 453 2784 priusquam
476 2707 573 2765 exires
595 2706 632 2765 de
653 2706 755 2777 vulva,
785 2704 962 2766 sanctificari
986 2714 1025 2765 te.
1069 2705 1107 2765 Et
1129 2712 1278 2765 mortuum
1301 2706 1501 2771 conuenere.

241 2787 354 2886 corpus?
387 2807 494 2884 Utique
509 2825 704 2884 nequaqnam.
741 2807 821 2867 Deus
844 2805 922 2866 enim
944 2807 1095 2877 vivorum,
1119 2824 1179 2865 non
1196 2802 1509 2906 mortuorumexllffllg⁰

308 2908 464 2981 Quomodo
487 2909 576 2985 igitur
597 2910 702 2969 animal
719 2907 918 2988 conceptum?
941 2908 1066 2971 simulne
1082 2910 1206 2969 contlatu
1224 2909 1528 2989 ¹utriusqnectp.xxu

242 3006 386 3071 subeuntia
409 3010 545 3087 corporis
562 3010 750 3089 animaeque,
773 3028 810 3071 an
826 3011 917 3070 altera
933 3029 1033 3071 carum
1050 3008 1268 3089 praecellente?
1301 3010 1396 3071 lmmo

241 3108 308 3170 simul
330 3111 432 3171 ambas
456 3119 486 3170 et
507 3111 621 3188 concipi
645 3122 674 3171 et
689 3112 793 3171 conlici
815 3109 862 3170 ²et
877 3111 977 3189 perfici
993 3110 1128 3183 dicimus,
1152 3110 1230 3171 sicut
1244 3119 1273 3171 et
1289 3111 1397 3189 promi,

242 3224 283 3270 tac
300 3213 388 3272 ullum
412 3212 590 3271 intervenire
613 3223 796 3273 momentum
819 3211 849 3270 in
872 3220 1033 3290 conceptu·
1057 3229 1115 3289 qno
1131 3211 1215 3271 locus
1232 3211 1395 3273 ordinetur.

241 3306 358 3392 Recogita
382 3312 460 3372 enirn
483 3312 520 3372 de
543 3313 715 3372 novissimis
731 3312 837 3392 prima.
871 3312 902 3372 Si
926 3330 1007 3372 mors
1029 3329 1089 3371 non
1113 3310 1190 3370 aliud
1214 3310 1395 3371 determina·

241 3416 276 3471 tur
298 3433 381 3493 quarn
412 3413 571 3472 disiunctio
601 3413 737 3491 corporis
767 3413 974 3490 animaequet,
1005 3410 1185 3471 contrarium
1213 3409 1302 3467 morti
1335 3409 1393 3470 vita

240 3526 285 3572 non
304 3515 380 3575 alind
404 3513 561 3574 delinietur
583 3514 689 3592 ³qnam
711 3514 880 3573 coniunctio
904 3511 1039 3589 corporis
1063 3512 1245 3586 animaeque.
1283 3507 1314 3568 Si
1330 3507 1394 3569 dis·

238 3608 328 3676 iunctio
352 3615 441 3675 simul
468 3615 584 3692 utrique
615 3614 799 3674 substantiae
827 3613 932 3672 accidit
959 3629 1013 3689 per
1041 3620 1184 3681 mortem,
1219 3607 1278 3669 hoc
1306 3608 1395 3671 debet

238 3715 437 3778 coniunctionis
460 3718 572 3776 tormae
594 3716 751 3776 mandasse
773 3713 884 3792 pariter
899 3711 1084 3772 obvenientis
1100 3728 1154 3791 per
1171 3709 1258 3769 vitam
1275 3709 1394 3789 utrique

237 3815 414 3879 substantiae.
465 3817 560 3876 Porro
585 3819 671 3876 vitam
694 3835 710 3876 a
733 3822 878 3894 conceptu
899 3812 1107 3892 agnoscimus,
1137 3811 1205 3892 quia
1227 3811 1393 3873 animama

235 3929 361 3999 conceptu
386 3919 585 3990 vindicamus;
614 3919 719 3978 exirrde
742 3916 821 3978 enim
845 3915 917 3987 rita,
947 3933 1005 3993 qno
1028 3915 1135 3975 anima.
1179 3913 1294 3974 Pariter
1321 3931 1392 3991 ergo

234 4015 359 4082 inritam
382 4021 627 4098 ⁴compinguntur
648 4039 722 4097 qnae
745 4018 856 4097 pariter
876 4016 906 4076 in
928 4024 1055 4075 mortem
1072 4023 1256 4094 separantur.
1292 4013 1394 4075 ‘Tunc
1439 4093 1441 4097 y

232 4168 408 4238 tasptratione
426 4176 465 4223 ln.
501 4175 634 4234 spiratione
651 4173 744 4235 reliqui.
786 4170 809 4219 7.
830 4167 1067 4232 potabattllmpdcl.
1104 4167 1214 4230 portabat
1232 4165 1257 4214 n.
1293 4164 1317 4215 8.
1336 4166 1390 4216 Post

231 4253 269 4291 tec.
287 4245 374 4305 opinor
399 4245 422 4289 in
441 4244 465 4289 l.
494 4243 627 4289 exciderunt
654 4242 698 4288 dnn
718 4243 806 4301 integra
824 4238 891 4301 solio.
933 4238 1034 4299 Sequens
1058 4235 1140 4297 {ollem
1163 4235 1244 4297 incipit
1267 4236 1309 4284 cul
1331 4235 1393 4284 med.

230 4321 269 4372 erp.
282 4310 377 4360 ttulit.
396 4311 472 4356 corbis
491 4310 529 4371 qui
550 4309 660 4355 molliora
681 4307 794 4355 mentitus
812 4314 857 4354 est.
910 4304 934 4353 9.
953 4303 1038 4352 semini
1058 4304 1079 4351 l.
1114 4302 1215 4350 seminis
1233 4300 1291 4350 nco.

287 4378 344 4442 Cup.
365 4376 451 4426 llllllll.
491 4376 512 4424 l.
533 4375 706 4438 utriqueltmq.
759 4373 783 4423 2.
803 4382 827 4421 et
845 4389 889 4423 om.
901 4372 925 4420 Β.
977 4369 1002 4420 3.
1022 4369 1069 4418 lunt
1088 4368 1114 4418 B.
1164 4367 1189 4418 4.
1207 4369 1394 4434 compingantur

227 4441 327 4509 hecel.
364 4445 534 4505 confinguntur
553 4444 577 4491 B.
631 4443 653 4490 5.
673 4442 853 4491 Tuncsillcd.
889 4441 914 4489 Sl
935 4439 957 4488 G.

250 4579 273 4628 t.
291 4581 311 4629 ai
330 4574 405 4641 torte}
431 4579 454 4627 l.
474 4594 535 4642 quae
560 4579 670 4626 annotari
697 4577 725 4625 ad
745 4576 778 4625 lle
863 4576 886 4624 b.
906 4565 1392 4636 corporisenimtequelcld’latol’lrat·

223 4646 312 4698 liorem
332 4663 386 4709 cap.
397 4648 420 4696 5.
831 4642 894 4691 done
913 4656 937 4704 p.
947 4640 988 4690 ot.

249 4715 307 4779 Cap.
328 4715 416 4765 xtuli.
443 4730 464 4762 a.
483 4729 528 4762 nec
547 4712 779 4761 nlluminterrenlre
866 4726 885 4758 c.
906 4703 995 4772 torma]
1013 4707 1039 4756 ld
1055 4706 1149 4765 estlcr,
1168 4705 1258 4768 regula.
1282 4702 1392 4765 (liquat

218 4793 365 4833 momentum
386 4783 408 4829 in
428 4780 559 4844 conceptu]
578 4782 613 4830 Ct.
633 4780 667 4828 lle
681 4781 780 4828 llesnrr.
832 4777 942 4827 annotari
960 4776 990 4826 ad
1009 4776 1042 4824 lle
1059 4775 1146 4826 ldolol.
1165 4789 1221 4848 cap.
1231 4771 1274 4824 18.

218 4850 301 4901 Cernis
320 4866 373 4914 cap.
387 4850 427 4899 45.
1251 4851 1253 4853 ·
