3242 5775
510 614 549 657 ou
570 614 817 697 resurreccione
838 615 950 658 cunum.
1253 601 1319 678 171

147 784 218 845 quse
245 762 413 837 intercidit,
448 763 508 825 ¹’ut
534 764 656 825 claudus
685 773 715 825 et
743 764 844 826 luscus
872 764 929 826 “et
951 783 1056 826 cacum
1079 751 1109 826 e't
1130 749 1268 845 leprosus
1291 774 1321 829 et

147 865 321 947 paralyticus
346 864 573 938 ”revertantur,
609 877 641 925 ut
668 865 785 927 redisse
814 884 874 926 non
896 865 985 942 libeat
1005 866 1041 927 ad
1052 865 1249 945 pristinum?
1281 886 1319 928 an
1376 917 1382 926 .
1430 933 1433 940 ι
1492 855 1501 863 ’

148 966 266 1047 integri,
296 966 458 1028 utiterum
481 965 548 1027 talia
571 966 632 1046 pati
656 965 800 1027 timeant?
848 966 927 1039 Quid
950 974 1011 1028 turn
1034 966 1071 1028 de
1097 967 1320 1047 consequentiis

149 1065 279 1130 urrist?
316 1067 473 1130 Rursusne
495 1066 594 1128 omnia
616 1066 784 1129 necessaria
807 1066 866 1141 illi,
889 1074 919 1128 et
940 1067 1077 1148 inprimis
1100 1067 1207 1147 pabula
1231 1076 1320 1149 atque

136 1168 313 1249 'potaetrla,-
329 1177 360 1229 ct
379 1167 572 1248 pulmonibus
599 1168 789 1240 natandumr,
823 1175 854 1229 et
881 1168 1032 1230 intestinis
1055 1169 1269 1244 aestuandum,
1291 1176 1321 1231 et

106 1272 107 1342 1
151 1269 290 1349 pudendis
312 1287 373 1330 non
389 1268 577 1348 pudendum,
601 1276 631 1329 et
646 1268 784 1330 omnibus
800 1268 941 1330 membris
956 1267 1176 1332 laborandum?
1203 1270 1320 1333 Rursus
1389 1349 1393 1360 Ι

106 1349 107 1374 ¹
152 1370 239 1432 ulcera
262 1378 294 1432 et
315 1369 434 1431 vulnera
459 1380 489 1432 et
509 1370 603 1431 febris
627 1370 684 1431 '‘et
704 1369 836 1450 podagra
858 1380 888 1432 et
909 1388 992 1432 mors
1016 1370 1231 1450 ¹⁷reoptandsi
1263 1370 1319 1433 Ni·

154 1471 249 1532 nirum
273 1470 349 1532 baec
370 1480 458 1532 erunt
478 1479 545 1532 vota
568 1472 665 1560 earnis
688 1461 924 1549 recuperandae.
957 1471 1064 1533 itemm
1094 1490 1204 1553 cupere
1226 1472 1264 1534 de
1286 1492 1320 1535 ea

156 1572 278 1633 eradere.
310 1571 349 1632 Et
370 1589 426 1633 nos
449 1573 567 1651 quidem
591 1573 664 1633 baec
685 1572 832 1650 aliquanto
855 1572 1011 1634 honestius
1033 1591 1089 1652 pro
1111 1574 1171 1636 stili
1192 1574 1318 1654 pudore.

158 1669 282 1733 laterum
306 1680 446 1751 quantum
471 1673 558 1734 etiam
583 1673 811 1753 ¹'spurciloquio
827 1673 913 1733 liceat
926 1672 1045 1734 illorum
1060 1673 1091 1733 in
1107 1674 1318 1753 congressibus

160 1770 326 1853 ”experire,
348 1780 407 1833 tam
431 1773 616 1835 ethnicorum
628 1793 725 1854 quam
748 1774 975 1837 baereticorum.

230 1872 323 1952 lqitur
345 1872 485 1952 quoniam
508 1883 538 1935 et
559 1875 650 1936 rudes
673 1875 781 1954 quique
810 1876 847 1935 de
869 1872 1076 1936 communibus
1097 1873 1194 1936 adhuc
1210 1873 1317 1937 sensi·
1337 1882 1428 1941 cmv.

161 1968 204 2033 bus
225 1973 363 2054 sapiunt,
391 1984 421 2036 et
443 1974 522 2036 dubii
547 1984 577 2036 et
599 1974 749 2055 simplices
776 1994 831 2055 per
853 1974 975 2036 cosdem
998 1993 1107 2036 sensus
1130 1973 1246 2037 ¹denuo
1268 1974 1317 2037 in·

162 2071 328 2149 quietantur,
362 2082 393 2135 et
414 2074 523 2154 ubique
544 2075 675 2155 'primus
703 2076 761 2136 iste
789 2076 819 2136 in
848 2094 905 2138 nos
933 2075 1011 2137 aries
1039 2074 1237 2155 ³temperetur
1258 2095 1318 2158 quo

162 2173 241 2235 urnis
262 2172 401 2235 condicio
422 2175 612 2255 ‘quassatum
645 2176 816 2238 necessario
845 2186 875 2236 et
902 2195 918 2237 a
946 2175 1033 2238 nobis
1061 2175 1158 2237 carnis
1189 2178 1319 2257 primum

162 2274 280 2337 condicio
303 2274 469 2350 munietur,
492 2277 708 2357 vituperatione
728 2276 898 2338 laudatione
920 2276 1053 2356 depulsa.
1082 2275 1125 2338 Ita
1140 2295 1199 2338 nos
1213 2278 1319 2339 rbeto·

161 2372 231 2437 nuri
253 2394 374 2455 quoquc
395 2388 558 2455 provocant
579 2376 733 2448 baeretici,
757 2378 835 2436 sicut
856 2375 963 2437 ‘etiam
977 2377 1194 2458 philosophari.
1224 2377 1319 2440 Futile

162 2476 338 2538 stirirolum
359 2477 438 2537 istud
461 2479 688 2558 corpusculum,
712 2476 791 2555 quod
814 2476 921 2538 malum
945 2477 1073 2556 denique
1095 2478 1243 2559 appellare
1258 2496 1318 2540 non

161 2570 287 2651 horrent,
310 2578 367 2639 etsi
390 2579 561 2656 angelorum
585 2579 692 2641 luisset
713 2578 866 2657 operatio,
894 2588 927 2638 ut
949 2578 1110 2642 Menandro
1133 2587 1163 2642 et
1183 2579 1319 2642 ‘blanco'¹

160 2675 254 2752 placet,
264 2737 266 2742 ,
278 2677 337 2739 etsi
360 2678 438 2756 ignei
461 2679 584 2740 alicuius
601 2680 763 2740 exstructio
779 2696 873 2756 aeque
888 2680 1000 2757 angeli,
1024 2691 1056 2742 ut
1067 2681 1185 2759 Apelles
1200 2678 1333 2756 doeet⁸,'

160 2779 297 2867 tolboeret
319 2778 356 2839 ad
378 2780 581 2841 auctoritatem
605 2779 701 2840 carnis
723 2779 907 2839 'secundae‘
929 2779 1090 2842 divinitatis
1111 2780 1319 2860 patrocinium.
1389 2832 1393 2838 .

158 2877 272 2960 lnqelos
294 2889 366 2961 post
388 2880 475 2941 deum
499 2880 644 2942 novimus.
682 2881 742 2941 lam
764 2899 844 2940 nunc
864 2879 1016 2960 ‘quisquis
1032 2881 1080 2944 ille
1095 2901 1230 2944 summus
1245 2881 1319 2946 deus

157 2976 284 3043 baeretici
313 2981 457 3060 cuiusque
486 2989 548 3054 est,
583 3001 642 3042 non
672 2982 819 3055 immerito
847 2982 884 3042 ab
915 2982 981 3060 ips‘o
1005 3000 1123 3061 quoque
1144 2982 1322 3046 deducerem

156 3083 244 3143 carnis
267 3082 457 3161 dignitatem,
480 3103 495 3142 a
519 3101 577 3161 quo
601 3084 737 3144 voluntas
759 3081 968 3160 producendae
985 3082 1012 3143 ei
1028 3084 1181 3147 adfuisset.
1212 3085 1321 3165 Utique

154 3183 225 3244 enim
247 3182 454 3263 prohibuisset
475 3183 539 3243 lieri
562 3202 649 3261 qnam
673 3184 737 3243 steri
760 3184 884 3256 scisset,
908 3183 1020 3244 silleri
1043 3183 1200 3245 noluisset
1233 3185 1277 3246 lta
1292 3193 1323 3248 et

153 3284 311 3346 seeundum
336 3283 405 3344 illos
427 3302 520 3362 aeque
544 3303 612 3344 caro
635 3284 682 3345 dei
704 3302 763 3345 res.
797 3282 894 3344 ⁹Nihil
916 3282 1017 3362 operis
1040 3302 1101 3344 non
1117 3283 1189 3346 ¹eius
1209 3285 1322 3364 estqui
1370 3316 1376 3325 .

152 3469 329 3529 1111111110.
385 3469 423 3518 11.
442 3477 464 3517 et
483 3470 614 3536 omddcrn
669 3468 707 3518 11.
727 3476 877 3520 revertentur
893 3472 918 3519 1.
974 3469 1012 3518 to.
1032 3466 1321 3532 supercresceret.

148 3539 242 3588 Addidit
266 3540 367 3601 primunt
390 3539 419 3586 de
442 3539 491 3585 suis
514 3539 581 3585 libris
600 3538 737 3599 Gonpnriur.
800 3536 839 3585 l'l.
864 3537 996 3599 renptandr
1024 3537 1049 3586 d.
1067 3543 1113 3585 tres
1134 3537 1245 3587 Vuticoui.
1281 3549 1321 3584 re-

148 3605 235 3669 ptsndr
252 3607 279 3654 ,1.
315 3605 464 3668 redoptanda
483 3607 575 3668 reliqui.
622 3604 660 3653 18.
680 3604 846 3667 spurciloquio
865 3602 1002 3655 licertBCe.
1022 3605 1191 3654 trerl'uticusi.
1226 3602 1323 3665 spurci·

147 3674 255 3737 loquium
274 3673 346 3720 liceat
363 3687 386 3720 u.
420 3672 578 3734 spurciloquii
598 3671 668 3721 licent
686 3673 725 3721 11.
771 3671 930 3734 spurciloquii
949 3671 1005 3720 licut
1023 3672 1055 3732 d.,
1075 3687 1126 3721 cunt
1143 3670 1321 3720 Fsloiollrsluo

147 3748 168 3790 et
186 3742 255 3804 casp.
274 3740 392 3803 Scioppio.
448 3738 485 3787 19.
505 3739 613 3802 experire
632 3755 681 3801 eqo.
717 3739 819 3802 experiri
839 3739 894 3787 libri
911 3753 997 3788 omnes.

216 3808 275 3871 Cap.
294 3805 319 3854 v.
365 3805 388 3856 t.
406 3806 570 3869 inquietantur
587 3807 666 3854 denuo
685 3807 710 3856 1.
764 3804 986 3867 optinuisset.
1023 3807 1045 3854 iu
1065 3803 1261 3869 primisrsliqui.
1297 3801 1323 3854 3.

146 3882 302 3937 comperitur
320 3874 360 3938 qni
378 3876 403 3922 Α.
455 3874 480 3921 l.
499 3882 626 3936 quassetur
643 3876 667 3922 t.
727 3873 750 3921 5.
770 3872 942 3935 vituperatione
966 3873 1104 3923 lrudstione
1127 3871 1228 3936 depulsa
1246 3871 1324 3922 tots.

145 3950 193 3991 tres
216 3943 324 3991 Votiemi.
359 3942 558 4004 vituperationem
579 3941 715 3989 laudatione
733 3940 843 4002 dspellss
861 3941 912 3990 bod.
959 3940 982 3989 5.
1002 3939 1172 3991 1111111111.
1213 3936 1238 3988 d.
1256 3952 1323 3989 mur·

144 4006 1016 4059 mbdwmmmwthmbmmmffi
1076 4005 1325 4071 bmmwu

144 4089 257 4125 sumnus
275 4080 300 4125 Α.
344 4075 369 4124 9.
389 4075 446 4124 nibil
466 4091 513 4124 non
533 4083 578 4134 est,
598 4077 648 4124 eius
667 4078 736 4124 estA.
772 4074 836 4124 llibil
855 4076 938 4141 operis
957 4089 1005 4124 uon
1023 4083 1069 4137 est,
1087 4074 1139 4123 eius
1150 4082 1188 4124 est
1204 4074 1228 4124 1.
1264 4071 1323 4124 nibil

145 4142 231 4208 operis
248 4157 296 4192 uou
315 4151 353 4192 est
370 4143 393 4191 d.
429 4144 492 4192 Nihil
512 4144 594 4205 operis
612 4157 660 4192 nou
679 4151 716 4192 est
734 4143 785 4190 eius
804 4158 826 4191 o.

180 4278 199 4326 l.
218 4276 248 4325 de
265 4277 446 4340 consequentiis
473 4273 564 4342 cornis]
592 4277 629 4327 Cl.
648 4277 710 4326 iolrs
762 4275 934 4325 Tertullianus.
978 4272 1108 4322 Menander
1131 4272 1191 4322 illud
1208 4272 1324 4324 babuitu

149 4360 204 4410 cup.
215 4343 256 4393 61).
275 4353 299 4393 et
317 4359 370 4406 esp.
381 4343 421 4393 61.
761 4343 870 4402 Simone,
890 4342 957 4390 cuius
975 4340 1109 4403 discipulus
1127 4341 1180 4390 luit.
1212 4340 1249 4391 et.
1267 4340 1324 4391 111.

180 4429 205 4475 g.
223 4411 381 4475 pulmonibus
407 4406 548 4475 natandum]
572 4410 711 4473 ldetspborr
763 4411 854 4460 Omnes
873 4411 943 4459 llser.
961 4423 1015 4472 cup.
1030 4407 1054 4457 1.

147 4481 178 4529 ds
217 4479 355 4538 bruscbiis,
390 4479 592 4542 quemsdmodom
622 4478 711 4526 Ludos.
798 4511 820 4560 b·
845 4519 871 4558 m
893 4509 991 4570 Apelle,
1014 4505 1098 4571 dmg]
1124 4508 1161 4559 cp,
1189 4501 1225 4558 [η’
1246 4509 1326 4559 cm„

147 4547 178 4597 ds
198 4546 227 4624 11
240 4545 317 4623 Cerdr
337 4554 428 4623 censet,
453 4546 489 4594 vel
507 4547 537 4594 de
555 4546 669 4603 brachiis,
689 4543 712 4593 id
765 4577 822 4627 Chr·
846 4576 940 4640 capus·
977 4576 1010 4624 ⁰0
1034 4576 1116 4625 mm
1143 4589 1196 4640 ap·
1214 4575 1254 4626 23¹
1290 4575 1325 4624 ⁰⁰

147 4624 186 4665 est
205 4628 295 4676 prunis,
322 4628 425 4676 prscrum
445 4613 581 4676 desumpta,
610 4625 713 4675 quorum
765 4643 874 4693 pmcn

147 4681 238 4733 similis
248 4688 285 4730 est
299 4689 379 4730 motus
389 4681 548 4744 reciprocatui
562 4681 713 4745 pulmonum.

183 4749 244 4812 Cup.
263 4749 288 4795 t.
333 4764 356 4797 1.
380 4757 406 4796 nt
433 4748 562 4797 Menandro
587 4755 611 4796 et
632 4747 713 4796 Marcu
798 4761 819 4794 c.
838 4742 971 4808 secundae]
997 4743 1024 4794 ld
1042 4752 1079 4796 est
1095 4743 1263 4800 secundarius,
1280 4753 1326 4790 su·

147 4811 243 4882 placet]
262 4816 343 4866 Marco
362 4816 430 4864 solus
448 4816 519 4865 tradit
538 4815 583 4863 boc
598 4815 712 4879 plicitum
763 4813 882 4876 aelorum.

894 4644 988 4693 llseret.
1007 4642 1109 4708 cupid.
