3242 5775
180 1220 289 1325 suffisia.

322 650 387 716 256
576 662 677 714 unmrs
700 661 831 706 searruu
852 661 1017 705 scansuros
1039 662 1235 717 asarumuur

303 771 476 897 ''snperbia,
508 820 541 874 ut
568 781 785 875 destructorem
814 811 1021 892 superborum.
1068 812 1164 885 Quem
1192 810 1282 875 alium
1309 812 1414 874 adoras

319 917 392 981 mibi
415 912 569 977 ostendit?
589 932 646 993 qua
667 911 848 991 disciplina?
870 932 926 992 qua
950 911 1028 992 spel
1063 912 1233 987 Neminem,
1256 913 1376 993 opinor.

319 1026 350 1082 et
371 1035 458 1096 mam
480 1014 582 1077 docuit
603 1014 796 1088 orationem,
814 1014 941 1075 creatori
963 1013 1153 1092 probavimus
1174 1014 1364 1076 convenire¹.
1407 1045 1414 1075 a

320 1127 368 1182 est
388 1117 415 1179 si
437 1117 525 1179 etiam
547 1115 681 1188 adorari,
704 1115 777 1194 ‘qua
799 1113 873 1176 deus
896 1115 1025 1193 optimus
1048 1122 1078 1177 et
1098 1114 1177 1177 ultro
1201 1114 1316 1189 bonus,
1338 1132 1400 1175 non

320 1220 379 1283 Sed
401 1218 467 1299 quis
490 1216 638 1296 optimus,
660 1215 719 1276 nisi
741 1234 836 1287 unius,
859 1215 969 1295 inquit,
993 1213 1091 1277 deus?
1123 1214 1190 1277 Non
1212 1216 1303 1295 quasi.
1318 1234 1353 1277 ex
1375 1214 1415 1277 du

318 1322 376 1385 diis
396 1338 487 1383 nuum
510 1316 655 1397 optimum
677 1315 857 1389 ostenderit,
880 1318 1046 1378 sedunum
1069 1335 1137 1378 esse
1159 1316 1303 1397 optimum
1326 1316 1414 1379 deum

319 1423 395 1496 lum,
417 1421 466 1499 qui
490 1420 534 1480 sic
554 1435 631 1479 uuus
653 1416 693 1478 sit
715 1416 864 1495 optimus,
897 1416 972 1496 ‘qua
995 1417 1078 1478 solus
1100 1418 1184 1479 deus.
1227 1419 1265 1479 Et
1285 1417 1414 1496 utiquo*

166 1537 402 1596 usensismus,
424 1519 473 1600 qui
495 1517 571 1599 pluit
593 1534 685 1596 super
705 1515 802 1579 iustos
826 1525 856 1578 et
877 1516 1025 1591 iniustos,
1049 1526 1079 1579 et
1100 1517 1196 1580 solem
1219 1537 1306 1581 suum
1328 1518 1405 1579 oriri

318 1622 529 1704 superbonus
551 1626 581 1680 et
602 1616 714 1691 malos,
747 1616 899 1679 sustinens
921 1626 952 1679 et
972 1619 1055 1680 aleus
1078 1627 1108 1680 et
1128 1617 1231 1680 iuvans
1253 1620 1341 1681 etiam
1364 1619 1414 1681 lla

172 1725 407 1787 inambulas.
450 1719 583 1800 Denique
611 1719 812 1799 iuterrogatus
841 1718 878 1779 ab
906 1719 957 1780 illo
985 1720 1128 1799 quodam,
1162 1719 1342 1800 Praeceptor
1371 1735 1414 1799 opt

193 1778 278 1823 18-22

318 1823 389 1906 quid
412 1821 522 1884 iaciens
542 1821 631 1882 uitam
653 1828 802 1881 aeternam
824 1818 1014 1899 possidebo?
1041 1821 1078 1882 de
1099 1820 1266 1901 praeceptis
1289 1818 1414 1882 creatori

320 1943 354 1987 ea
377 1922 483 1998 sciret,
504 1921 534 1983 id
557 1929 603 1982 est
623 1921 749 2017 laceret,
771 1920 983 1999 expostulavit,
1006 1922 1042 1983 ad
1060 1922 1285 1984 contestandum
1306 1921 1414 2002 ’praec

319 2024 464 2087 creatoris
492 2022 581 2084 dum
614 2020 727 2101 acquiri
761 2021 991 2101 sempiternam:
1029 2021 1173 2102 'cumque
1202 2021 1251 2085 ille
1283 2022 1414 2103 principa

274 2206 276 2210 Ι
319 2143 453 2206 quaeque
474 2123 653 2185 affirmasset
674 2119 853 2184 observasse
875 2140 908 2183 se
936 2121 973 2185 ab
1001 2121 1217 2197 adulescentia,
1244 2122 1360 2198 Unum,
1388 2123 1414 2185 iu

320 2225 374 2289 tibi
396 2227 496 2287 deest:
520 2222 640 2297 Omnia,
663 2240 856 2304 quaecunque
877 2221 986 2296 babes,
1009 2224 1103 2285 rende
1126 2232 1155 2286 et
1175 2224 1213 2285 da
1233 2224 1414 2304 pauperibus

319 2326 443 2389 babebis
466 2326 640 2386 thesaurum
663 2322 814 2395 incaelo,
843 2330 874 2384 et
893 2324 977 2396 reni,
1007 2342 1133 2404 sequere
1154 2343 1214 2387 me.
1251 2323 1329 2405 Age,
1350 2324 1414 2386 blar

320 2445 484 2509 omnesque
512 2426 571 2486 iam
598 2423 833 2485 commiserones
852 2431 896 2485 'et
922 2423 1106 2485 coodibilesb
1136 2425 1201 2487 eius
1229 2424 1389 2499 baeretici,

319 2527 466 2590 audebitis
488 2522 611 2587 dicere?
645 2523 833 2586 ”Resciditne
848 2522 985 2586 Christus
1006 2525 1107 2605 priora
1128 2534 1303 2605 praecepta,
1326 2544 1388 2588 nou
1411 2553 1414 2580 ι

320 2626 425 2698 deudi‚
448 2642 509 2686 nou
530 2623 728 2696 adulterandi,
751 2640 812 2685 non
833 2624 967 2697 iurandi,
989 2642 1048 2685 non
1063 2625 1169 2686 laisum
1184 2625 1331 2701 testandi,
1352 2626 1414 2706 dilq

318 2734 434 2807 patrem
456 2731 486 2785 et
506 2721 657 2785 matrem?
690 2724 753 2785 ¹⁰au
776 2731 806 2784 et
827 2721 875 2785 illa
897 2724 1039 2797 servarit,
1068 2733 1098 2786 et
1124 2724 1205 2805 quod
1233 2725 1336 2787 deerat
1362 2725 1414 2788 adi

321 2811 506 2904 Quamquam
529 2830 559 2886 et
579 2822 639 2886 boo
657 2831 849 2904 praeceptum
871 2823 1036 2904 largitionis
1064 2825 1094 2887 in
1123 2844 1235 2906 egenos
1263 2826 1374 2907 ubique
1399 2826 1414 2890 d

319 2944 387 2988 sum
415 2926 455 2987 sit
481 2925 511 2987 in
537 2925 602 3003 lege
629 2933 660 2987 et
686 2924 858 3005 prophetis,
895 2925 938 2987 uti
970 2926 1208 3005 gloriosissimus
1237 2927 1286 2991 ille
1314 2927 1414 2991 obserr

318 3035 545 3108 praeceptorum
571 3025 727 3105 pecuniam
755 3025 875 3087 ¹¹multo
903 3025 1046 3088 cariorem
1075 3027 1232 3090 habiturus
1260 3028 1414 3092 traducere

166 3128 438 3190 saonaesuvun
460 3135 506 3189 est
526 3125 614 3205 igitur
635 3133 666 3187 et
685 3123 744 3187 hoc
764 3124 795 3186 iu
818 3125 985 3206 evaugelio:
1017 3126 1084 3189 Non
1111 3128 1178 3191 veni
1205 3128 1371 3192 dissolvere
1394 3126 1414 3191 lt

320 3236 352 3291 et
377 3229 555 3309 propbetas,
589 3226 642 3289 sed
672 3225 773 3307 potius
800 3224 972 3305 adimplere.
1020 3227 1115 3289 Simul
1137 3238 1167 3290 et
1188 3241 1286 3291 cetera
1307 3228 1414 3292 nubila

317 3329 468 3402 liberarit,
489 3326 706 3390 manifestando
727 3326 817 3388 nnius
840 3344 909 3389 esse
930 3335 960 3388 et
981 3326 1028 3389 dei
1043 3347 1152 3391 nomeu
1168 3337 1199 3390 et
1213 3330 1335 3410 optimi,
1357 3337 1414 3392 etr

318 3438 470 3493 aeternam
491 3437 522 3491 et
541 3428 714 3490 thesaurum
736 3427 768 3489 in
790 3427 887 3502 caelo,
921 3435 951 3489 et
978 3429 1188 3509 semetipsum,
1221 3431 1307 3494 cuius
1334 3447 1414 3512 praet

318 3529 483 3611 supplendo
507 3536 537 3590 et
558 3527 746 3591 conservarit
766 3535 797 3590 et
818 3529 915 3602 auxit,
936 3529 1098 3591 secuudum
1110 3530 1271 3594 Michaeam
1293 3530 1413 3613 quoque

164 3654 304 3708 malms,
319 3630 385 3691 loco
407 3629 678 3709 recognoscendus,
701 3626 860 3702 dicentem,
883 3627 915 3688 Si
930 3629 1114 3692 annuntiavit
1135 3629 1198 3703 tibi,
1221 3631 1324 3705 homo,
1346 3629 1414 3712 quid

316 3747 404 3802 num,
433 3737 484 3790 aut
505 3727 576 3806 quid
598 3748 615 3789 a
638 3738 665 3791 te
687 3727 827 3790 dominus
850 3728 979 3808 exquirit
1004 3748 1092 3810 quam
1115 3732 1211 3792 lacere
1232 3729 1388 3806 iudicium,

318 3847 389 3909 gere
410 3828 662 3902 misericordiam,
688 3836 719 3891 et
738 3837 874 3909 paratum
897 3846 966 3890 esse
988 3830 1073 3909 sequi
1095 3830 1249 3893 domiuum
1272 3831 1359 3896 deum
1381 3840 1414 3895 oo

317 3928 355 3990 Et
375 3928 466 3991 bomo
489 3927 568 3990 euim
583 3928 719 3991 Christus
740 3929 919 3992 annuntians
942 3929 1012 4009 quid
1027 3929 1066 3991 sit
1079 3929 1210 4004 bonum,
1233 3930 1414 3996 scientiaml

316 4027 492 4109 Praecepta,
514 4028 623 4108 inquit,
647 4028 717 4091 scis.
755 4030 865 4092 Facere
885 4029 1042 4091 iudicium:
1063 4030 1180 4105 Vende,
1202 4031 1312 4114 inquit,
1336 4050 1411 4114 quas

315 4127 388 4204 bas;
410 4128 560 4210 ¹'diligere
574 4128 822 4192 misericordiam:
844 4130 882 4192 Et
901 4130 948 4203 da,
971 4130 1077 4210 inquit
1100 4130 1220 4212 egenis3
1241 4141 1378 4213 paratum
1392 4130 1414 4167 ¹³

316 4313 341 4363 b.
359 4328 430 4376 quem
450 4313 473 4364 G.
509 4327 581 4377 wem
598 4313 626 4362 B.
669 4313 694 4362 d.
711 4329 783 4378 quam
796 4316 820 4365 c.
861 4315 886 4365 7.
904 4317 1069 4380 praeceptoris
1085 4317 1155 4369 uun
1174 4318 1200 4369 B.
1235 4318 1403 4385 praeceptoria

315 4381 376 4430 toris
396 4379 419 4431 t'.
469 4379 495 4430 8.
514 4381 602 4443 quique
621 4379 689 4429 illum
709 4381 732 4431 G.
776 4382 800 4433 a.
819 4383 904 4432 recidit
922 4382 1013 4433 usuc.
1058 4383 1098 4437 10.
1116 4393 1172 4436 note
1189 4392 1213 4434 et
1229 4386 1275 4436 BG.
1310 4394 1414 4439 sanast

315 4448 600 4579 ffffi’jnoufflmw
617 4447 757 4499 Priamus.
817 4448 857 4499 11.
884 4449 984 4500 multam
1007 4450 1051 4500 Bt'.
1113 4450 1153 4502 12.
1178 4452 1251 4515 dilige
1268 4452 1344 4506 sose.
1396 4454 1414 4507 l:

350 4648 382 4698 Ca
403 4646 523 4698 .xxxvl.
566 4663 587 4697 a.
612 4643 764 4709 probavimus
787 4662 874 4699 conre-
961 4666 980 4700 c
999 4646 1414 4718 traduceretur.]Conrinceretur‚a

315 4716 376 4765 nire.
406 4716 484 4778 Supra
503 4729 555 4779 cap.
569 4712 611 4764 26.
926 4725 1026 4777 teretur,
1044 4720 1232 4779 suffunderetur.
1247 4720 1279 4772 de
1290 4737 1340 4787 qao
1354 4720 1414 4772 buin

350 4783 373 4831 b.
391 4782 581 4832 commiserones
599 4788 623 4831 et
633 4775 777 4846 coodibiles]
795 4781 819 4831 V.
832 4797 874 4832 su·
926 4786 1037 4834 latissimi
1061 4788 1125 4850 apud
1152 4788 1327 4841 Tertullianum
1353 4789 1414 4841 reth

315 4864 359 4913 pra
378 4864 430 4912 cap.
441 4848 466 4899 a.
926 4867 1000 4917 saepe
1018 4853 1065 4903 iam
1084 4856 1220 4920 expositum
1238 4864 1284 4907 est
