3242 5775
714 637 752 681 oa
773 635 873 679 ιιιιιιι.
1321 622 1380 685 601

217 785 410 859 tradiderunt,
445 792 479 846 ut
506 792 536 846 et
562 803 642 847 nnnc
668 784 746 855 duo,
779 785 849 847 licet
876 785 1008 858 diversa,
1042 786 1128 847 etiam
1162 787 1243 848 unita
1272 788 1384 866 paritet·

223 888 345 961 elbnant,
378 886 550 966 pariterque
576 885 723 947 insinuata
753 886 837 948 sulco
860 895 890 947 et
912 906 981 947 arro
1011 905 1067 948 sno
1095 886 1207 965 pariter
1233 887 1386 949 hominem

227 998 393 1067 eramque
414 986 580 1048 substantia
603 987 785 1060 effruticent,
812 987 842 1048 in
865 1006 923 1066 quo
946 1005 1053 1049 rursus
1076 1007 1178 1048 semen
1202 988 1386 1051 sunminsit

231 1089 375 1151 seeundum
397 1105 510 1168 genus,
544 1088 622 1150 siout
649 1087 730 1149 omni
757 1088 920 1150 conditioni
950 1088 1068 1166 genitali
1097 1089 1304 1167 praestitutum
1327 1098 1383 1151 est.

188 1267 189 1272 ἵ
232 1187 306 1268 igitur
325 1208 360 1250 ex
383 1208 444 1251 uno
467 1188 587 1250 bomine
610 1198 670 1250 tota
700 1189 773 1250 baec
800 1190 964 1250 animarum
993 1188 1244 1263 ¹²redundantia⁸,
1275 1190 1382 1253 obser·

188 1325 189 1340 ι
234 1300 300 1352 vante
320 1290 433 1353 seilicet
454 1298 558 1352 natura
580 1289 627 1351 dei
649 1290 792 1351 edictum:
816 1290 946 1351 Crescite
968 1298 998 1350 et
1020 1290 1050 1349 in
1070 1290 1285 1352 multitudinem
1308 1309 1381 1372 pro·
1396 1307 1512 1360 osanna

235 1389 301 1452 beite
330 1391 404 1453 Nam
428 1400 459 1452 et
479 1391 509 1451 in
532 1390 596 1470 ipsa
611 1392 794 1470 praefatione
809 1392 910 1470 operis
926 1391 1030 1463 unius,
1054 1390 1206 1451 Faciamus
1220 1390 1382 1465 hominem,
1397 1409 1515 1462 osaiae

209 1491 349 1553 minema
371 1493 533 1572 posteritas
560 1492 713 1571 pluraliter
740 1492 906 1571 praedicata
936 1498 997 1552 est:
1029 1492 1068 1552 Et
1093 1492 1226 1571 praesint
1251 1492 1383 1571 piscibus

236 1593 315 1654 nans.
357 1592 437 1653 Nihil
460 1592 584 1667 mirum,
607 1593 803 1672 repromissio
827 1594 936 1672 segetis
959 1593 989 1652 in
1013 1593 1135 1654 semine.

299 1693 390 1767 'Quis
412 1693 461 1754 ille
482 1712 562 1755 nnnc
583 1702 667 1756 vetus
690 1713 789 1755 sermo
807 1695 884 1774 apud
899 1693 1073 1755 memoriam
1088 1693 1235 1755 Platonis·
1257 1695 1295 1756 de
1315 1695 1529 1759 ant-cunm

236 1809 325 1856 narum
347 1795 503 1874 reciproco
525 1794 673 1868 discursu,
696 1796 775 1874 qtrod
790 1795 860 1856 hinc
874 1794 1019 1856 abeuntes
1035 1794 1121 1856 'eant
1136 1796 1214 1868 illuc,
1237 1804 1267 1856 et
1280 1813 1384 1857 rursus

236 1890 276 1955 bue
293 1896 412 1957 veniant
434 1904 464 1957 et
485 1895 615 1966 'vivant,
638 1904 668 1957 et
689 1896 796 1956 debinc
818 1895 852 1957 ‘e
867 1896 925 1956 vita
941 1895 1060 1965 abeant,
1083 1913 1188 1957 rursus
1205 1914 1239 1956 er
1256 1898 1384 1958 mortuis

236 1995 291 2058 enai
310 1995 419 2058 vivos?
462 1997 685 2076 Pythagoricus,
718 2006 750 2057 ut
771 1997 873 2059 volunt
899 1998 1051 2076 ‘quidam3
1085 1997 1214 2058 divinum
1241 1996 1385 2059 Albinusi

199 2097 201 2102 ’
236 2097 380 2171 ιιιιῑιιιιιῐ,
416 2097 569 2159 ⁶ttercurit
599 2098 722 2159 forsitan
745 2098 887 2176 Aegyptii.
936 2098 994 2158 Sed
1024 2099 1120 2160 nullus
1143 2116 1243 2160 sermo
1266 2098 1384 2160 divinus

236 2196 276 2259 nisi
304 2199 351 2260 dei
381 2198 484 2270 unius,
517 2217 575 2277 quo
602 2199 784 2278 prophetae,
817 2218 874 2277 quo
903 2199 1046 2277 apostoli,
1079 2218 1137 2277 qno
1160 2199 1225 2278 ipse
1248 2199 1385 2262 Christus

235 2295 353 2362 intonuit
393 2299 485 2360 llnlto
507 2299 657 2379 antiquior
678 2301 793 2378 lloyses
816 2300 903 2359 etiam
920 2300 1065 2360 Satumo‘
1086 2301 1245 2378 nongentis
1268 2301 1387 2362 circiter

234 2401 310 2475 uris,
332 2400 441 2462 nedum
464 2400 680 2481 pronepotibus
703 2401 778 2473 eins,
802 2408 882 2460 certe
903 2399 1030 2461 divinior
1051 2399 1153 2474 multo,
1177 2401 1227 2480 qui
1242 2402 1386 2463 decursus
1463 2473 1466 2478 ¹

233 2502 331 2577 generis
353 2501 476 2563 bumani
498 2501 534 2562 ab
557 2502 679 2562 exordio
703 2501 803 2562 mundi
832 2519 950 2580 quoqne
979 2520 1033 2580 per
1061 2501 1192 2579 singulas
1220 2502 1385 2564 nativitates

233 2603 387 2664 nominatim
411 2603 657 2682 temporatimque
679 2602 813 2679 digessit,
837 2603 910 2662 satis
925 2601 936 2634 ⁷
943 2601 1072 2680 probans
1091 2603 1271 2664 divinitatem
1287 2603 1388 2684 operis

233 2718 258 2763 ιι
273 2704 454 2766 divinatione
476 2704 569 2765 vocis.
613 2703 644 2764 Si
667 2721 737 2764 vero
760 2703 878 2764 Samius
908 2702 1042 2782 sophista
1066 2703 1179 2765 Platoni
1209 2713 1313 2767 auctor
1341 2713 1389 2767 est

232 2798 270 2866 'ie
289 2805 456 2867 animarum
484 2804 642 2865 recidivatu
671 2804 824 2866 revolubili
854 2822 973 2883 semper
1002 2823 1036 2865 ex
1066 2805 1177 2866 alterna
1199 2813 1387 2868 mortuorum
1446 2856 1449 2860 .

231 2912 300 2986 atqtm
322 2907 482 2969 viventium
499 2906 684 2975 suffectione,
708 2916 788 2967 certe
803 2906 851 2968 ille
865 2907 1057 2986 Pythagoras,
1081 2908 1137 2968 etsi
1160 2907 1257 2969 bonus
1279 2916 1387 2981 cetera,

231 3012 311 3070 umen
334 3016 369 3070 ut
391 3008 467 3068 banc
489 3008 664 3068 sententiam
687 3016 862 3078 exstrueret,
886 3027 945 3069 non
962 3009 1040 3088 turpi
1059 3009 1158 3083 modo,
1181 3010 1387 3071 verumetiam

229 3109 374 3170 temerans
397 3108 551 3169 mendacio
575 3108 716 3169 incubuit.
762 3108 930 3187 Cognosce,
961 3110 1010 3187 qui
1031 3111 1146 3184 nescis,
1170 3120 1199 3171 et
1220 3111 1308 3172 crede
1330 3129 1388 3172 no·

225 3204 340 3272 bium
387 3209 511 3269 llortem
535 3209 668 3279 simulat,
693 3209 888 3270 subterraneo
911 3209 1034 3281 latitati,
1057 3209 1230 3289 ⁹septennio
1252 3210 1313 3271 illic
1333 3229 1388 3289 pa·

224 3309 347 3372 lientiam
371 3310 505 3381 damnat,
528 3310 639 3371 interea
662 3329 736 3388 quae
759 3310 795 3369 de
818 3309 948 3388 posteris
972 3309 1118 3370 defunctis
1134 3310 1169 3369 ad
1184 3309 1272 3369 fidem
1288 3327 1388 3371 rerum
1424 3309 1427 3315 ’

223 3419 296 3474 esaet
315 3410 465 3473 relaturus
488 3410 525 3470 ab
553 3411 638 3472 unica
668 3409 785 3471 conscia
817 3418 847 3471 et
872 3409 1008 3470 ministra
1035 3419 1128 3471 matre
1156 3407 1325 3487 cognoscit,
1358 3417 1392 3470 ut

222 3561 257 3617 12
274 3562 442 3622 redundantia,
460 3563 601 3612 observante
615 3564 637 3612 C.
673 3562 831 3612 redundantia
850 3561 991 3611 observante
1009 3562 1086 3623 agitur
1101 3562 1126 3610 B.
1162 3559 1319 3609 redundantia
1338 3559 1389 3622 agi·

219 3639 265 3692 tar,
281 3632 425 3680 observante
443 3634 481 3680 ab.
624 3672 627 3676 ,
775 3668 777 3673 2

283 3698 342 3762 Cap.
361 3698 461 3747 xxviii.
499 3698 520 3746 l.
540 3697 689 3746 ADVERSVS
709 3694 884 3754 pistorien,
911 3694 973 3744 NON
992 3696 1030 3744 Ex
1048 3694 1179 3744 llOll‘llllS
1197 3693 1277 3743 Fllilil
1296 3692 1391 3745 titos,

217 3765 397 3827 mittero.
450 3765 582 3815 bstntlt.
636 3765 659 3813 3.
679 3767 736 3812 bant
754 3764 778 3812 B.
837 3763 1075 3812 bitabsbeantll.
1129 3763 1284 3826 b.quidam;
1311 3762 1390 3813 divum

215 3833 315 3884 uttam
333 3833 453 3883 existimat
470 3849 518 3895 eqo.
555 3833 652 3895 qnidam
672 3833 771 3881 divinus.
795 3832 894 3879 Albinus
912 3830 1122 3894 (llalbinasllmql
1141 3831 1259 3880 existimat
1275 3832 1300 3880 B.
1336 3832 1392 3895 qni·

215 3900 272 3951 data
288 3901 392 3960 divinus,
411 3901 498 3959 Albini,
517 3908 543 3948 ut
561 3900 679 3958 existimo,
698 3907 738 3946 ant
753 3900 790 3948 Ca.
827 3899 883 3962 quin
896 3906 920 3947 et
937 3899 1038 3960 divinus,
1058 3907 1082 3948 nt
1095 3899 1332 3962 llbinnseristimat,
1351 3907 1393 3949 ant

216 3970 246 4030 i,
267 3985 318 4019 ease
336 3969 417 4017 Fnlsio
430 3970 520 4017 Ursino.
562 3968 585 4016 6,
606 3967 749 4015 llercnriill.
791 3966 815 4014 l.
835 3967 950 4029 probatus
969 3967 993 4016 B.
1036 3966 1059 4016 8.
1079 3967 1108 4015 de
1126 3968 1259 4016 animarum
1277 3969 1301 4017 B.
1338 3970 1392 4018 ani-

215 4050 309 4087 naram
329 4036 360 4085 de
371 4036 425 4085 cab.
460 4035 485 4085 9.
503 4036 630 4099 septennio
651 4035 699 4083 illic
717 4035 855 4097 patientiam
867 4034 891 4082 li.
927 4035 1037 4098 septenni
1055 4049 1082 4084 se
1100 4034 1150 4083 illie
1167 4035 1280 4098 patientia
1298 4037 1393 4101 reliqui.

247 4184 272 4231 g.
288 4164 462 4234 redundantia]
481 4169 558 4218 Editio
577 4169 690 4232 princeps
710 4169 781 4217 babet
833 4169 967 4229 isagogicas
986 4168 1009 4215 in
1029 4167 1134 4217 Platonis
1152 4168 1262 4230 dialogos
1287 4178 1351 4220 extat
1368 4171 1392 4221 in

215 4237 393 4298 ..retiandautia
414 4237 555 4285 observante
568 4238 645 4297 agitur
661 4237 780 4285 scilicet.“
833 4236 977 4285 bibliotheca
989 4235 1058 4296 liegia
1078 4231 1153 4299 [nunc
1168 4234 1268 4299 edituri.
1292 4237 1322 4287 Et
1333 4238 1393 4288 Cas·

215 4305 264 4355 Sati
281 4305 331 4356 bae
348 4307 426 4367 agitur
444 4312 502 4366 puto
520 4305 615 4352 simiam
634 4304 698 4352 illins
710 4306 780 4365 iqitur
832 4304 945 4352 sicdorns
959 4303 1143 4351 senatorntbint
1155 4303 1184 4351 de
1196 4303 1283 4355 idosiea
1303 4305 1392 4356 librom

216 4372 281 4438 qaotl
306 4372 383 4437 paulo
410 4387 484 4435 snpra
514 4373 661 4436 praecessit,
689 4385 780 4434 perque
831 4386 858 4419 se
877 4372 899 4419 in
925 4371 1070 4419 bibliotheca
1090 4371 1179 4419 liomae
1202 4381 1256 4421 ante
1279 4374 1393 4435 gentilem

215 4438 307 4491 bicarii
326 4454 436 4489 errorem
457 4441 503 4488 buc
517 4440 680 4487 descendisse.
700 4440 780 4497 Quare
830 4439 993 4488 incursionem
1012 4438 1126 4488 babuisse
1143 4448 1323 4490 commemorat
1342 4441 1393 4500 (tti-

215 4509 389 4573 aartirpatione
414 4521 485 4570 qnam
510 4508 699 4569 transpositione
724 4506 781 4555 huic
832 4506 899 4568 galt.)

216 4574 271 4627 lm
289 4575 469 4626 consulendum
489 4575 635 4624 censuimus.

247 4644 308 4708 Cap.
328 4643 429 4693 Xllillll.
454 4656 474 4690 a.
494 4643 684 4691 illennncvetus
698 4655 779 4690 sermo

216 4712 278 4776 aput
297 4712 444 4762 memoriam
459 4706 576 4774 Platonis]
596 4710 621 4759 ll.
632 4709 690 4759 Plat.
703 4710 780 4758 Pbae·

217 4779 278 4831 deae
295 4795 323 4845 p.
334 4779 391 4827 'lde
411 4793 434 4840 q.
866 4775 890 4824 d.
908 4775 1066 4825 subterraneo
1085 4778 1162 4828 latitat
1179 4775 1246 4841 cett]
1271 4774 1307 4826 ct.
1325 4773 1392 4836 lliog.

248 4849 273 4898 b.
295 4793 414 4909 Albinusi
441 4845 519 4896 Albini
543 4845 658 4896 Platonici
682 4843 780 4894 libellas
832 4843 910 4894 Laert
930 4843 1091 4906 vtt1,2t,4t.

866 4623 886 4656 c.
911 4606 1032 4670 antiquior
1058 4605 1151 4670 lloyses
1181 4609 1251 4659 etism
1277 4603 1393 4672 Saturno]

832 4674 869 4725 (ll.
888 4675 917 4724 de
935 4681 1012 4723 aetate
1031 4674 1103 4738 lloyri
1121 4675 1222 4740 Apolog.
1241 4693 1293 4742 cap.
1306 4675 1344 4725 te.
