3242 5775
436 598 442 606 '
565 624 714 686 inruens
734 625 909 672 macrones
930 630 988 673 nm.
1003 630 1042 674 rr.
1335 627 1395 693 211

213 770 302 834 debat
316 779 507 849 mentorem,
529 774 605 835 eius·
617 774 685 836 lidei
710 793 745 837 se
766 776 855 838 deum
876 778 1034 858 respondit
1054 799 1141 861 quam
1155 784 1301 865 probarit.
1336 791 1399 858 Nee

216 871 284 934 illud
305 872 489 950 ”omittam
511 874 609 956 quod,
632 876 703 937 dum
722 877 856 957 tangitur
870 879 1080 944 vestimentum
1095 884 1178 959 eius,
1202 888 1304 969 utique
1325 911 1396 955 eor-

220 973 295 1070 pori,
323 993 386 1037 non
415 975 613 1056 phantasmati
636 977 781 1052 inditum,
812 996 922 1060 corpus
952 1000 1071 1061 quoque
1098 975 1396 1069 demonstrabatm¹3

223 1093 277 1140 tou
296 1076 384 1156 quasi
405 1076 464 1139 iam
486 1078 525 1139 de
545 1077 605 1140 hoo
625 1087 837 1155 retractemus,
872 1080 925 1143 sed
954 1082 1021 1160 quia
1047 1083 1085 1145 ed
1106 1097 1297 1164 praesentem
1318 1110 1394 1154 con·

224 1176 307 1256 xpirat
326 1178 542 1258 quaestionem.
586 1179 618 1240 Si
642 1180 720 1242 enim
743 1198 804 1241 non
828 1189 892 1242 erat
913 1182 1021 1245 veritas
1044 1185 1195 1264 eorporis,
1217 1190 1394 1267 phantasma

226 1277 315 1357 etipie
330 1280 542 1353 contaminari,
565 1299 622 1361 qua
638 1299 687 1344 res
704 1299 811 1355 vacua,
834 1300 896 1343 non
910 1293 1024 1362 posset.
1056 1284 1113 1357 Qui
1129 1304 1200 1365 ergo
1216 1305 1277 1350 non
1291 1300 1395 1372 potest

228 1380 408 1441 contaminari
440 1400 512 1462 prae
543 1382 686 1443 inanitate
722 1382 921 1456 substantiae,
958 1386 1108 1462 quomodo
1144 1387 1312 1454 voluisset?
1357 1392 1393 1456 Ut

229 1481 347 1542 mulus
370 1481 445 1560 legis
467 1482 680 1557 mentiebatur,
703 1482 752 1563 qui
775 1501 837 1544 non
859 1502 928 1546 vere
948 1484 1142 1564 polluebatur.
1492 1537 1495 1542 .

298 1581 428 1645 llimittit
448 1583 610 1663 discipulos
632 1569 668 1645 ad
690 1583 918 1665 praedicandum
941 1584 989 1646 dei
1010 1603 1145 1665 regnum.
1182 1588 1331 1669 Numquid
1346 1593 1393 1655 rel
1411 1598 1527 1654 cte-¹¹1·

229 1679 267 1742 ue
290 1682 383 1744 aaran
411 1683 519 1746 cuius?
560 1685 703 1746 Prohibet
731 1703 784 1747 eos
812 1684 901 1747 nem
930 1695 981 1747 auc
1009 1687 1129 1749 vesum
1158 1688 1228 1766 qno
1256 1690 1287 1751 n
1314 1675 1391 1754 nim
1405 1657 1505 1753 Ἣ·

227 1781 304 1845 iere
344 1783 421 1857 Quis
442 1785 502 1847 hoc
522 1786 710 1859 mandasset,
732 1785 790 1848 nisi
812 1786 863 1866 qui
886 1795 915 1847 et
935 1804 1043 1847 corvos
1059 1787 1142 1860 ¹alit,
1166 1797 1195 1848 et
1214 1788 1306 1851 llores
1327 1792 1390 1870 agri

226 1885 316 1958 aaut,
339 1885 391 1965 qui
414 1884 481 1948 hovi
505 1905 623 1967 quoque
645 1886 752 1948 terenti
774 1886 940 1948 libertatem
963 1887 1024 1948 oris
1045 1886 1212 1949 adveniam
1231 1888 1333 1968 pabuli
1354 1909 1389 1953 ex

224 2001 306 2065 qere
324 1985 551 2048 ’summovendi
575 1998 642 2049 ante
664 1986 829 2067 praecepit,
856 1987 923 2067 quia
946 1987 1053 2066 dignus
1077 1987 1232 2067 operarius
1254 1991 1391 2053 mercede

222 2085 294 2149 sua?
336 2086 419 2149 llaec
439 2088 568 2149 llarciou
590 2088 701 2162 deleat,
729 2089 799 2150 dum
823 2088 925 2149 sensui
947 2087 1026 2149 salva
1048 2088 1118 2149 sint.
1162 2089 1200 2151 At
1221 2108 1287 2151 cum
1308 2089 1392 2153 iubet

222 2186 365 2268 pulverem
388 2199 526 2251 excutere
547 2189 585 2250 de
606 2189 733 2269 pedibus
754 2190 784 2250 in
808 2208 861 2251 eos
883 2208 900 2250 a
921 2189 1029 2268 quibus
1046 2189 1160 2269 excepti
1175 2207 1236 2250 non
1250 2190 1389 2265 luissent,

222 2297 249 2350 a
266 2288 323 2351 hoc
344 2289 376 2350 iu
399 2290 603 2351 testimonium
619 2290 738 2351 mandat
751 2289 827 2351 fieri.
858 2289 951 2351 Nemo
970 2297 1098 2351 testatur
1111 2290 1190 2368 quod
1205 2308 1265 2351 non
1280 2290 1389 2353 iudicio

221 2387 397 2464 laudatum
421 2391 663 2452 inhumanitatem
686 2390 736 2469 qui
758 2389 805 2450 ³in
828 2390 1019 2453 testationem
1034 2388 1127 2469 redigi
1143 2389 1240 2464 iubet,
1262 2389 1390 2453 iudicem

223 2492 423 2552 comminatur.
474 2491 590 2553 Nullum
615 2492 704 2556 deum
734 2509 843 2552 novum
865 2509 881 2551 a
904 2490 1022 2553 Christo
1050 2489 1208 2568 probatum
1230 2490 1279 2552 illa
1299 2491 1389 2553 otiam

225 2592 316 2676 opinio
340 2593 476 2655 omnium
498 2593 669 2666 declaravit,
692 2593 759 2672 quia
782 2590 932 2653 Christum
953 2592 1052 2653 lesum
1074 2591 1121 2653 alii
1143 2592 1305 2666 loannem,
1339 2592 1529 2657 sliiuucnnns

225 2687 342 2767 Uelinum
366 2693 417 2755 alii
439 2712 530 2755 unum
552 2693 678 2772 aliquem
700 2712 735 2753 ex
757 2691 907 2753 veteribus
925 2692 1081 2772 prophetis
1097 2691 1209 2754 Herodi
1230 2692 1389 2755 adsevera-

230 2789 297 2854 bat
327 2794 372 2856 Ex
395 2795 504 2875 quihus
526 2794 693 2873 quicunque
714 2792 837 2864 luisset,
860 2810 920 2853 non
942 2795 1045 2872 utique
1066 2791 1121 2853 ‘ob
1143 2793 1201 2853 hoc
1223 2801 1269 2855 est
1290 2793 1389 2855 susci·

233 2900 295 2956 aur
315 2906 349 2958 ut
369 2897 460 2957 alium
483 2896 569 2958 deum
591 2904 661 2974 post
683 2894 931 2955 resurrectionem
947 2894 1141 2972 praedicaret.
1178 2894 1277 2966 Pascit
1289 2912 1388 2976 popu·
1403 2891 1502 2985 lf00;¹,¹lg

235 2990 529 3069 lancelinum,
560 2997 597 3057 de
619 2995 745 3075 pristino
769 2993 882 3055 scilicet
902 3007 1014 3055 more·.
1057 2995 1115 3055 hut
1143 2995 1168 3056 si
1198 3012 1259 3056 non
1286 2996 1390 3057 eadem

176 3108 182 3136 ·-·
238 3098 440 3170 ωἱεεῐεεῦ,
464 3116 534 3176 ergo
557 3098 614 3158 iam
637 3097 736 3157 minor
758 3102 806 3155 est
828 3103 975 3167 creatore,
998 3095 1048 3174 qui
1071 3114 1132 3156 non
1153 3114 1213 3156 uno
1236 3095 1300 3170 die,
1335 3095 1389 3157 sed

176 3218 190 3249 r.
242 3198 305 3258 nis
325 3198 535 3279 quadraginta,
558 3217 613 3260 nec
634 3198 671 3259 de
694 3195 884 3258 inferioribus
906 3196 1038 3257 materiis
1061 3195 1146 3275 panis
1163 3204 1193 3257 et
1206 3196 1314 3275 piscis,
1337 3196 1391 3257 sed

176 3316 189 3338 e
244 3292 382 3361 lemanna
405 3301 541 3373 caelesti,
565 3319 620 3360 nec
641 3298 770 3378 quinque
792 3296 923 3368 circiter,
952 3296 1005 3357 sed
1028 3304 1166 3357 sexcenta
1189 3296 1268 3357 milia
1289 3296 1389 3357 homi·

247 3410 294 3459 n
313 3401 495 3479 protelarit‘.
528 3401 609 3461 hdeo
632 3409 728 3461 autem
751 3416 784 3458 ea
806 3397 863 3458 luit
883 3396 1041 3468 maiestas,
1064 3404 1097 3457 ut
1118 3404 1147 3455 et
1161 3394 1260 3474 pabuli
1276 3394 1390 3471 exigui-

176 3500 198 3541 Β
250 3500 313 3560 Uen
338 3521 396 3562 non
427 3509 540 3562 tantum
567 3501 719 3572 sufficere,
755 3515 857 3559 verum
887 3495 974 3556 mam
1002 3494 1166 3556 exuberare
1198 3493 1234 3554 de
1261 3491 1391 3572 pristino

207 3578 209 3582 ¹
252 3598 346 3661 meni
367 3602 514 3681 exemplo.
559 3601 610 3662 Sic
631 3600 709 3661 enim
732 3598 814 3660 etin
837 3605 972 3676 ternpore
994 3595 1080 3657 samis
1103 3594 1159 3655 suh
1182 3594 1266 3656 llelia
1287 3593 1529 3689 viduaellif-tiffill

175 3703 204 3744 nt·
254 3692 388 3780 tunensi
413 3703 527 3763 modica
551 3711 579 3762 et
601 3718 738 3780 suprema
760 3699 900 3760 alimenta
932 3717 967 3759 ex
996 3697 1158 3778 prophetae
1186 3694 1392 3757 benedictione
1506 3718 1510 3723 ’

175 3806 181 3816 “
256 3810 291 3872 μ
306 3812 390 3864 totum
412 3804 500 3865 lamis
523 3812 640 3882 tempus
663 3799 907 3862 redundaverant.
956 3797 1092 3859 ⁴¹’Habes
1114 3795 1248 3858 ‘tertiam
1270 3793 1391 3854 “Basi-

176 3908 195 4021 ι’,
259 3942 373 4003 ile-itui
389 3957 561 4019 Hostispeesul.

302 4019 350 4083 up.
367 4024 424 4072 ill.
462 4023 484 4071 l.
504 4025 565 4085 parit
584 4022 607 4071 C.
651 4019 803 4069 asumendi
823 4018 888 4067 Folo.
900 4018 1005 4067 Ursinus.
1057 4014 1080 4065 3.
1103 4016 1180 4065 Verbis
1197 4014 1221 4062 iu
1239 4013 1392 4063 testationem

175 4108 196 4147 :a
261 4088 341 4143 Μ
388 4091 412 4138 4.
432 4092 464 4139 oh
483 4091 564 4139 onsB.
582 4090 752 4152 identiapexsul.
804 4085 852 4135 ab.
871 4086 963 4134 habeus
980 4086 1007 4133 B.
1057 4083 1081 4132 b.
1100 4084 1196 4132 tertium
1215 4098 1235 4131 o.
1282 4079 1331 4129 bh.
1348 4079 1392 4129 ha-

264 4148 347 4203 1ὶῑτῐιιι
363 4158 533 4222 Ιοηεέψιεειιὶ.

179 4278 205 4321 ”··’
286 4281 385 4365 lcorpns
395 4306 492 4354 qnoque
502 4286 723 4352 demonstrabatur]
733 4290 783 4339 lloc
863 4286 891 4364 b.
910 4294 935 4364 et
952 4280 1076 4346 maiestas]
1095 4283 1142 4332 l’ro
1153 4282 1230 4359 etl'r.
1241 4281 1323 4331 lunius
1341 4292 1394 4328 ma·

193 4360 209 4379 ⁴
267 4342 391 4467 &enam
419 4359 568 4422 Epiphanius
593 4359 690 4406 llaeres.
714 4357 782 4407 llLll.
836 4354 881 4402 luit
897 4369 926 4402 es.
953 4352 1121 4428 ‘Commodum
1145 4350 1251 4415 quidem,
1278 4348 1321 4397 sed
1345 4360 1394 4395 uon

289 4424 384 4561 ¹bullbl.
401 4509 422 4541 a.
435 4494 465 4541 de
479 4494 581 4555 pristino
595 4492 686 4540 scilicet
697 4486 784 4556 more]
837 4434 1062 4564 ”ecclsbarbbelbbitl
1073 4485 1123 4534 lios
1133 4491 1171 4534 est
1183 4480 1303 4561 sexcentis
1315 4479 1396 4527 homi-

210 4618 214 4627 ·
313 4564 447 4629 ¹arcteris
472 4561 623 4609 instrumenti
648 4573 690 4607 seu
710 4567 785 4607 teste·
838 4569 902 4631 uum·
921 4554 1017 4631 milphos
1045 4561 1110 4630 ritae¹
1128 4561 1152 4602 et
1174 4563 1258 4625 virium
1287 4554 1396 4621 unorum

179 4622 214 4699 *ἒ
271 4620 324 4669 Ν.
343 4624 455 4699 ξίεΙίΙπο
476 4629 508 4675 lte
527 4627 648 4691 baptismo
667 4622 785 4689 impii:
839 4630 992 4680 continuent,
1010 4621 1130 4685 produxit,
1149 4622 1272 4684 protraxit
1292 4611 1398 4673 (llrpalt.)

175 4674 224 4788 ¹⁵1¹.
258 4692 401 4799 {unimur
419 4696 543 4743 benedicta
563 4697 674 4745 unctione
692 4695 786 4757 depri-
839 4689 873 4739 ue
897 4688 969 4740 verbo
990 4691 1106 4805 prptetcre
1132 4688 1163 4737 cl.
1190 4685 1281 4735 aduott.
1308 4678 1339 4726 td
1362 4675 1398 4723 ⁰⁶

176 4786 232 4851 2¹¹4
272 4760 437 4878 blumii?
474 4762 690 4843 hoceotludarea.
709 4759 781 4848 ssusii
841 4757 930 4807 Paeml.
948 4771 1002 4821 cap.
1033 4791 1039 4804 .

175 4854 183 4862 ·
339 4840 352 4889 Ι
414 4829 758 4895 inira„depmtmoeaemplo.

1193 4892 1247 4948 ll*
