<?xml version="1.0" encoding="UTF-8"?>
<!DOCTYPE html PUBLIC "-//W3C//DTD XHTML 1.0 Transitional//EN"
    "http://www.w3.org/TR/xhtml1/DTD/xhtml1-transitional.dtd">
<html xmlns="http://www.w3.org/1999/xhtml" xml:lang="en" lang="en">
 <head>
  <title>
</title>
<meta http-equiv="Content-Type" content="text/html;charset=utf-8" />
  <meta name='ocr-system' content='tesseract 3.04.00' />
  <meta name='ocr-capabilities' content='ocr_page ocr_carea ocr_par ocr_line ocrx_word'/>
</head>
<body>
  <div class='ocr_page' id='page_1' title='image "./quaesupersuntom00oehlgoog_0185.png"; bbox 0 0 3242 5775; ppageno 0'>
   <div class='ocr_carea' id='block_1_1' title="bbox 416 603 1243 712">
    <p class='ocr_par' dir='ltr' id='par_1_1' title="bbox 416 603 1243 712">
     <span class='ocr_line' id='line_1_1' title="bbox 416 603 1243 712; baseline 0.007 -32"><span class='ocrx_word' id='word_1_1' title='bbox 416 633 561 680; x_wconf 74' lang='lat' dir='ltr'><strong>tomnsus</strong></span> <span class='ocrx_word' id='word_1_2' title='bbox 584 634 756 680; x_wconf 71' lang='lat' dir='ltr'><strong>sancronsu</strong></span> <span class='ocrx_word' id='word_1_3' title='bbox 778 638 835 681; x_wconf 83' lang='lat' dir='ltr'><strong>cro.</strong></span> <span class='ocrx_word' id='word_1_4' title='bbox 851 638 888 682; x_wconf 83' lang='lat' dir='ltr'><strong>rr.</strong></span> <span class='ocrx_word' id='word_1_5' title='bbox 996 704 1000 712; x_wconf 31' lang='lat'>&#39;</span> <span class='ocrx_word' id='word_1_6' title='bbox 1030 603 1035 609; x_wconf 41' lang='lat'>¹</span> <span class='ocrx_word' id='word_1_7' title='bbox 1184 631 1243 694; x_wconf 77' lang='lat'><strong>221</strong></span> 
     </span>
    </p>
   </div>
   <div class='ocr_carea' id='block_1_2' title="bbox 198 785 1349 957">
    <p class='ocr_par' dir='ltr' id='par_1_2' title="bbox 198 785 1349 957">
     <span class='ocr_line' id='line_1_2' title="bbox 198 785 1349 902; baseline 0.009 -55"><span class='ocrx_word' id='word_1_8' title='bbox 198 805 246 848; x_wconf 89' lang='lat' dir='ltr'><strong>nn</strong></span> <span class='ocrx_word' id='word_1_9' title='bbox 260 786 386 868; x_wconf 77' lang='lat' dir='ltr'><strong>plagar‘h</strong></span> <span class='ocrx_word' id='word_1_10' title='bbox 405 785 492 848; x_wconf 86' lang='lat' dir='ltr'><strong>¹llelia</strong></span> <span class='ocrx_word' id='word_1_11' title='bbox 505 787 678 866; x_wconf 73' lang='lat' dir='ltr'><strong>postulante</strong></span> <span class='ocrx_word' id='word_1_12' title='bbox 692 786 722 847; x_wconf 94' lang='lat' dir='ltr'><strong>in</strong></span> <span class='ocrx_word' id='word_1_13' title='bbox 738 786 788 848; x_wconf 92' lang='lat' dir='ltr'><strong>illo</strong></span> <span class='ocrx_word' id='word_1_14' title='bbox 803 788 1074 869; x_wconf 76' lang='lat' dir='ltr'><strong>pseudopropheta.</strong></span> <span class='ocrx_word' id='word_1_15' title='bbox 1108 792 1246 874; x_wconf 80' lang='lat' dir='ltr'><strong>Agnosco</strong></span> <span class='ocrx_word' id='word_1_16' title='bbox 1260 795 1349 902; x_wconf 43' lang='lat'><strong>,2235-</strong></span> 
     </span>
     <span class='ocr_line' id='line_1_3' title="bbox 198 876 1349 957; baseline 0.007 -9"><span class='ocrx_word' id='word_1_17' title='bbox 198 889 396 950; x_wconf 78' lang='lat' dir='ltr'><strong>eseritatem.</strong></span> <span class='ocrx_word' id='word_1_18' title='bbox 430 887 455 948; x_wconf 86' lang='grc' dir='ltr'>Ε</span> <span class='ocrx_word' id='word_1_19' title='bbox 477 888 627 948; x_wconf 89' lang='lat' dir='ltr'><strong>contrario</strong></span> <span class='ocrx_word' id='word_1_20' title='bbox 651 888 786 950; x_wconf 78' lang='lat' dir='ltr'><strong>¹⁸Christi</strong></span> <span class='ocrx_word' id='word_1_21' title='bbox 809 894 842 951; x_wconf 82' lang='lat' dir='ltr'><strong>io</strong></span> <span class='ocrx_word' id='word_1_22' title='bbox 865 889 987 952; x_wconf 86' lang='lat' dir='ltr'><strong>eandem</strong></span> <span class='ocrx_word' id='word_1_23' title='bbox 1010 893 1246 957; x_wconf 85' lang='lat' dir='ltr'><strong>animadversio·</strong></span> <span class='ocrx_word' id='word_1_24' title='bbox 1271 876 1277 897; x_wconf 78' lang='lat'><em>&#39;</em></span> <span class='ocrx_word' id='word_1_25' title='bbox 1342 879 1349 891; x_wconf 67' lang='grc'><strong>’</strong></span> 
     </span>
    </p>
   </div>
   <div class='ocr_carea' id='block_1_3' title="bbox 197 987 1357 1089">
    <p class='ocr_par' dir='ltr' id='par_1_3' title="bbox 197 987 1357 1089">
     <span class='ocr_line' id='line_1_4' title="bbox 197 987 1357 1089; baseline -0.002 -38"><span class='ocrx_word' id='word_1_26' title='bbox 197 989 373 1052; x_wconf 85' lang='lat' dir='ltr'><strong>estinantes</strong></span> <span class='ocrx_word' id='word_1_27' title='bbox 398 987 609 1069; x_wconf 74' lang='lat' dir='ltr'><strong>¹&#39;discipulosl</strong></span> <span class='ocrx_word' id='word_1_28' title='bbox 641 1008 732 1069; x_wconf 87' lang='lat' dir='ltr'><strong>super</strong></span> <span class='ocrx_word' id='word_1_29' title='bbox 759 989 840 1051; x_wconf 90' lang='lat' dir='ltr'><strong>illum</strong></span> <span class='ocrx_word' id='word_1_30' title='bbox 869 990 997 1052; x_wconf 77' lang='lat' dir='ltr'><strong>viculum</strong></span> <span class='ocrx_word' id='word_1_31' title='bbox 1021 992 1244 1057; x_wconf 88' lang='lat' dir='ltr'><strong>Samaritarum.</strong></span> <span class='ocrx_word' id='word_1_32' title='bbox 1258 994 1357 1089; x_wconf 49' lang='lat' dir='ltr'><strong>gfff-5¹⁶1.</strong></span> 
     </span>
    </p>
   </div>
   <div class='ocr_carea' id='block_1_4' title="bbox 197 1090 1392 1473">
    <p class='ocr_par' dir='ltr' id='par_1_4' title="bbox 197 1090 1392 1473">
     <span class='ocr_line' id='line_1_5' title="bbox 197 1090 1247 1173; baseline 0.008 -22"><span class='ocrx_word' id='word_1_33' title='bbox 197 1107 203 1152; x_wconf 75' lang='grc' dir='ltr'><strong>ι</strong></span> <span class='ocrx_word' id='word_1_34' title='bbox 229 1100 261 1151; x_wconf 92' lang='lat' dir='ltr'><strong>et</strong></span> <span class='ocrx_word' id='word_1_35' title='bbox 285 1091 455 1152; x_wconf 89' lang='lat' dir='ltr'><strong>haereticus</strong></span> <span class='ocrx_word' id='word_1_36' title='bbox 483 1090 519 1152; x_wconf 94' lang='lat' dir='ltr'><strong>ab</strong></span> <span class='ocrx_word' id='word_1_37' title='bbox 548 1090 653 1151; x_wconf 89' lang='lat' dir='ltr'><strong>eodem</strong></span> <span class='ocrx_word' id='word_1_38' title='bbox 677 1091 867 1152; x_wconf 87' lang='lat' dir='ltr'><strong>severissimo</strong></span> <span class='ocrx_word' id='word_1_39' title='bbox 895 1091 991 1153; x_wconf 89' lang='lat' dir='ltr'><strong>iudice</strong></span> <span class='ocrx_word' id='word_1_40' title='bbox 1014 1093 1146 1173; x_wconf 83' lang='lat' dir='ltr'><strong>promitti</strong></span> <span class='ocrx_word' id='word_1_41' title='bbox 1170 1096 1247 1159; x_wconf 89' lang='lat' dir='ltr'><strong>hano</strong></span> 
     </span>
     <span class='ocr_line' id='line_1_6' title="bbox 202 1191 1392 1275; baseline 0.007 -22"><span class='ocrx_word' id='word_1_42' title='bbox 202 1193 363 1253; x_wconf 89' lang='lat' dir='ltr'><strong>enitatem.</strong></span> <span class='ocrx_word' id='word_1_43' title='bbox 407 1192 473 1253; x_wconf 90' lang='lat' dir='ltr'><strong>Non</strong></span> <span class='ocrx_word' id='word_1_44' title='bbox 503 1191 677 1263; x_wconf 78' lang='lat' dir='ltr'><strong>contendet,</strong></span> <span class='ocrx_word' id='word_1_45' title='bbox 708 1192 819 1271; x_wconf 88' lang='lat' dir='ltr'><strong>inquit,</strong></span> <span class='ocrx_word' id='word_1_46' title='bbox 848 1210 903 1253; x_wconf 91' lang='lat' dir='ltr'><strong>nec</strong></span> <span class='ocrx_word' id='word_1_47' title='bbox 930 1211 985 1253; x_wconf 85' lang='lat' dir='ltr'><strong>vox</strong></span> <span class='ocrx_word' id='word_1_48' title='bbox 1008 1193 1073 1255; x_wconf 81' lang='lat' dir='ltr'><strong>eins</strong></span> <span class='ocrx_word' id='word_1_49' title='bbox 1096 1195 1126 1255; x_wconf 93' lang='lat' dir='ltr'><strong>in</strong></span> <span class='ocrx_word' id='word_1_50' title='bbox 1147 1197 1392 1275; x_wconf 63' lang='lat' dir='ltr'><strong>platonicorum.</strong></span> 
     </span>
     <span class='ocr_line' id='line_1_7' title="bbox 205 1293 1244 1375; baseline 0.006 -22"><span class='ocrx_word' id='word_1_51' title='bbox 205 1311 213 1353; x_wconf 74' lang='grc' dir='ltr'>ε</span> <span class='ocrx_word' id='word_1_52' title='bbox 237 1293 440 1354; x_wconf 80' lang='lat' dir='ltr'><strong>harundinem</strong></span> <span class='ocrx_word' id='word_1_53' title='bbox 463 1300 632 1372; x_wconf 86' lang='lat' dir='ltr'><strong>quassatam</strong></span> <span class='ocrx_word' id='word_1_54' title='bbox 649 1310 708 1352; x_wconf 93' lang='lat' dir='ltr'><strong>non</strong></span> <span class='ocrx_word' id='word_1_55' title='bbox 724 1293 922 1364; x_wconf 82' lang='lat' dir='ltr'><strong>comminuet,</strong></span> <span class='ocrx_word' id='word_1_56' title='bbox 944 1302 974 1354; x_wconf 93' lang='lat' dir='ltr'><strong>et</strong></span> <span class='ocrx_word' id='word_1_57' title='bbox 988 1293 1079 1355; x_wconf 93' lang='lat' dir='ltr'><strong>linum</strong></span> <span class='ocrx_word' id='word_1_58' title='bbox 1097 1297 1244 1375; x_wconf 84' lang='lat' dir='ltr'><strong>fumigans</strong></span> 
     </span>
     <span class='ocr_line' id='line_1_8' title="bbox 197 1393 1243 1473; baseline 0.006 -20"><span class='ocrx_word' id='word_1_59' title='bbox 197 1396 310 1472; x_wconf 81' lang='lat' dir='ltr'><strong>inguet.</strong></span> <span class='ocrx_word' id='word_1_60' title='bbox 345 1393 426 1455; x_wconf 87' lang='lat' dir='ltr'><strong>&#39;lalis</strong></span> <span class='ocrx_word' id='word_1_61' title='bbox 447 1393 550 1473; x_wconf 87' lang='lat' dir='ltr'><strong>utique</strong></span> <span class='ocrx_word' id='word_1_62' title='bbox 573 1393 664 1454; x_wconf 90' lang='lat' dir='ltr'><strong>multo</strong></span> <span class='ocrx_word' id='word_1_63' title='bbox 688 1395 780 1472; x_wconf 80' lang='lat' dir='ltr'><strong>magis</strong></span> <span class='ocrx_word' id='word_1_64' title='bbox 802 1393 938 1454; x_wconf 90' lang='lat' dir='ltr'><strong>homines</strong></span> <span class='ocrx_word' id='word_1_65' title='bbox 960 1413 1020 1455; x_wconf 94' lang='lat' dir='ltr'><strong>non</strong></span> <span class='ocrx_word' id='word_1_66' title='bbox 1044 1406 1106 1456; x_wconf 89' lang='lat' dir='ltr'><strong>erat</strong></span> <span class='ocrx_word' id='word_1_67' title='bbox 1127 1415 1243 1460; x_wconf 90' lang='lat' dir='ltr'><strong>crema-</strong></span> 
     </span>
    </p>
   </div>
   <div class='ocr_carea' id='block_1_5' title="bbox 197 1493 1346 1597">
    <p class='ocr_par' dir='ltr' id='par_1_5' title="bbox 197 1493 1346 1597">
     <span class='ocr_line' id='line_1_9' title="bbox 197 1493 1346 1597; baseline 0.008 -43"><span class='ocrx_word' id='word_1_68' title='bbox 197 1496 264 1555; x_wconf 84' lang='lat' dir='ltr'><strong>lam</strong></span> <span class='ocrx_word' id='word_1_69' title='bbox 290 1503 321 1554; x_wconf 88' lang='lat' dir='ltr'><strong>et</strong></span> <span class='ocrx_word' id='word_1_70' title='bbox 342 1502 412 1555; x_wconf 92' lang='lat' dir='ltr'><strong>tunc</strong></span> <span class='ocrx_word' id='word_1_71' title='bbox 433 1494 468 1556; x_wconf 86' lang='lat' dir='ltr'><strong>ad</strong></span> <span class='ocrx_word' id='word_1_72' title='bbox 490 1493 627 1567; x_wconf 59' lang='lat' dir='ltr'><strong>herrant,</strong></span> <span class='ocrx_word' id='word_1_73' title='bbox 650 1494 714 1555; x_wconf 89' lang='lat' dir='ltr'><strong>Non</strong></span> <span class='ocrx_word' id='word_1_74' title='bbox 738 1495 768 1555; x_wconf 93' lang='lat' dir='ltr'><strong>in</strong></span> <span class='ocrx_word' id='word_1_75' title='bbox 791 1494 867 1573; x_wconf 78' lang='lat' dir='ltr'><strong>igni,</strong></span> <span class='ocrx_word' id='word_1_76' title='bbox 891 1494 987 1574; x_wconf 90' lang='lat' dir='ltr'><strong>inquit</strong></span> <span class='ocrx_word' id='word_1_77' title='bbox 1007 1496 1163 1571; x_wconf 90' lang='lat' dir='ltr'><strong>dominus,</strong></span> <span class='ocrx_word' id='word_1_78' title='bbox 1187 1499 1239 1559; x_wconf 86' lang='lat' dir='ltr'><strong>sed</strong></span> <span class='ocrx_word' id='word_1_79' title='bbox 1254 1493 1346 1597; x_wconf 54' lang='lat' dir='ltr'><strong>xlllff·</strong></span> 
     </span>
    </p>
   </div>
   <div class='ocr_carea' id='block_1_6' title="bbox 197 1595 1349 2281">
    <p class='ocr_par' dir='ltr' id='par_1_6' title="bbox 197 1595 1349 2281">
     <span class='ocr_line' id='line_1_10' title="bbox 197 1595 1349 1690; baseline 0.002 -33"><span class='ocrx_word' id='word_1_80' title='bbox 197 1606 228 1657; x_wconf 93' lang='lat' dir='ltr'><strong>tu</strong></span> <span class='ocrx_word' id='word_1_81' title='bbox 251 1595 355 1656; x_wconf 80' lang='lat' dir='ltr'><strong>¹⁹miti.</strong></span> <span class='ocrx_word' id='word_1_82' title='bbox 387 1597 424 1656; x_wconf 82' lang='lat' dir='ltr'><strong>tlt</strong></span> <span class='ocrx_word' id='word_1_83' title='bbox 446 1595 524 1656; x_wconf 90' lang='lat' dir='ltr'><strong>enim</strong></span> <span class='ocrx_word' id='word_1_84' title='bbox 547 1596 781 1657; x_wconf 85' lang='lat' dir='ltr'><strong>humanissimus</strong></span> <span class='ocrx_word' id='word_1_85' title='bbox 804 1595 878 1655; x_wconf 87' lang='lat' dir='ltr'><strong>deus</strong></span> <span class='ocrx_word' id='word_1_86' title='bbox 901 1614 954 1656; x_wconf 90' lang='lat' dir='ltr'><strong>cur</strong></span> <span class='ocrx_word' id='word_1_87' title='bbox 975 1605 1094 1658; x_wconf 88' lang='lat' dir='ltr'><strong>recusat</strong></span> <span class='ocrx_word' id='word_1_88' title='bbox 1107 1616 1173 1658; x_wconf 91' lang='lat' dir='ltr'><strong>eum</strong></span> <span class='ocrx_word' id='word_1_89' title='bbox 1190 1599 1239 1678; x_wconf 86' lang='lat' dir='ltr'><strong>qni</strong></span> <span class='ocrx_word' id='word_1_90' title='bbox 1253 1597 1349 1690; x_wconf 43' lang='lat'><strong>2¹32}-</strong></span> 
     </span>
     <span class='ocr_line' id='line_1_11' title="bbox 207 1693 1342 1777; baseline 0.003 -19"><span class='ocrx_word' id='word_1_91' title='bbox 207 1695 394 1759; x_wconf 80' lang='lat' dir='ltr'><strong>individuum</strong></span> <span class='ocrx_word' id='word_1_92' title='bbox 421 1696 462 1758; x_wconf 91' lang='lat' dir='ltr'><strong>illi</strong></span> <span class='ocrx_word' id='word_1_93' title='bbox 490 1698 628 1759; x_wconf 91' lang='lat' dir='ltr'><strong>comitem</strong></span> <span class='ocrx_word' id='word_1_94' title='bbox 658 1694 769 1757; x_wconf 79' lang='lat' dir='ltr'><strong>oliert?</strong></span> <span class='ocrx_word' id='word_1_95' title='bbox 814 1696 845 1756; x_wconf 90' lang='lat' dir='ltr'><strong>Si</strong></span> <span class='ocrx_word' id='word_1_96' title='bbox 875 1696 943 1775; x_wconf 87' lang='lat' dir='ltr'><strong>quia</strong></span> <span class='ocrx_word' id='word_1_97' title='bbox 971 1696 1100 1777; x_wconf 87' lang='lat' dir='ltr'><strong>superbe</strong></span> <span class='ocrx_word' id='word_1_98' title='bbox 1131 1698 1242 1762; x_wconf 84' lang='lat' dir='ltr'><strong>velex</strong></span> <span class='ocrx_word' id='word_1_99' title='bbox 1340 1693 1342 1697; x_wconf 72' lang='grc'><strong>’</strong></span> 
     </span>
     <span class='ocr_line' id='line_1_12' title="bbox 197 1796 1240 1878; baseline 0.002 -19"><span class='ocrx_word' id='word_1_100' title='bbox 197 1800 217 1859; x_wconf 75' lang='lat' dir='ltr'><strong>si</strong></span> <span class='ocrx_word' id='word_1_101' title='bbox 240 1799 371 1869; x_wconf 85' lang='lat' dir='ltr'><strong>dixerat,</strong></span> <span class='ocrx_word' id='word_1_102' title='bbox 405 1797 519 1877; x_wconf 88' lang='lat' dir='ltr'><strong>Sequar</strong></span> <span class='ocrx_word' id='word_1_103' title='bbox 541 1806 570 1858; x_wconf 88' lang='lat' dir='ltr'><strong>te</strong></span> <span class='ocrx_word' id='word_1_104' title='bbox 592 1816 766 1877; x_wconf 89' lang='lat' dir='ltr'><strong>quocunque</strong></span> <span class='ocrx_word' id='word_1_105' title='bbox 787 1796 876 1868; x_wconf 91' lang='lat' dir='ltr'><strong>ieris,</strong></span> <span class='ocrx_word' id='word_1_106' title='bbox 906 1815 976 1876; x_wconf 82' lang='lat' dir='ltr'><strong>ergo</strong></span> <span class='ocrx_word' id='word_1_107' title='bbox 999 1806 1050 1859; x_wconf 92' lang='lat' dir='ltr'><strong>aut</strong></span> <span class='ocrx_word' id='word_1_108' title='bbox 1071 1797 1240 1878; x_wconf 87' lang='lat' dir='ltr'><strong>superbiam</strong></span> 
     </span>
     <span class='ocr_line' id='line_1_13' title="bbox 197 1896 1240 1980; baseline 0.001 -21"><span class='ocrx_word' id='word_1_109' title='bbox 197 1900 336 1978; x_wconf 86' lang='lat' dir='ltr'><strong>pocrisin</strong></span> <span class='ocrx_word' id='word_1_110' title='bbox 367 1898 559 1960; x_wconf 87' lang='lat' dir='ltr'><strong>recusandam</strong></span> <span class='ocrx_word' id='word_1_111' title='bbox 588 1897 744 1960; x_wconf 85' lang='lat' dir='ltr'><strong>iudicando</strong></span> <span class='ocrx_word' id='word_1_112' title='bbox 772 1896 899 1958; x_wconf 87' lang='lat' dir='ltr'><strong>iudicem</strong></span> <span class='ocrx_word' id='word_1_113' title='bbox 926 1898 1029 1976; x_wconf 80' lang='lat' dir='ltr'><strong>gessit.</strong></span> <span class='ocrx_word' id='word_1_114' title='bbox 1074 1898 1111 1959; x_wconf 87' lang='lat' dir='ltr'><strong>Et</strong></span> <span class='ocrx_word' id='word_1_115' title='bbox 1138 1899 1240 1980; x_wconf 88' lang='lat' dir='ltr'><strong>utique</strong></span> 
     </span>
     <span class='ocr_line' id='line_1_14' title="bbox 197 1999 1240 2080; baseline 0.002 -20"><span class='ocrx_word' id='word_1_116' title='bbox 197 2002 214 2061; x_wconf 82' lang='lat' dir='ltr'><strong>it</strong></span> <span class='ocrx_word' id='word_1_117' title='bbox 235 2019 324 2080; x_wconf 87' lang='lat' dir='ltr'><strong>quem</strong></span> <span class='ocrx_word' id='word_1_118' title='bbox 349 2000 511 2071; x_wconf 85' lang='lat' dir='ltr'><strong>recusavit,</strong></span> <span class='ocrx_word' id='word_1_119' title='bbox 534 2018 594 2060; x_wconf 95' lang='lat' dir='ltr'><strong>non</strong></span> <span class='ocrx_word' id='word_1_120' title='bbox 616 1999 815 2060; x_wconf 77' lang='lat' dir='ltr'><strong>²&#39;secuturum</strong></span> <span class='ocrx_word' id='word_1_121' title='bbox 839 1999 952 2059; x_wconf 88' lang='lat' dir='ltr'><strong>scilicet</strong></span> <span class='ocrx_word' id='word_1_122' title='bbox 974 1999 1132 2060; x_wconf 50' lang='lat' dir='ltr'><strong>salutem&amp;</strong></span> <span class='ocrx_word' id='word_1_123' title='bbox 1167 1999 1240 2062; x_wconf 87' lang='lat' dir='ltr'><strong>Nam</strong></span> 
     </span>
     <span class='ocr_line' id='line_1_15' title="bbox 197 2098 1239 2180; baseline 0.001 -20"><span class='ocrx_word' id='word_1_124' title='bbox 197 2102 351 2162; x_wconf 86' lang='lat' dir='ltr'><strong>lsalutem</strong></span> <span class='ocrx_word' id='word_1_125' title='bbox 373 2109 457 2162; x_wconf 83' lang='lat' dir='ltr'><strong>vocat</strong></span> <span class='ocrx_word' id='word_1_126' title='bbox 485 2119 571 2180; x_wconf 89' lang='lat' dir='ltr'><strong>quem</strong></span> <span class='ocrx_word' id='word_1_127' title='bbox 601 2118 661 2159; x_wconf 92' lang='lat' dir='ltr'><strong>non</strong></span> <span class='ocrx_word' id='word_1_128' title='bbox 687 2109 821 2169; x_wconf 89' lang='lat' dir='ltr'><strong>recusat,</strong></span> <span class='ocrx_word' id='word_1_129' title='bbox 854 2099 899 2159; x_wconf 83' lang='lat' dir='ltr'><strong>vel</strong></span> <span class='ocrx_word' id='word_1_130' title='bbox 927 2098 1014 2161; x_wconf 88' lang='lat' dir='ltr'><strong>etiam</strong></span> <span class='ocrx_word' id='word_1_131' title='bbox 1043 2118 1132 2180; x_wconf 91' lang='lat' dir='ltr'><strong>quem</strong></span> <span class='ocrx_word' id='word_1_132' title='bbox 1160 2100 1239 2162; x_wconf 89' lang='lat' dir='ltr'><strong>ultro</strong></span> 
     </span>
     <span class='ocr_line' id='line_1_16' title="bbox 202 2200 1239 2281; baseline 0 -19"><span class='ocrx_word' id='word_1_133' title='bbox 202 2203 239 2263; x_wconf 90' lang='lat' dir='ltr'><strong>ita</strong></span> <span class='ocrx_word' id='word_1_134' title='bbox 261 2201 293 2262; x_wconf 91' lang='lat' dir='ltr'><strong>in</strong></span> <span class='ocrx_word' id='word_1_135' title='bbox 315 2200 512 2281; x_wconf 81' lang='lat' dir='ltr'><strong>perditionem</strong></span> <span class='ocrx_word' id='word_1_136' title='bbox 536 2201 654 2262; x_wconf 89' lang='lat' dir='ltr'><strong>damnat</strong></span> <span class='ocrx_word' id='word_1_137' title='bbox 676 2219 763 2280; x_wconf 89' lang='lat' dir='ltr'><strong>quem</strong></span> <span class='ocrx_word' id='word_1_138' title='bbox 786 2209 915 2261; x_wconf 87' lang='lat' dir='ltr'><strong>recusat.</strong></span> <span class='ocrx_word' id='word_1_139' title='bbox 966 2200 1009 2262; x_wconf 93' lang='lat' dir='ltr'><strong>llli</strong></span> <span class='ocrx_word' id='word_1_140' title='bbox 1039 2210 1136 2262; x_wconf 89' lang='lat' dir='ltr'><strong>autem</strong></span> <span class='ocrx_word' id='word_1_141' title='bbox 1168 2221 1239 2263; x_wconf 89' lang='lat' dir='ltr'><strong>can-</strong></span> 
     </span>
    </p>
   </div>
   <div class='ocr_carea' id='block_1_7' title="bbox 197 2300 1349 2395">
    <p class='ocr_par' dir='ltr' id='par_1_7' title="bbox 197 2300 1349 2395">
     <span class='ocr_line' id='line_1_17' title="bbox 197 2300 1349 2395; baseline -0.001 -32"><span class='ocrx_word' id='word_1_142' title='bbox 197 2303 263 2363; x_wconf 85' lang='lat' dir='ltr'><strong>stris</strong></span> <span class='ocrx_word' id='word_1_143' title='bbox 300 2301 481 2381; x_wconf 87' lang='lat' dir='ltr'><strong>sepulturam</strong></span> <span class='ocrx_word' id='word_1_144' title='bbox 521 2320 586 2363; x_wconf 89' lang='lat' dir='ltr'><strong>cum</strong></span> <span class='ocrx_word' id='word_1_145' title='bbox 625 2303 802 2381; x_wconf 86' lang='lat' dir='ltr'><strong>respondet,</strong></span> <span class='ocrx_word' id='word_1_146' title='bbox 848 2302 919 2362; x_wconf 88' lang='lat' dir='ltr'><strong>Sine</strong></span> <span class='ocrx_word' id='word_1_147' title='bbox 953 2300 1062 2386; x_wconf 80' lang='lat' dir='ltr'><strong>mortui</strong></span> <span class='ocrx_word' id='word_1_148' title='bbox 1096 2300 1349 2395; x_wconf 54' lang='lat' dir='ltr'><strong>sepeliantlffls</strong></span> 
     </span>
    </p>
   </div>
   <div class='ocr_carea' id='block_1_8' title="bbox 197 2403 1241 2690">
    <p class='ocr_par' dir='ltr' id='par_1_8' title="bbox 197 2403 1241 2690">
     <span class='ocr_line' id='line_1_18' title="bbox 197 2403 1241 2482; baseline 0.002 -18"><span class='ocrx_word' id='word_1_149' title='bbox 197 2424 205 2464; x_wconf 79' lang='lat' dir='ltr'><strong>s</strong></span> <span class='ocrx_word' id='word_1_150' title='bbox 231 2422 321 2475; x_wconf 88' lang='lat' dir='ltr'><strong>suos,</strong></span> <span class='ocrx_word' id='word_1_151' title='bbox 356 2412 387 2464; x_wconf 90' lang='lat' dir='ltr'><strong>tu</strong></span> <span class='ocrx_word' id='word_1_152' title='bbox 417 2413 514 2464; x_wconf 90' lang='lat' dir='ltr'><strong>autem</strong></span> <span class='ocrx_word' id='word_1_153' title='bbox 543 2404 614 2464; x_wconf 84' lang='lat' dir='ltr'><strong>rade</strong></span> <span class='ocrx_word' id='word_1_154' title='bbox 643 2413 673 2464; x_wconf 89' lang='lat' dir='ltr'><strong>et</strong></span> <span class='ocrx_word' id='word_1_155' title='bbox 705 2403 844 2464; x_wconf 91' lang='lat' dir='ltr'><strong>annuntia</strong></span> <span class='ocrx_word' id='word_1_156' title='bbox 872 2422 995 2482; x_wconf 86' lang='lat' dir='ltr'><strong>regnum</strong></span> <span class='ocrx_word' id='word_1_157' title='bbox 1028 2403 1093 2478; x_wconf 91' lang='lat' dir='ltr'><strong>dei,</strong></span> <span class='ocrx_word' id='word_1_158' title='bbox 1128 2413 1241 2467; x_wconf 89' lang='lat' dir='ltr'><strong>utram-</strong></span> 
     </span>
     <span class='ocr_line' id='line_1_19' title="bbox 197 2504 1240 2583; baseline 0.003 -18"><span class='ocrx_word' id='word_1_159' title='bbox 197 2524 257 2583; x_wconf 76' lang='lat' dir='ltr'><strong>gem</strong></span> <span class='ocrx_word' id='word_1_160' title='bbox 295 2505 437 2567; x_wconf 90' lang='lat' dir='ltr'><strong>creatoris</strong></span> <span class='ocrx_word' id='word_1_161' title='bbox 470 2505 624 2566; x_wconf 79' lang='lat' dir='ltr'><strong>manifeste</strong></span> <span class='ocrx_word' id='word_1_162' title='bbox 657 2505 855 2575; x_wconf 85' lang='lat' dir='ltr'><strong>confirmavit,</strong></span> <span class='ocrx_word' id='word_1_163' title='bbox 892 2514 922 2566; x_wconf 89' lang='lat' dir='ltr'><strong>et</strong></span> <span class='ocrx_word' id='word_1_164' title='bbox 949 2504 986 2565; x_wconf 91' lang='lat' dir='ltr'><strong>de</strong></span> <span class='ocrx_word' id='word_1_165' title='bbox 1015 2506 1183 2568; x_wconf 88' lang='lat' dir='ltr'><strong>sacerdotio</strong></span> <span class='ocrx_word' id='word_1_166' title='bbox 1210 2508 1240 2568; x_wconf 93' lang='lat' dir='ltr'><strong>in</strong></span> 
     </span>
     <span class='ocr_line' id='line_1_20' title="bbox 197 2605 1240 2690; baseline 0.005 -25"><span class='ocrx_word' id='word_1_167' title='bbox 197 2629 203 2665; x_wconf 74' lang='lat' dir='ltr'><strong>i</strong></span> <span class='ocrx_word' id='word_1_168' title='bbox 229 2607 436 2688; x_wconf 87' lang='lat' dir='ltr'><strong>prohibentem</strong></span> <span class='ocrx_word' id='word_1_169' title='bbox 469 2606 638 2667; x_wconf 88' lang='lat' dir='ltr'><strong>sacerdotes</strong></span> <span class='ocrx_word' id='word_1_170' title='bbox 667 2605 815 2684; x_wconf 88' lang='lat' dir='ltr'><strong>supremis</strong></span> <span class='ocrx_word' id='word_1_171' title='bbox 844 2605 931 2667; x_wconf 89' lang='lat' dir='ltr'><strong>etiam</strong></span> <span class='ocrx_word' id='word_1_172' title='bbox 961 2616 1120 2686; x_wconf 89' lang='lat' dir='ltr'><strong>parentum</strong></span> <span class='ocrx_word' id='word_1_173' title='bbox 1145 2607 1240 2690; x_wconf 84' lang='lat' dir='ltr'><strong>inter-</strong></span> 
     </span>
    </p>
   </div>
   <div class='ocr_carea' id='block_1_9' title="bbox 198 2706 1334 2807">
    <p class='ocr_par' dir='ltr' id='par_1_9' title="bbox 198 2706 1334 2807">
     <span class='ocr_line' id='line_1_21' title="bbox 198 2706 1334 2807; baseline -0.002 -38"><span class='ocrx_word' id='word_1_174' title='bbox 198 2708 292 2788; x_wconf 85' lang='lat' dir='ltr'><strong>Super</strong></span> <span class='ocrx_word' id='word_1_175' title='bbox 323 2726 459 2779; x_wconf 91' lang='lat' dir='ltr'><strong>omnem,</strong></span> <span class='ocrx_word' id='word_1_176' title='bbox 501 2707 609 2785; x_wconf 87' lang='lat' dir='ltr'><strong>inquit,</strong></span> <span class='ocrx_word' id='word_1_177' title='bbox 650 2706 776 2767; x_wconf 91' lang='lat' dir='ltr'><strong>animam</strong></span> <span class='ocrx_word' id='word_1_178' title='bbox 806 2706 972 2768; x_wconf 74' lang='lat' dir='ltr'><strong>defunctam</strong></span> <span class='ocrx_word' id='word_1_179' title='bbox 1005 2709 1146 2770; x_wconf 84' lang='lat' dir='ltr'><strong>sacerdos</strong></span> <span class='ocrx_word' id='word_1_180' title='bbox 1179 2706 1334 2807; x_wconf 50' lang='lat' dir='ltr'><strong>¹¹⁰ssffljilj</strong></span> 
     </span>
    </p>
   </div>
   <div class='ocr_carea' id='block_1_10' title="bbox 199 2807 1240 2888">
    <p class='ocr_par' dir='ltr' id='par_1_10' title="bbox 199 2807 1240 2888">
     <span class='ocr_line' id='line_1_22' title="bbox 199 2807 1240 2888; baseline 0.004 -22"><span class='ocrx_word' id='word_1_181' title='bbox 199 2817 224 2880; x_wconf 90' lang='lat' dir='ltr'><strong>t,</strong></span> <span class='ocrx_word' id='word_1_182' title='bbox 253 2818 283 2869; x_wconf 89' lang='lat' dir='ltr'><strong>et</strong></span> <span class='ocrx_word' id='word_1_183' title='bbox 304 2827 396 2888; x_wconf 91' lang='lat' dir='ltr'><strong>super</strong></span> <span class='ocrx_word' id='word_1_184' title='bbox 416 2808 559 2888; x_wconf 76' lang='lat' dir='ltr'><strong>²&#39;patrem</strong></span> <span class='ocrx_word' id='word_1_185' title='bbox 580 2826 666 2869; x_wconf 88' lang='lat' dir='ltr'><strong>suum</strong></span> <span class='ocrx_word' id='word_1_186' title='bbox 690 2825 749 2867; x_wconf 92' lang='lat' dir='ltr'><strong>non</strong></span> <span class='ocrx_word' id='word_1_187' title='bbox 774 2807 1047 2886; x_wconf 81' lang='lat' dir='ltr'><strong>contaminabitur),</strong></span> <span class='ocrx_word' id='word_1_188' title='bbox 1076 2818 1106 2870; x_wconf 92' lang='lat' dir='ltr'><strong>et</strong></span> <span class='ocrx_word' id='word_1_189' title='bbox 1128 2808 1164 2869; x_wconf 92' lang='lat' dir='ltr'><strong>de</strong></span> <span class='ocrx_word' id='word_1_190' title='bbox 1186 2810 1240 2871; x_wconf 92' lang='lat' dir='ltr'><strong>de-</strong></span> 
     </span>
    </p>
   </div>
   <div class='ocr_carea' id='block_1_11' title="bbox 217 2907 1346 3013">
    <p class='ocr_par' dir='ltr' id='par_1_11' title="bbox 217 2907 1346 3013">
     <span class='ocr_line' id='line_1_23' title="bbox 217 2907 1346 3013; baseline 0.002 -44"><span class='ocrx_word' id='word_1_191' title='bbox 217 2910 245 2970; x_wconf 95' lang='lat' dir='ltr'><strong>in</strong></span> <span class='ocrx_word' id='word_1_192' title='bbox 267 2910 425 2984; x_wconf 75' lang='lat' dir='ltr'><strong>Arithmis3</strong></span> <span class='ocrx_word' id='word_1_193' title='bbox 458 2928 527 2970; x_wconf 96' lang='lat' dir='ltr'><strong>nam</strong></span> <span class='ocrx_word' id='word_1_194' title='bbox 555 2920 583 2969; x_wconf 91' lang='lat' dir='ltr'><strong>et</strong></span> <span class='ocrx_word' id='word_1_195' title='bbox 610 2909 668 2969; x_wconf 91' lang='lat' dir='ltr'><strong>illic</strong></span> <span class='ocrx_word' id='word_1_196' title='bbox 696 2909 745 2988; x_wconf 83' lang='lat' dir='ltr'><strong>qiri</strong></span> <span class='ocrx_word' id='word_1_197' title='bbox 774 2928 807 2970; x_wconf 90' lang='lat' dir='ltr'><strong>se</strong></span> <span class='ocrx_word' id='word_1_198' title='bbox 835 2909 891 2970; x_wconf 88' lang='lat' dir='ltr'><strong>deo</strong></span> <span class='ocrx_word' id='word_1_199' title='bbox 913 2911 1026 2971; x_wconf 84' lang='lat' dir='ltr'><strong>voverit</strong></span> <span class='ocrx_word' id='word_1_200' title='bbox 1047 2910 1123 2973; x_wconf 90' lang='lat' dir='ltr'><strong>iuter</strong></span> <span class='ocrx_word' id='word_1_201' title='bbox 1145 2907 1346 3013; x_wconf 47' lang='lat' dir='ltr'><strong>caesariusi&#39;i.</strong></span> 
     </span>
    </p>
   </div>
   <div class='ocr_carea' id='block_1_12' title="bbox 197 3010 1242 3393">
    <p class='ocr_par' dir='ltr' id='par_1_12' title="bbox 197 3010 1242 3393">
     <span class='ocr_line' id='line_1_24' title="bbox 200 3010 1241 3091; baseline 0.003 -21"><span class='ocrx_word' id='word_1_202' title='bbox 200 3029 214 3070; x_wconf 90' lang='lat' dir='ltr'><strong>e</strong></span> <span class='ocrx_word' id='word_1_203' title='bbox 241 3030 331 3091; x_wconf 89' lang='lat' dir='ltr'><strong>super</strong></span> <span class='ocrx_word' id='word_1_204' title='bbox 352 3012 440 3072; x_wconf 89' lang='lat' dir='ltr'><strong>ullam</strong></span> <span class='ocrx_word' id='word_1_205' title='bbox 464 3010 588 3071; x_wconf 88' lang='lat' dir='ltr'><strong>animam</strong></span> <span class='ocrx_word' id='word_1_206' title='bbox 612 3010 739 3071; x_wconf 87' lang='lat' dir='ltr'><strong>introeat</strong></span> <span class='ocrx_word' id='word_1_207' title='bbox 760 3011 941 3083; x_wconf 81' lang='lat' dir='ltr'><strong>defunctam,</strong></span> <span class='ocrx_word' id='word_1_208' title='bbox 978 3029 1016 3072; x_wconf 88' lang='lat' dir='ltr'><strong>ne</strong></span> <span class='ocrx_word' id='word_1_209' title='bbox 1038 3030 1128 3090; x_wconf 89' lang='lat' dir='ltr'><strong>super</strong></span> <span class='ocrx_word' id='word_1_210' title='bbox 1148 3013 1241 3091; x_wconf 89' lang='lat' dir='ltr'><strong>patris</strong></span> 
     </span>
     <span class='ocr_line' id='line_1_25' title="bbox 216 3111 1241 3175; baseline 0.001 -4"><span class='ocrx_word' id='word_1_211' title='bbox 216 3122 264 3171; x_wconf 80' lang='lat' dir='ltr'><strong>sut</strong></span> <span class='ocrx_word' id='word_1_212' title='bbox 286 3114 387 3173; x_wconf 90' lang='lat' dir='ltr'><strong>matris</strong></span> <span class='ocrx_word' id='word_1_213' title='bbox 409 3123 459 3173; x_wconf 89' lang='lat' dir='ltr'><strong>aut</strong></span> <span class='ocrx_word' id='word_1_214' title='bbox 482 3112 589 3172; x_wconf 78' lang='lat' dir='ltr'><strong>fratris.</strong></span> <span class='ocrx_word' id='word_1_215' title='bbox 638 3111 713 3171; x_wconf 90' lang='lat' dir='ltr'><strong>Puto</strong></span> <span class='ocrx_word' id='word_1_216' title='bbox 742 3121 839 3172; x_wconf 89' lang='lat' dir='ltr'><strong>autem</strong></span> <span class='ocrx_word' id='word_1_217' title='bbox 864 3119 893 3171; x_wconf 90' lang='lat' dir='ltr'><strong>et</strong></span> <span class='ocrx_word' id='word_1_218' title='bbox 914 3112 1064 3173; x_wconf 87' lang='lat' dir='ltr'><strong>devotioni</strong></span> <span class='ocrx_word' id='word_1_219' title='bbox 1088 3123 1117 3173; x_wconf 89' lang='lat' dir='ltr'><strong>ct</strong></span> <span class='ocrx_word' id='word_1_220' title='bbox 1139 3131 1241 3175; x_wconf 89' lang='lat' dir='ltr'><strong>sacer-</strong></span> 
     </span>
     <span class='ocr_line' id='line_1_26' title="bbox 197 3197 1242 3292; baseline 0.003 -21"><span class='ocrx_word' id='word_1_221' title='bbox 197 3213 341 3274; x_wconf 86' lang='lat' dir='ltr'><strong>lestinabat</strong></span> <span class='ocrx_word' id='word_1_222' title='bbox 363 3233 449 3292; x_wconf 87' lang='lat' dir='ltr'><strong>quem</strong></span> <span class='ocrx_word' id='word_1_223' title='bbox 473 3212 667 3292; x_wconf 88' lang='lat' dir='ltr'><strong>praedicando</strong></span> <span class='ocrx_word' id='word_1_224' title='bbox 689 3197 780 3291; x_wconf 82' lang='lat' dir='ltr'><strong>regno</strong></span> <span class='ocrx_word' id='word_1_225' title='bbox 804 3213 850 3273; x_wconf 92' lang='lat' dir='ltr'><strong>dei</strong></span> <span class='ocrx_word' id='word_1_226' title='bbox 874 3212 1027 3274; x_wconf 88' lang='lat' dir='ltr'><strong>imbuerat.</strong></span> <span class='ocrx_word' id='word_1_227' title='bbox 1064 3214 1121 3274; x_wconf 79' lang='lat' dir='ltr'><strong>hut</strong></span> <span class='ocrx_word' id='word_1_228' title='bbox 1136 3214 1161 3274; x_wconf 89' lang='lat' dir='ltr'><strong>si</strong></span> <span class='ocrx_word' id='word_1_229' title='bbox 1180 3233 1242 3274; x_wconf 91' lang='lat' dir='ltr'><strong>non</strong></span> 
     </span>
     <span class='ocr_line' id='line_1_27' title="bbox 197 3312 1241 3393; baseline 0.001 -20"><span class='ocrx_word' id='word_1_230' title='bbox 197 3314 293 3381; x_wconf 87' lang='lat' dir='ltr'><strong>,satis</strong></span> <span class='ocrx_word' id='word_1_231' title='bbox 316 3314 424 3393; x_wconf 91' lang='lat' dir='ltr'><strong>impius</strong></span> <span class='ocrx_word' id='word_1_232' title='bbox 448 3314 681 3393; x_wconf 88' lang='lat' dir='ltr'><strong>pronuntiandus</strong></span> <span class='ocrx_word' id='word_1_233' title='bbox 705 3315 753 3393; x_wconf 81' lang='lat' dir='ltr'><strong>qui</strong></span> <span class='ocrx_word' id='word_1_234' title='bbox 777 3314 856 3374; x_wconf 91' lang='lat' dir='ltr'><strong>nulla</strong></span> <span class='ocrx_word' id='word_1_235' title='bbox 878 3315 992 3375; x_wconf 89' lang='lat' dir='ltr'><strong>ratione</strong></span> <span class='ocrx_word' id='word_1_236' title='bbox 1014 3312 1089 3391; x_wconf 83' lang='lat' dir='ltr'><strong>legis</strong></span> <span class='ocrx_word' id='word_1_237' title='bbox 1112 3314 1241 3374; x_wconf 88' lang='lat' dir='ltr'><strong>interce-</strong></span> 
     </span>
    </p>
   </div>
   <div class='ocr_carea' id='block_1_13' title="bbox 197 3407 1352 3500">
    <p class='ocr_par' dir='ltr' id='par_1_13' title="bbox 197 3407 1352 3500">
     <span class='ocr_line' id='line_1_28' title="bbox 197 3407 1352 3500; baseline -0.002 -27"><span class='ocrx_word' id='word_1_238' title='bbox 197 3414 346 3492; x_wconf 76' lang='lat' dir='ltr'><strong>sepulturas</strong></span> <span class='ocrx_word' id='word_1_239' title='bbox 368 3424 524 3494; x_wconf 89' lang='lat' dir='ltr'><strong>parentum</strong></span> <span class='ocrx_word' id='word_1_240' title='bbox 547 3415 655 3494; x_wconf 87' lang='lat' dir='ltr'><strong>despici</strong></span> <span class='ocrx_word' id='word_1_241' title='bbox 679 3435 695 3475; x_wconf 88' lang='lat' dir='ltr'><strong>a</strong></span> <span class='ocrx_word' id='word_1_242' title='bbox 717 3416 785 3475; x_wconf 88' lang='lat' dir='ltr'><strong>liliis</strong></span> <span class='ocrx_word' id='word_1_243' title='bbox 808 3414 980 3492; x_wconf 89' lang='lat' dir='ltr'><strong>imperabat.</strong></span> <span class='ocrx_word' id='word_1_244' title='bbox 1023 3413 1094 3473; x_wconf 85' lang='lat' dir='ltr'><strong>Cum</strong></span> <span class='ocrx_word' id='word_1_245' title='bbox 1118 3430 1188 3472; x_wconf 89' lang='lat' dir='ltr'><strong>vero</strong></span> <span class='ocrx_word' id='word_1_246' title='bbox 1212 3407 1352 3500; x_wconf 48' lang='lat' dir='ltr'><strong>ossaf-ff·</strong></span> 
     </span>
    </p>
   </div>
   <div class='ocr_carea' id='block_1_14' title="bbox 197 3512 1242 3596">
    <p class='ocr_par' dir='ltr' id='par_1_14' title="bbox 197 3512 1242 3596">
     <span class='ocr_line' id='line_1_29' title="bbox 197 3512 1242 3596; baseline 0 -23"><span class='ocrx_word' id='word_1_247' title='bbox 197 3515 294 3577; x_wconf 78' lang='lat' dir='ltr'><strong>iillum</strong></span> <span class='ocrx_word' id='word_1_248' title='bbox 316 3512 399 3596; x_wconf 87' lang='lat' dir='ltr'><strong>prius</strong></span> <span class='ocrx_word' id='word_1_249' title='bbox 423 3516 486 3578; x_wconf 90' lang='lat' dir='ltr'><strong>suis</strong></span> <span class='ocrx_word' id='word_1_250' title='bbox 509 3516 666 3577; x_wconf 86' lang='lat' dir='ltr'><strong>valedicere</strong></span> <span class='ocrx_word' id='word_1_251' title='bbox 689 3524 841 3595; x_wconf 84' lang='lat' dir='ltr'><strong>parantem</strong></span> <span class='ocrx_word' id='word_1_252' title='bbox 874 3513 1014 3592; x_wconf 89' lang='lat' dir='ltr'><strong>prohihet</strong></span> <span class='ocrx_word' id='word_1_253' title='bbox 1035 3521 1114 3572; x_wconf 91' lang='lat' dir='ltr'><strong>retro</strong></span> <span class='ocrx_word' id='word_1_254' title='bbox 1136 3530 1242 3590; x_wconf 88' lang='lat' dir='ltr'><strong>respe-</strong></span> 
     </span>
    </p>
   </div>
   <div class='ocr_carea' id='block_1_15' title="bbox 197 3715 1243 3915">
    <p class='ocr_par' dir='ltr' id='par_1_15' title="bbox 197 3715 1243 3915">
     <span class='ocr_line' id='line_1_30' title="bbox 197 3715 1242 3783; baseline 0 -20"><span class='ocrx_word' id='word_1_255' title='bbox 197 3719 226 3764; x_wconf 73' lang='lat' dir='ltr'><strong>&#39;oti</strong></span> <span class='ocrx_word' id='word_1_256' title='bbox 250 3721 272 3768; x_wconf 89' lang='lat' dir='ltr'><strong>in</strong></span> <span class='ocrx_word' id='word_1_257' title='bbox 298 3720 396 3769; x_wconf 75' lang='lat' dir='ltr'><strong>eundem</strong></span> <span class='ocrx_word' id='word_1_258' title='bbox 417 3737 466 3783; x_wconf 74' lang='lat' dir='ltr'><strong>eoo.</strong></span> <span class='ocrx_word' id='word_1_259' title='bbox 521 3721 607 3769; x_wconf 84' lang='lat' dir='ltr'><strong>Christi</strong></span> <span class='ocrx_word' id='word_1_260' title='bbox 633 3721 732 3769; x_wconf 85' lang='lat' dir='ltr'><strong>candem</strong></span> <span class='ocrx_word' id='word_1_261' title='bbox 759 3719 831 3769; x_wconf 78' lang='lat' dir='ltr'><strong>dccl.</strong></span> <span class='ocrx_word' id='word_1_262' title='bbox 885 3717 972 3767; x_wconf 82' lang='lat' dir='ltr'><strong>Christi</strong></span> <span class='ocrx_word' id='word_1_263' title='bbox 997 3716 1132 3773; x_wconf 81' lang='lat' dir='ltr'><strong>lenitatem,</strong></span> <span class='ocrx_word' id='word_1_264' title='bbox 1162 3715 1242 3763; x_wconf 86' lang='lat' dir='ltr'><strong>incre·</strong></span> 
     </span>
     <span class='ocr_line' id='line_1_31' title="bbox 197 3783 1242 3837; baseline 0.002 -9"><span class='ocrx_word' id='word_1_265' title='bbox 197 3786 276 3834; x_wconf 72' lang='lat' dir='ltr'><strong>eundern</strong></span> <span class='ocrx_word' id='word_1_266' title='bbox 301 3791 336 3836; x_wconf 83' lang='lat' dir='ltr'><strong>cd.</strong></span> <span class='ocrx_word' id='word_1_267' title='bbox 391 3788 429 3836; x_wconf 83' lang='lat' dir='ltr'><strong>tt.</strong></span> <span class='ocrx_word' id='word_1_268' title='bbox 448 3788 595 3836; x_wconf 84' lang='lat' dir='ltr'><strong>destinantes</strong></span> <span class='ocrx_word' id='word_1_269' title='bbox 619 3792 655 3837; x_wconf 85' lang='lat' dir='ltr'><strong>cd.</strong></span> <span class='ocrx_word' id='word_1_270' title='bbox 702 3787 845 3836; x_wconf 85' lang='lat' dir='ltr'><strong>destinantis</strong></span> <span class='ocrx_word' id='word_1_271' title='bbox 875 3786 930 3837; x_wconf 82' lang='lat' dir='ltr'><strong>doh.</strong></span> <span class='ocrx_word' id='word_1_272' title='bbox 983 3786 1108 3835; x_wconf 86' lang='lat' dir='ltr'><strong>destinatis</strong></span> <span class='ocrx_word' id='word_1_273' title='bbox 1132 3783 1156 3831; x_wconf 86' lang='lat' dir='ltr'><strong>B.</strong></span> <span class='ocrx_word' id='word_1_274' title='bbox 1199 3784 1242 3830; x_wconf 83' lang='lat' dir='ltr'><strong>de·</strong></span> 
     </span>
     <span class='ocr_line' id='line_1_32' title="bbox 197 3850 1243 3915; baseline -0.001 -15"><span class='ocrx_word' id='word_1_275' title='bbox 197 3855 372 3904; x_wconf 69' lang='lat' dir='ltr'><strong>osfernus.</strong></span> <span class='ocrx_word' id='word_1_276' title='bbox 408 3856 549 3904; x_wconf 75' lang='lat' dir='ltr'><strong>detestantis</strong></span> <span class='ocrx_word' id='word_1_277' title='bbox 566 3858 678 3906; x_wconf 80' lang='lat' dir='ltr'><strong>latinius.</strong></span> <span class='ocrx_word' id='word_1_278' title='bbox 740 3854 780 3903; x_wconf 81' lang='lat' dir='ltr'><strong>ib.</strong></span> <span class='ocrx_word' id='word_1_279' title='bbox 798 3854 923 3915; x_wconf 84' lang='lat' dir='ltr'><strong>discipulis</strong></span> <span class='ocrx_word' id='word_1_280' title='bbox 942 3855 1046 3903; x_wconf 86' lang='lat' dir='ltr'><strong>Latinius</strong></span> <span class='ocrx_word' id='word_1_281' title='bbox 1065 3859 1084 3900; x_wconf 87' lang='lat' dir='ltr'><strong>et</strong></span> <span class='ocrx_word' id='word_1_282' title='bbox 1103 3851 1139 3899; x_wconf 71' lang='lat' dir='ltr'><strong>dr.</strong></span> <span class='ocrx_word' id='word_1_283' title='bbox 1155 3850 1243 3899; x_wconf 81' lang='lat' dir='ltr'><strong>lunius.</strong></span> 
     </span>
    </p>
   </div>
   <div class='ocr_carea' id='block_1_16' title="bbox 197 3914 1242 4036">
    <p class='ocr_par' dir='ltr' id='par_1_16' title="bbox 197 3914 1242 4036">
     <span class='ocr_line' id='line_1_33' title="bbox 200 3914 1242 4035; baseline -0.006 -65"><span class='ocrx_word' id='word_1_284' title='bbox 200 3924 260 4035; x_wconf 59' lang='lat' dir='ltr'><strong>tdsb.</strong></span> <span class='ocrx_word' id='word_1_285' title='bbox 310 3921 351 3971; x_wconf 77' lang='grc'><strong>20.</strong></span> <span class='ocrx_word' id='word_1_286' title='bbox 370 3923 516 3985; x_wconf 76' lang='lat' dir='ltr'><strong>hypocrisim</strong></span> <span class='ocrx_word' id='word_1_287' title='bbox 536 3924 560 3971; x_wconf 81' lang='lat' dir='ltr'><strong>d.</strong></span> <span class='ocrx_word' id='word_1_288' title='bbox 612 3922 652 3972; x_wconf 79' lang='lat' dir='ltr'><strong>tt.</strong></span> <span class='ocrx_word' id='word_1_289' title='bbox 672 3932 858 3972; x_wconf 84' lang='lat' dir='ltr'><strong>consecutorum</strong></span> <span class='ocrx_word' id='word_1_290' title='bbox 886 3924 921 3969; x_wconf 85' lang='lat' dir='ltr'><strong>cd.</strong></span> <span class='ocrx_word' id='word_1_291' title='bbox 942 3921 1149 3970; x_wconf 82' lang='lat' dir='ltr'><strong>Vaticanusolter.</strong></span> <span class='ocrx_word' id='word_1_292' title='bbox 1202 3914 1242 3966; x_wconf 78' lang='lat'><strong>22.</strong></span> 
     </span>
     <span class='ocr_line' id='line_1_34' title="bbox 197 3999 242 4036; baseline 0.089 -4"><span class='ocrx_word' id='word_1_293' title='bbox 197 3999 208 4032; x_wconf 84' lang='lat' dir='ltr'><strong>u</strong></span> <span class='ocrx_word' id='word_1_294' title='bbox 237 4025 242 4036; x_wconf 94' lang='lat'><strong>.</strong></span> 
     </span>
    </p>
   </div>
   <div class='ocr_carea' id='block_1_17' title="bbox 197 4168 1244 4908">
    <p class='ocr_par' dir='ltr' id='par_1_17' title="bbox 197 4168 1242 4289">
     <span class='ocr_line' id='line_1_35' title="bbox 197 4168 1242 4234; baseline -0.001 -15"><span class='ocrx_word' id='word_1_295' title='bbox 197 4172 522 4222; x_wconf 74' lang='lat' dir='ltr'><strong>toscoiudicissevoritetrm.</strong></span> <span class='ocrx_word' id='word_1_296' title='bbox 541 4173 631 4220; x_wconf 79' lang='lat' dir='ltr'><strong>Econ-</strong></span> <span class='ocrx_word' id='word_1_297' title='bbox 683 4181 736 4221; x_wconf 85' lang='lat' dir='ltr'><strong>rent</strong></span> <span class='ocrx_word' id='word_1_298' title='bbox 755 4179 778 4219; x_wconf 87' lang='lat' dir='ltr'><strong>et</strong></span> <span class='ocrx_word' id='word_1_299' title='bbox 791 4170 947 4234; x_wconf 75' lang='lat' dir='ltr'><strong>&#39;postularent</strong></span> <span class='ocrx_word' id='word_1_300' title='bbox 965 4186 1039 4233; x_wconf 83' lang='lat' dir='ltr'><strong>super</strong></span> <span class='ocrx_word' id='word_1_301' title='bbox 1057 4170 1124 4219; x_wconf 90' lang='lat' dir='ltr'><strong>illum</strong></span> <span class='ocrx_word' id='word_1_302' title='bbox 1139 4168 1242 4218; x_wconf 79' lang='lat' dir='ltr'><strong>viculum</strong></span> 
     </span>
     <span class='ocr_line' id='line_1_36' title="bbox 197 4235 867 4289; baseline 0.004 -8"><span class='ocrx_word' id='word_1_303' title='bbox 197 4235 257 4287; x_wconf 68' lang='lat' dir='ltr'><strong>{bristi</strong></span> <span class='ocrx_word' id='word_1_304' title='bbox 282 4241 304 4289; x_wconf 93' lang='lat' dir='ltr'><strong>in</strong></span> <span class='ocrx_word' id='word_1_305' title='bbox 324 4240 426 4288; x_wconf 80' lang='lat' dir='ltr'><strong>eandam</strong></span> <span class='ocrx_word' id='word_1_306' title='bbox 446 4240 631 4287; x_wconf 79' lang='lat' dir='ltr'><strong>animaduersio·</strong></span> <span class='ocrx_word' id='word_1_307' title='bbox 682 4240 867 4288; x_wconf 76' lang='lat' dir='ltr'><strong>samaritanum.</strong></span> 
     </span>
    </p>

    <p class='ocr_par' dir='ltr' id='par_1_18' title="bbox 197 4298 1243 4436">
     <span class='ocr_line' id='line_1_37' title="bbox 197 4298 1243 4368; baseline -0.002 -16"><span class='ocrx_word' id='word_1_308' title='bbox 197 4303 297 4356; x_wconf 76' lang='lat' dir='ltr'><strong>ttioantes</strong></span> <span class='ocrx_word' id='word_1_309' title='bbox 321 4303 469 4368; x_wconf 78' lang='lat' dir='ltr'><strong>discipulos]</strong></span> <span class='ocrx_word' id='word_1_310' title='bbox 498 4308 558 4353; x_wconf 81' lang='lat' dir='ltr'><strong>Sana</strong></span> <span class='ocrx_word' id='word_1_311' title='bbox 585 4308 629 4354; x_wconf 90' lang='lat' dir='ltr'><strong>iam</strong></span> <span class='ocrx_word' id='word_1_312' title='bbox 717 4310 731 4354; x_wconf 88' lang='lat' dir='ltr'><strong>i.</strong></span> <span class='ocrx_word' id='word_1_313' title='bbox 752 4307 810 4355; x_wconf 83' lang='lat' dir='ltr'><strong>Nam</strong></span> <span class='ocrx_word' id='word_1_314' title='bbox 830 4313 853 4353; x_wconf 90' lang='lat' dir='ltr'><strong>et</strong></span> <span class='ocrx_word' id='word_1_315' title='bbox 872 4313 928 4352; x_wconf 91' lang='lat' dir='ltr'><strong>tunc</strong></span> <span class='ocrx_word' id='word_1_316' title='bbox 945 4298 1089 4368; x_wconf 86' lang='lat' dir='ltr'><strong>adlleliom]</strong></span> <span class='ocrx_word' id='word_1_317' title='bbox 1108 4301 1243 4353; x_wconf 78' lang='lat' dir='ltr'><strong>ctuers-</strong></span> 
     </span>
     <span class='ocr_line' id='line_1_38' title="bbox 197 4371 1064 4436; baseline 0.006 -23"><span class='ocrx_word' id='word_1_318' title='bbox 197 4381 234 4419; x_wconf 82' lang='lat' dir='ltr'><strong>uto</strong></span> <span class='ocrx_word' id='word_1_319' title='bbox 248 4376 303 4423; x_wconf 77' lang='lat' dir='ltr'><strong>hacc</strong></span> <span class='ocrx_word' id='word_1_320' title='bbox 320 4376 404 4431; x_wconf 77' lang='lat' dir='ltr'><strong>verbs,</strong></span> <span class='ocrx_word' id='word_1_321' title='bbox 422 4388 484 4436; x_wconf 83' lang='lat' dir='ltr'><strong>qnae</strong></span> <span class='ocrx_word' id='word_1_322' title='bbox 501 4372 630 4436; x_wconf 87' lang='lat' dir='ltr'><strong>interpola·</strong></span> <span class='ocrx_word' id='word_1_323' title='bbox 682 4375 763 4423; x_wconf 82' lang='lat' dir='ltr'><strong>ticutis</strong></span> <span class='ocrx_word' id='word_1_324' title='bbox 782 4371 884 4436; x_wconf 82' lang='lat' dir='ltr'><strong>cap.15.</strong></span> <span class='ocrx_word' id='word_1_325' title='bbox 903 4386 956 4419; x_wconf 89' lang='lat' dir='ltr'><strong>cum</strong></span> <span class='ocrx_word' id='word_1_326' title='bbox 975 4373 1064 4420; x_wconf 85' lang='lat' dir='ltr'><strong>ednott.</strong></span> 
     </span>
    </p>

    <p class='ocr_par' dir='ltr' id='par_1_19' title="bbox 197 4429 1244 4908">
     <span class='ocr_line' id='line_1_39' title="bbox 198 4429 1244 4502; baseline -0.002 -16"><span class='ocrx_word' id='word_1_327' title='bbox 198 4433 296 4490; x_wconf 73' lang='lat' dir='ltr'><strong>tanetus</strong></span> <span class='ocrx_word' id='word_1_328' title='bbox 327 4449 351 4489; x_wconf 83' lang='lat' dir='ltr'><strong>ct</strong></span> <span class='ocrx_word' id='word_1_329' title='bbox 382 4440 508 4501; x_wconf 79' lang='lat' dir='ltr'><strong>llignltins,</strong></span> <span class='ocrx_word' id='word_1_330' title='bbox 537 4450 631 4502; x_wconf 88' lang='lat' dir='ltr'><strong>praeter</strong></span> <span class='ocrx_word' id='word_1_331' title='bbox 716 4442 738 4491; x_wconf 84' lang='lat' dir='ltr'><strong>l.</strong></span> <span class='ocrx_word' id='word_1_332' title='bbox 766 4455 813 4489; x_wconf 92' lang='lat' dir='ltr'><strong>non</strong></span> <span class='ocrx_word' id='word_1_333' title='bbox 841 4438 1095 4487; x_wconf 85' lang='lat' dir='ltr'><strong>secuturum&#39;scilicot</strong></span> <span class='ocrx_word' id='word_1_334' title='bbox 1119 4429 1244 4496; x_wconf 72' lang='lat' dir='ltr'><strong>satutem]</strong></span> 
     </span>
     <span class='ocr_line' id='line_1_40' title="bbox 198 4502 1243 4568; baseline -0.004 -16"><span class='ocrx_word' id='word_1_335' title='bbox 198 4502 306 4556; x_wconf 80' lang='lat' dir='ltr'><strong>littorum</strong></span> <span class='ocrx_word' id='word_1_336' title='bbox 321 4507 492 4556; x_wconf 71' lang='lat' dir='ltr'><strong>:uctoritstem</strong></span> <span class='ocrx_word' id='word_1_337' title='bbox 504 4507 630 4556; x_wconf 85' lang='lat' dir='ltr'><strong>interiectis</strong></span> <span class='ocrx_word' id='word_1_338' title='bbox 682 4506 802 4557; x_wconf 83' lang='lat' dir='ltr'><strong>Pamclius</strong></span> <span class='ocrx_word' id='word_1_339' title='bbox 825 4505 949 4568; x_wconf 85' lang='lat' dir='ltr'><strong>rescripsit</strong></span> <span class='ocrx_word' id='word_1_340' title='bbox 972 4514 1153 4555; x_wconf 80' lang='lat' dir='ltr'><strong>consecuturum.</strong></span> <span class='ocrx_word' id='word_1_341' title='bbox 1197 4502 1243 4550; x_wconf 85' lang='lat' dir='ltr'><strong>lte-</strong></span> 
     </span>
     <span class='ocr_line' id='line_1_41' title="bbox 198 4572 1243 4639; baseline -0.004 -21"><span class='ocrx_word' id='word_1_342' title='bbox 198 4572 282 4622; x_wconf 74' lang='lat' dir='ltr'><strong>nitottn</strong></span> <span class='ocrx_word' id='word_1_343' title='bbox 300 4575 455 4636; x_wconf 79' lang='lat' dir='ltr'><strong>increpantis.</strong></span> <span class='ocrx_word' id='word_1_344' title='bbox 486 4574 630 4636; x_wconf 81' lang='lat' dir='ltr'><strong>Praepositio</strong></span> <span class='ocrx_word' id='word_1_345' title='bbox 682 4589 746 4639; x_wconf 86' lang='lat' dir='ltr'><strong>poue</strong></span> <span class='ocrx_word' id='word_1_346' title='bbox 766 4582 790 4623; x_wconf 92' lang='lat' dir='ltr'><strong>nt</strong></span> <span class='ocrx_word' id='word_1_347' title='bbox 808 4583 877 4622; x_wconf 83' lang='lat' dir='ltr'><strong>entes</strong></span> <span class='ocrx_word' id='word_1_348' title='bbox 894 4581 1039 4633; x_wconf 74' lang='lat' dir='ltr'><strong>secuturum,</strong></span> <span class='ocrx_word' id='word_1_349' title='bbox 1060 4587 1105 4620; x_wconf 89' lang='lat' dir='ltr'><strong>nec</strong></span> <span class='ocrx_word' id='word_1_350' title='bbox 1122 4577 1181 4634; x_wconf 83' lang='lat' dir='ltr'><strong>puto</strong></span> <span class='ocrx_word' id='word_1_351' title='bbox 1200 4583 1243 4615; x_wconf 88' lang='lat' dir='ltr'><strong>uo-</strong></span> 
     </span>
     <span class='ocr_line' id='line_1_42' title="bbox 203 4637 1244 4708; baseline -0.006 -19"><span class='ocrx_word' id='word_1_352' title='bbox 203 4644 279 4689; x_wconf 77' lang='lat' dir='ltr'><strong>eutem</strong></span> <span class='ocrx_word' id='word_1_353' title='bbox 303 4642 397 4688; x_wconf 82' lang='lat' dir='ltr'><strong>lotebst</strong></span> <span class='ocrx_word' id='word_1_354' title='bbox 422 4640 445 4686; x_wconf 91' lang='lat' dir='ltr'><strong>in</strong></span> <span class='ocrx_word' id='word_1_355' title='bbox 470 4640 532 4687; x_wconf 84' lang='lat' dir='ltr'><strong>unali</strong></span> <span class='ocrx_word' id='word_1_356' title='bbox 555 4641 630 4691; x_wconf 85' lang='lat' dir='ltr'><strong>littera</strong></span> <span class='ocrx_word' id='word_1_357' title='bbox 683 4651 773 4692; x_wconf 85' lang='lat' dir='ltr'><strong>ctorem</strong></span> <span class='ocrx_word' id='word_1_358' title='bbox 793 4642 823 4690; x_wconf 87' lang='lat' dir='ltr'><strong>de</strong></span> <span class='ocrx_word' id='word_1_359' title='bbox 840 4640 917 4690; x_wconf 79' lang='lat' dir='ltr'><strong>salute</strong></span> <span class='ocrx_word' id='word_1_360' title='bbox 937 4640 1116 4703; x_wconf 81' lang='lat' dir='ltr'><strong>consequenda,</strong></span> <span class='ocrx_word' id='word_1_361' title='bbox 1135 4637 1244 4708; x_wconf 77' lang='lat' dir='ltr'><strong>scillan-</strong></span> 
     </span>
     <span class='ocr_line' id='line_1_43' title="bbox 197 4701 1243 4773; baseline -0.013 -13"><span class='ocrx_word' id='word_1_362' title='bbox 197 4701 248 4753; x_wconf 60' lang='lat' dir='ltr'><strong>i‘5¹11&#39;-</strong></span> <span class='ocrx_word' id='word_1_363' title='bbox 280 4710 407 4767; x_wconf 67' lang='lat' dir='ltr'><strong>Agnosco·</strong></span> <span class='ocrx_word' id='word_1_364' title='bbox 436 4706 519 4766; x_wconf 85' lang='lat' dir='ltr'><strong>iuquit,</strong></span> <span class='ocrx_word' id='word_1_365' title='bbox 544 4722 631 4757; x_wconf 80' lang='lat' dir='ltr'><strong>econ·</strong></span> <span class='ocrx_word' id='word_1_366' title='bbox 683 4719 731 4758; x_wconf 88' lang='lat' dir='ltr'><strong>tom</strong></span> <span class='ocrx_word' id='word_1_367' title='bbox 751 4709 781 4757; x_wconf 88' lang='lat' dir='ltr'><strong>de</strong></span> <span class='ocrx_word' id='word_1_368' title='bbox 799 4707 923 4773; x_wconf 85' lang='lat' dir='ltr'><strong>sequendo</strong></span> <span class='ocrx_word' id='word_1_369' title='bbox 943 4701 1243 4769; x_wconf 77' lang='lat' dir='ltr'><strong>perilliultempuscbrt-</strong></span> 
     </span>
     <span class='ocr_line' id='line_1_44' title="bbox 197 4760 1243 4839; baseline -0.003 -23"><span class='ocrx_word' id='word_1_370' title='bbox 197 4767 254 4820; x_wconf 80' lang='lat' dir='ltr'><strong>hmo</strong></span> <span class='ocrx_word' id='word_1_371' title='bbox 271 4772 429 4820; x_wconf 74' lang='lat' dir='ltr'><strong>severitatem</strong></span> <span class='ocrx_word' id='word_1_372' title='bbox 455 4772 478 4817; x_wconf 92' lang='lat' dir='ltr'><strong>in</strong></span> <span class='ocrx_word' id='word_1_373' title='bbox 496 4773 631 4836; x_wconf 88' lang='lat' dir='ltr'><strong>discipulos,</strong></span> <span class='ocrx_word' id='word_1_374' title='bbox 683 4785 720 4825; x_wconf 84' lang='lat' dir='ltr'><strong>sto</strong></span> <span class='ocrx_word' id='word_1_375' title='bbox 739 4791 819 4839; x_wconf 77' lang='lat' dir='ltr'><strong>egere,</strong></span> <span class='ocrx_word' id='word_1_376' title='bbox 846 4776 887 4839; x_wconf 85' lang='lat' dir='ltr'><strong>qui</strong></span> <span class='ocrx_word' id='word_1_377' title='bbox 912 4782 950 4822; x_wconf 88' lang='lat' dir='ltr'><strong>est</strong></span> <span class='ocrx_word' id='word_1_378' title='bbox 968 4774 1035 4822; x_wconf 76' lang='lat' dir='ltr'><strong>salus</strong></span> <span class='ocrx_word' id='word_1_379' title='bbox 1054 4780 1144 4819; x_wconf 78' lang='lat' dir='ltr'><strong>nostra.</strong></span> <span class='ocrx_word' id='word_1_380' title='bbox 1182 4760 1243 4813; x_wconf 82' lang='lat' dir='ltr'><strong>illud</strong></span> 
     </span>
     <span class='ocr_line' id='line_1_45' title="bbox 197 4832 1209 4908; baseline -0.002 -27"><span class='ocrx_word' id='word_1_381' title='bbox 197 4834 247 4885; x_wconf 75' lang='lat' dir='ltr'><strong>den</strong></span> <span class='ocrx_word' id='word_1_382' title='bbox 269 4836 508 4886; x_wconf 77' lang='lat' dir='ltr'><strong>animsdversionem</strong></span> <span class='ocrx_word' id='word_1_383' title='bbox 530 4839 632 4892; x_wconf 81' lang='lat' dir='ltr'><strong>destina·</strong></span> <span class='ocrx_word' id='word_1_384' title='bbox 683 4853 780 4908; x_wconf 86' lang='lat' dir='ltr'><strong>praeter</strong></span> <span class='ocrx_word' id='word_1_385' title='bbox 798 4848 965 4905; x_wconf 66' lang='lat' dir='ltr'><strong>argumentum</strong></span> <span class='ocrx_word' id='word_1_386' title='bbox 984 4850 1027 4890; x_wconf 83' lang='lat' dir='ltr'><strong>est.</strong></span> <span class='ocrx_word' id='word_1_387' title='bbox 1047 4838 1095 4900; x_wconf 79' lang='lat' dir='ltr'><strong>(rr.</strong></span> <span class='ocrx_word' id='word_1_388' title='bbox 1107 4832 1209 4889; x_wconf 88' lang='lat' dir='ltr'><strong>lunius.)</strong></span> 
     </span>
    </p>
   </div>
   <div class='ocr_carea' id='block_1_18' title="bbox 0 0 1627 5775">
    <p class='ocr_par' dir='ltr' id='par_1_20' title="bbox 0 0 1627 5775">
     <span class='ocr_line' id='line_1_46' title="bbox 0 0 1627 5775; baseline 0 0"><span class='ocrx_word' id='word_1_389' title='bbox 0 0 1627 5775; x_wconf 95' lang='lat' dir='ltr'><strong> </strong></span> 
     </span>
    </p>
   </div>
  </div>
 </body>
</html>
