3242 5775
458 728 500 771 ne
524 726 780 771 rnssscruerrorts
803 729 1038 776 nsenermosuu.
1304 728 1340 789 ll
1430 709 1433 714 ⁴

105 896 120 949 a
179 879 253 956 potins
274 878 449 958 ”pulsarit‚
475 878 534 941 ¹’et
556 878 665 940 ostium
687 877 795 941 noviti
828 880 940 955 Etiam,
963 882 1058 946 Petite
1080 894 1109 947 et
1123 886 1290 967 accipietis,
1314 893 1342 953 ei

106 997 125 1021 ι
178 980 289 1060 conpetit
308 980 362 1059 qni
386 978 537 1041 ¹⁷seiebat
560 978 603 1041 ”a
625 997 684 1059 quo
706 988 791 1041 esset
810 981 988 1061 petendum,
1012 1002 1102 1065 aquo
1120 987 1178 1049 ¹'et
1199 1000 1263 1051 erat
1283 991 1339 1053 ali-

105 1091 128 1134 e
176 1081 226 1160 pil
242 1080 514 1162 ”repromissum
536 1100 554 1142 e
576 1080 634 1142 deo
657 1080 771 1142 seilicet
784 1081 948 1158 lerinam,
971 1085 1053 1147 Isaac
1075 1096 1105 1148 et
1121 1087 1225 1164 iacob,
1249 1111 1338 1172 quem

105 1192 132 1232 t-
173 1182 282 1243 sstiones
303 1182 403 1244 ”non
427 1182 527 1261 magu
555 1191 698 1243 noverant
729 1200 819 1261 quam
845 1183 935 1245 ullam
963 1187 1231 1266 repromissionem
1261 1193 1337 1255 cius.

106 1276 131 1330 Ἰ·
169 1281 298 1345 ts²ideo
322 1284 362 1345 ad
385 1282 514 1344 ”lsrael
536 1283 727 1361 loquebatur:
749 1282 817 1346 Non
844 1303 920 1358 sum,
943 1287 1047 1366 inquit,
1071 1289 1194 1362 missus,
1218 1292 1277 1352 nisi
1299 1294 1335 1356 od
1349 1291 1437 1384 fimi·

106 1391 128 1428 ²-
167 1401 220 1444 eres
242 1384 384 1464 perditas
415 1385 526 1446 domus
552 1383 682 1445 “lsrael
735 1383 875 1446 Nondum
903 1385 1026 1447 canibus
1056 1387 1206 1450 ²‘iactaret
1226 1410 1334 1470 panem
1347 1346 1429 1490 ἧς,
1444 1450 1470 1492 w

105 1491 123 1532 'e
164 1483 291 1559 florum,
316 1484 461 1546 nondum
483 1486 514 1545 in
535 1484 641 1546 ¹'riam
663 1484 845 1546 ²'nationum
868 1484 940 1547 ”ire
962 1487 1129 1555 mandabat.
1181 1489 1336 1569 Siquidem
1430 1475 1438 1500 ⁹
1469 1479 1477 1492 ’

106 1592 119 1633 ⁵
160 1584 276 1647 'n’line
291 1585 491 1666 ³'praecipit‚
514 1585 656 1647 vaderent
676 1585 713 1647 ed
734 1585 884 1648 docendas
907 1595 938 1646 et
958 1586 1163 1667 ”tinguendas
1186 1591 1335 1669 ustiones,

158 1687 337 1749 msemsuri
361 1705 436 1748 mox
459 1686 597 1767 spiritum
619 1695 752 1748 sanctum
774 1685 1000 1767 ³'paracletum
1022 1688 1071 1767 qui
1095 1688 1163 1750 illos
1185 1690 1489 1767 deductu-tomum.

153 1805 196 1847 rso
215 1796 304 1849 esset
326 1787 360 1848 in
386 1805 508 1848 omnem
530 1787 693 1848 veritatem.
742 1787 779 1848 lit
806 1788 865 1848 boc
885 1781 987 1867 ”erqo
1017 1789 1066 1849 illo
1095 1789 1172 1852 lacit.
1218 1792 1334 1863 Quodsi

150 1888 321 1950 alicuibus
346 1887 492 1949 destinati
514 1888 654 1949 doctores
677 1887 821 1967 apostoli,
852 1888 909 1968 ipsi
937 1907 1055 1968 quoque
1081 1889 1235 1953 doctorem
1258 1912 1334 1955 con-

149 1990 276 2050 secuturi
301 1997 393 2049 erant
414 1987 641 2068 ³paracletum,
669 1989 762 2050 mrtlto
785 1989 878 2068 magis
901 1989 1022 2051 vacabat
1043 2008 1113 2070 erga
1134 2010 1208 2068 nos,
1232 1994 1332 2065 Quae-

148 2091 198 2152 rite
220 2099 254 2151 et
275 2089 461 2162 invenietis,
485 2088 594 2169 quibus
616 2089 694 2150 ultro
717 2097 782 2151 eret
802 2090 965 2152 obventura
987 2091 1122 2153 doctrina
1137 2110 1192 2172 per
1207 2103 1333 2173 aposto-

149 2191 190 2253 lss
211 2200 243 2252 et
266 2190 347 2270 ipsis
371 2189 591 2270 apostolis‘per
605 2176 743 2271 spiritum
758 2199 902 2253 sunctum.
932 2192 1039 2254 Omnia
1055 2192 1174 2273 quidem
1189 2193 1333 2255 ³⁶domini

148 2292 220 2354 dm
243 2290 395 2353 omnibus
416 2289 515 2369 posita
538 2299 623 2363 sunt3
648 2290 731 2371 ”per
752 2310 839 2353 aures
861 2292 1040 2354 ludaeorum
1063 2293 1100 2353 ad
1122 2311 1179 2353 nos
1202 2293 1332 2354 transie-

146 2401 223 2454 runt.
256 2392 321 2454 Sed
345 2390 488 2471 pleraque
512 2391 542 2451 in
564 2391 737 2471 ”personas
753 2392 884 2454 directel
906 2410 968 2454 non
990 2394 1203 2473 proprietatem
1226 2393 1332 2455 edmo-

148 2494 268 2556 nitionis
291 2492 386 2554 nobis
409 2490 645 2566 constituerunt,
668 2493 720 2555 sed
743 2493 920 2572 exemplum.

230 2594 333 2656 ¹(ledo
357 2611 440 2654 nune
461 2601 570 2672 sponte
590 2592 627 2655 de
649 2592 741 2673 gradu
761 2595 832 2656 isto.
867 2593 1013 2656 Omnibus
1028 2583 1138 2656 dictum
1153 2595 1202 2669 sit,
1227 2596 1327 2669 Quae·
1345 2604 1446 2662 cste-¹¹·

152 2696 207 2755 rite
227 2704 257 2756 et
278 2693 460 2768 invenietis3
490 2706 589 2755 tamen
611 2702 641 2755 et
661 2693 709 2755 bic
729 2694 858 2775 'expetit
880 2713 987 2757 sensus
1009 2704 1123 2757 certare
1146 2715 1211 2758 eum
1234 2696 1329 2759 inter-

153 2796 325 2874 pretationis
348 2793 581 2873 gubernaculo¹.
618 2793 702 2855 Nulla
723 2813 780 2855 vor
802 2795 898 2856 divina
922 2788 961 2856 ite
984 2796 1129 2858 dissolute
1151 2804 1199 2857 est
1220 2804 1250 2856 et
1271 2798 1331 2860 dii·

155 2898 229 2968 insa,
251 2906 287 2958 ut
308 2895 401 2957 rerba
424 2903 539 2956 tantum
560 2895 769 2970 defendantur,
798 2908 828 2958 et
849 2897 925 2958 ratio
947 2898 1105 2959 verborum
1129 2916 1191 2958 non
1213 2899 1330 2959 consti-

156 3007 256 3058 tuatur.
311 2997 373 3058 Sed
407 2996 438 3057 in
471 2996 578 3076 primis
610 2998 668 3058 boe
693 3015 852 3076 propono,
885 3016 977 3059 unum
1006 2998 1124 3078 ³itaque
1158 3007 1188 3059 et
1215 3008 1329 3061 certum
1406 2980 1409 2987 ’

155 3099 256 3176 aliquid
282 3098 456 3161 institutum
479 3117 550 3159 esse
570 3097 718 3159 aCbristo
742 3098 820 3177 quod
843 3099 964 3160 credere
987 3099 1067 3160 omni
1091 3100 1180 3160 modo
1203 3099 1330 3161 debeant
1388 3144 1395 3153 a

157 3201 298 3272 sationes,
321 3208 353 3259 ct
376 3199 488 3261 idcirco
512 3217 669 3278 quaerere.
691 3208 724 3260 ut
744 3198 880 3278 possint,
903 3217 968 3260 eum
990 3199 1173 3277 invenerint,
1198 3201 1329 3261 eredere.

106 3298 107 3363 l
158 3298 242 3360 [nius
265 3311 379 3380 porro·
401 3308 432 3360 et
453 3300 527 3360 certi
550 3299 675 3361 instituti
694 3299 808 3361 infinita
831 3299 984 3379 inquisitio
1006 3299 1107 3360 31ἠοῐι
1129 3308 1230 3377 potest
1252 3320 1329 3362 esse.

106 3368 108 3457 l
160 3452 193 3498 tt.
217 3453 323 3514 pulssrit
347 3453 391 3499 Aa.
431 3451 540 3512 pnlssbit
564 3453 656 3514 reliqui.
709 3451 749 3514 16.
773 3451 814 3513 qul
842 3450 930 3499 ostium
950 3451 1064 3498 latinius.
1119 3449 1158 3496 li.
1177 3450 1254 3496 scibat
1271 3451 1311 3512 Αφ

106 3478 109 3619 l
159 3518 333 3568 ursmarus.
390 3515 432 3565 18.
450 3532 463 3564 a
482 3532 531 3580 qno
550 3514 578 3564 sti
597 3525 620 3566 et
638 3518 765 3580 petendum
783 3518 833 3580 lep.
869 3517 931 3565 llaec
949 3518 1019 3565 verbo
1036 3530 1083 3564 nou
1101 3515 1185 3564 bobert
1202 3514 1245 3564 tc.
1292 3485 1332 3565 til.

159 3594 242 3634 neret
260 3586 387 3646 (letiam.
431 3593 483 3633 eret
499 3584 585 3648 rust.
637 3583 677 3634 20.
700 3585 876 3648 repromissum
896 3585 937 3632 td.
979 3581 1127 3645 promissum
1151 3583 1245 3646 reliqui.
1291 3581 1332 3634 21.

161 3656 226 3713 nugis
244 3654 356 3715 eoulq.
399 3650 440 3699 22
460 3651 521 3700 sdeo
539 3654 565 3700 t.
606 3651 647 3701 23.
665 3653 753 3701 isrsbel
772 3653 797 3701 l.
842 3650 883 3699 24,
903 3649 946 3698 isrl
963 3649 1134 3709 (beisrsbcl)
1152 3651 1175 3699 t.
1214 3650 1288 3699 isreel
1308 3653 1332 3701 d.

160 3720 248 3768 lsrsetis
268 3721 364 3782 reliqui.
407 3717 448 3767 25.
468 3719 568 3767 isetsrst
584 3719 610 3768 l.
644 3718 746 3768 iactsbst
763 3720 856 3781 reliqui.
901 3716 941 3766 26.
961 3717 996 3765 riu
1014 3718 1040 3766 l.
1075 3717 1135 3766 viem
1154 3719 1247 3782 reliqui.
1289 3717 1329 3768 27.

161 3796 275 3835 uuonm
293 3787 368 3836 ΛΜ.
391 3787 515 3835 Vaticanus
533 3793 554 3834 et
573 3787 631 3836 liber
649 3788 776 3836 furentis.
812 3786 917 3846 gentium
937 3785 972 3833 rel
992 3785 1114 3833 nationum
1136 3784 1189 3834 Coi.
1231 3783 1272 3835 28.
1291 3801 1330 3834 re·

162 3856 280 3903 trudebat
299 3856 325 3902 A,
379 3852 420 3902 29.
440 3854 513 3901 linem
532 3853 589 3902 titi.
641 3853 681 3903 30.
699 3853 819 3918 praecipit
836 3854 990 3902 rederentd.
1032 3853 1157 3915 proecepit
1175 3853 1331 3901 utraderent

160 3925 242 3986 utique.
290 3921 332 3970 st.
351 3921 497 3981 tinguendis
515 3920 559 3969 tu.
610 3921 651 3971 32.
670 3921 811 3985 paraclitum
830 3921 865 3978 t„
889 3936 931 3983 pro
948 3935 1019 3969 more.
1073 3918 1251 3979 summitto
1271 3921 1331 3970 lud.

161 4003 209 4049 erge
228 3990 283 4037 illos
303 3990 329 4037 C.
365 4002 424 4050 erge
443 3988 500 4036 illos
518 3989 610 4052 reliqui,
630 4004 659 4038 ex
676 3989 835 4038 emendatione
848 3987 958 4036 lberoni.
1002 3985 1043 4035 34.
1061 3986 1203 4047 paraclitum
1222 3987 1248 4036 t.
1290 3987 1331 4037 ³5.

161 4059 239 4105 terrim
259 4058 324 4105 diets
343 4058 369 4104 Δ.
407 4056 471 4105 dicta
490 4055 580 4104 domini
600 4057 692 4120 reliqui.
745 4054 785 4103 ³6.
805 4068 867 4115 quse
885 4056 997 4117 perebo.
1040 4053 1080 4102 37.
1100 4068 1205 4116 persona
1223 4057 1250 4103 Α.
1277 4054 1332 4104 Pro-

163 4130 191 4173 tst
208 4126 393 4174 bridetrerdss.

218 4193 274 4256 Cep.
294 4192 333 4241 tx.
374 4191 398 4239 1.
418 4190 492 4239 Credo
510 4189 554 4251 ild.
598 4187 621 4240 2.
639 4190 726 4254 expetit
744 4189 850 4251 (expedit
869 4187 901 4247 o.)
920 4202 1006 4236 sensns
1025 4195 1119 4236 certare
1138 4200 1192 4235 cum
1212 4187 1331 4249 interpre-

161 4262 244 4309 'su'osis
262 4258 435 4321 gubernaculo
454 4257 532 4306 llice.
576 4258 669 4320 erpedit
692 4272 765 4306 sensu
791 4264 884 4305 certare
908 4270 962 4304 eum
981 4254 1186 4317 interpretationis
1209 4254 1332 4314 guberna·

162 4333 204 4375 reto
222 4331 251 4381 ά..
268 4328 457 4378 hluduicus.
502 4326 590 4386 expetit
608 4339 693 4374 seusus
713 4332 792 4373 certae
812 4323 1017 4386 interpretationis
1033 4321 1223 4383 gubernaculum
1244 4322 1331 4382 amobe.

162 4392 178 4439 ἰ
196 4408 268 4461 nque
285 4396 368 4446 Arca.
407 4395 494 4456 ntique
514 4393 564 4442 bed.
619 4391 665 4441 sb.
683 4406 738 4442 esse
756 4406 804 4440 nou
823 4398 903 4454 potest
920 4389 964 4450 Ati.

184 4530 203 4577 b.
221 4547 242 4580 ur
260 4545 386 4596 paeones
401 4520 512 4590 directa]
532 4524 683 4574 ludseornm.
770 4538 825 4573 nem
844 4524 978 4584 gubernare
1004 4521 1076 4570 debet
1100 4529 1123 4569 et
1147 4521 1170 4569 in
1189 4534 1217 4567 es
1235 4533 1338 4582 semper

183 4597 231 4663 Cap.
256 4602 293 4651 tt.
340 4616 365 4650 a.
392 4597 465 4649 Cedo
493 4607 559 4643 nune
582 4601 669 4655 sponte
688 4592 719 4641 ds
770 4606 879 4652 regnare.
905 4591 974 4639 llunc
992 4589 1070 4638 iocum
1091 4589 1175 4637 eodem
1191 4600 1263 4635 sensu
1283 4595 1333 4662 tru-

159 4669 212 4721 mis
238 4665 296 4737 isto]
331 4670 371 4721 Cl.
401 4666 503 4717 ednott.
534 4660 566 4709 sd
596 4661 719 4724 Scorpise.
771 4667 875 4708 creverat
896 4658 1010 4706 irenaeus
1038 4655 1123 4706 lib.ll.
1155 4653 1262 4717 ospiti.
1282 4653 1333 4711 tlte-

157 4739 258 4859 “guium
278 4799 509 4874 interpretationis
531 4792 719 4857 gubernante]
771 4727 936 4855 881ει.)ροπο]
964 4792 998 4840 De
1027 4791 1098 4840 buius
1127 4786 1261 4852 particulae
1280 4795 1334 4856 ¹usu

154 4867 171 4917 ll
183 4889 209 4927 eet
225 4895 276 4931 rum
295 4882 413 4934 ratione,
445 4880 508 4919 cum
530 4860 659 4924 disciplina
678 4878 719 4911 ra·
771 4861 836 4923 epod
851 4860 1027 4909 Tertullianum
1046 4859 1075 4907 ci.
1095 4870 1157 4920 quoe
1175 4854 1285 4903 adnotari
1304 4846 1334 4895 nd

152 4946 206 5008 tumr
230 4966 289 5017 qm
306 4963 375 5002 „m
398 4947 516 4993 omnem
537 4930 720 4993 interpretatio·
771 4928 805 4978 lie
825 4927 920 4978 Corone
939 4925 1028 4991 cepi.
