3242 5775
680 678 769 721 runnu
785 641 899 722 'omnm
920 671 924 681 ·

203 829 282 880 Cruce
300 829 395 890 signare
413 826 528 879 lectulum
547 837 570 879 et
592 830 761 895 corpusculum

238 898 273 945 Ad
294 898 363 946 Uror.
384 897 412 956 ΙΙ,
424 897 446 945 5.

203 965 294 1016 Cruces
313 966 425 1013 intestina
444 972 500 1013 sunt
518 971 672 1028 tropaeorum
696 966 762 1031 Apo·

239 1033 287 1094 log.
303 1032 341 1081 16.
360 1033 395 1081 Ad
413 1032 475 1081 Natt.
495 1034 514 1091 Ι,
527 1031 565 1082 13.

1288 679 1368 725 um

814 832 948 882 Daemones
966 844 1053 880 nomen
1064 829 1224 881 Christianum
1236 832 1367 899 insequun-

849 908 888 949 tur
904 899 1006 963 Apolog.
1021 897 1096 948 221.
1112 899 1148 949 bd
1165 899 1228 950 llatt.
1246 901 1265 963 Ι,
1276 900 1300 952 3.

814 991 846 1005 -
865 981 893 1016 su
911 966 1005 1016 occulto
1023 967 1136 1029 instigent
1153 967 1256 1019 iudicum
1274 969 1368 1021 animoa

800 1027 803 1040 '
847 1035 871 1085 in
890 1034 1039 1084 Christianos
1056 1034 1156 1097 spotog.
1171 1034 1193 1085 2.

204 1101 289 1151 crucis
314 1100 410 1149 babitus
436 1101 587 1151 necessarius
614 1100 762 1151 dimicaturis
812 1126 847 1139 -
865 1103 1101 1167 praeministretores
1119 1102 1252 1153 tabularum
1262 1118 1369 1169 quarum

238 1170 352 1217 adversus
372 1168 493 1217 diabolum
512 1168 569 1217 Adr.
588 1168 761 1230 1111511118.

202 1262 237 1274 -
257 1251 313 1300 pers
331 1244 434 1285 antenna
453 1236 487 1284 Ad
505 1236 568 1285 Natt.
588 1235 660 1297 Ι,12.

203 1329 235 1340 -
256 1319 369 1354 excessus
387 1303 471 1355 sedilis
489 1304 523 1353 Ad
542 1304 604 1354 Nati.
623 1306 642 1365 Ι,
655 1304 694 1354 12.

202 1399 238 1409 -
256 1373 333 1421 torma
353 1372 453 1435 Apolog.
471 1371 509 1421 16.
527 1371 562 1420 Ad
581 1372 644 1422 llatt.
662 1373 681 1433 Ι,
694 1371 732 1422 12.

202 1466 238 1476 -
256 1440 380 1502 signaculo
399 1441 503 1489 frontem
513 1440 613 1490 terimus
624 1441 654 1490 ed
666 1454 770 1489 omnem,

238 1522 396 1572 progressum
415 1517 486 1571 atque
505 1516 652 1571 promotum,
670 1508 699 1557 ad
709 1523 763 1557 om·

239 1590 294 1625 ueru
314 1576 402 1624 aditum
422 1583 445 1624 et
463 1577 560 1637 exitum,
578 1576 607 1625 ad
620 1578 763 1626 restitumet

239 1643 374 1701 calciatum,
394 1643 422 1692 ad
441 1643 543 1702 lavacra,
561 1644 591 1693 ad
610 1640 714 1704 mensas,
733 1644 762 1693 ad

239 1712 340 1770 lumina,
359 1711 388 1760 ad
407 1711 525 1771 cubicula,
551 1712 580 1761 ad
599 1711 683 1762 sedilia
703 1726 763 1776 qua·

239 1793 335 1896 {unque
354 1793 404 1896 gos
433 1781 581 1830 conversatio
606 1787 701 1829 exercet
729 1779 763 1829 De

260 1861 335 1897 orons
372 1882 378 1895 .

201 1915 299 1967 Ctesias
318 1915 347 1963 de
366 1916 463 1963 incestis
475 1915 602 1965 Persarum
615 1914 685 1965 testie
698 1916 763 1978 lpo-

238 1983 287 2045 log.
299 1982 323 2031 9.
342 1982 374 2030 td
393 1983 455 2031 Natt.
474 1982 493 2043 Ι,
505 1982 544 2031 16.

200 2049 763 2114 CollciparricidaesuppliciomddNatt.ll‚13.

200 2120 302 2170 Cultum
331 2118 423 2167 nullum
443 2133 455 2166 a
474 2120 519 2167 deu
540 2118 692 2167 maledictum
716 2119 763 2168 niel

240 2186 384 2235 muliebrem
404 2189 427 2235 in
446 2186 495 2235 viro
516 2186 549 2235 De
567 2185 677 2236 idol-16.

198 2281 237 2291 -
257 2255 360 2303 lerniuae
372 2255 477 2302 habitum
498 2254 601 2304 dicimus
611 2268 682 2318 quem
693 2267 763 2303 mun·

239 2322 297 2371 dum
317 2322 460 2370 muliebrem
480 2331 564 2372 vocant
581 2322 615 2372 De
634 2322 704 2373 Cultu
718 2322 763 2371 Fe·

238 2391 298 2438 min.
317 2389 374 2448 Ι,1.

200 2459 299 2510 Cunina
319 2457 362 2506 dea
381 2457 414 2506 dd
433 2456 495 2505 Natt
514 2456 544 2515 ΙΙ,
558 2457 596 2505 11.

199 2525 331 2590 Cupiditas
355 2540 403 2574 nou
432 2526 454 2573 in
480 2524 673 2588 concupiscentia
693 2524 765 2574 aliani

238 2601 332 2643 tanturn
352 2600 388 2642 est
406 2593 533 2642 constituta
552 2591 586 2641 De
606 2594 704 2642 Patient.
722 2592 746 2640 ¹l.

199 2661 367 2726 Cupiditatem
386 2663 492 2709 omnium
513 2660 631 2710 maloram
649 2675 704 2710 esse
722 2674 763 2709 ra·

239 2731 318 2779 dicem
337 2729 371 2778 De
390 2729 489 2777 Patient.
508 2728 533 2777 l.

198 2825 236 2837 -
258 2799 337 2846 carnis
356 2798 443 2861 quibus
462 2796 655 2845 excusationibus
668 2795 763 2847 colore-

238 2880 295 2916 mus
313 2865 347 2913 De
366 2865 487 2914 Exhortat.
505 2864 587 2914 Castit
608 2863 647 2915 12.

199 2936 333 2987 Curiarum
362 2934 522 2982 Romanarum
550 2933 765 2984 commessationes

239 3002 378 3051 luxuriosae
396 3001 495 3063 apolog.
508 3000 549 3050 39.

200 3071 341 3123 curiositas
360 3069 502 3118 Christianis
525 3068 619 3118 vitanda
644 3069 667 3118 in
690 3068 764 3118 rebus

239 3139 326 3187 diuinis
344 3136 378 3185 De
397 3128 540 3200 Praescript.
559 3138 653 3186 llaeret.
669 3135 708 3186 18.

200 3206 377 3259 Curiositatcm
402 3212 512 3254 exercent
536 3206 648 3255 baeretici
674 3205 696 3252 in
720 3218 765 3251 nc-

240 3274 307 3336 gotio
320 3273 405 3321 salutis
424 3273 457 3321 De
468 3274 610 3337 Prnesoript.
620 3273 714 3321 llaeret.
723 3270 764 3320 34.

200 3343 365 3395 curiositates
382 3340 471 3389 multae
489 3349 616 3403 suspectae
635 3341 657 3388 in
668 3340 765 3403 exposi-

239 3411 307 3459 tione
326 3409 495 3472 parabolarum
514 3408 548 3457 De
567 3408 648 3457 Pudic.
660 3407 685 3456 3.

200 3479 278 3530 Curis
299 3477 367 3525 Pater
391 3477 415 3525 iu
440 3477 588 3526 Faliscorum
614 3476 706 3525 bonore
730 3481 766 3523 est

239 3544 343 3609 epolog.
362 3543 403 3593 21.

199 3614 295 3666 Curitis
314 3613 372 3660 luno
391 3611 491 3676 dpolog.
510 3610 551 3659 21.

202 3680 295 3746 Cybele
320 3681 364 3728 dea
388 3694 472 3728 sacros
497 3678 542 3726 sibi
561 3676 664 3725 babebat
682 3675 765 3725 leones

238 3749 273 3798 td
293 3748 356 3797 Nati.
375 3747 405 3805 ΙΙ,
421 3746 445 3796 8.

201 3816 308 3883 Cybeles
333 3822 356 3864 et
373 3814 457 3864 attidis
482 3827 550 3862 arnor
573 3812 595 3861 in
614 3812 707 3861 tlieatro
723 3824 765 3860 re·

238 3892 408 3950 praesentatus
427 3881 526 3944 Apolog.
536 3880 575 3929 15.
585 3879 620 3928 td
628 3879 716 3938 Nattl,
727 3878 764 3928 10.

201 3979 239 3992 -
258 3953 398 4002 sacerdotes
417 3950 580 3999 mendicantes
599 3947 698 4011 Apolog.
712 3945 749 3996 13.

204 4023 302 4086 cygnus
322 4021 351 4070 de
370 4022 423 4067 sinn
437 4019 543 4066 Socratis
562 4016 701 4067 demulceus
719 4015 765 4064 bo-

241 4091 321 4138 mines
340 4089 373 4136 De
392 4089 475 4135 Anima
493 4085 535 4134 46.

205 4160 321 4222 Cynopae
338 4155 374 4205 rel
395 4153 555 4218 Cynocephali
574 4152 675 4217 spotog.
688 4150 711 4200 8.
729 4150 765 4200 dd

242 4226 305 4274 Nati.
324 4223 378 4282 ts.

206 4294 262 4358 Cyri
283 4300 306 4341 et
324 4292 387 4340 Darii
406 4305 480 4352 regno
499 4289 688 4339 riritZacbarias
707 4301 765 4351 pro·

243 4361 369 4425 phetarnm
388 4359 531 4408 norissimus
549 4357 651 4421 Apolog.
666 4355 705 4406 19.

207 4431 284 4494 Cyrus
308 4429 388 4476 Asiam
416 4435 438 4476 et
463 4427 546 4475 mersit
571 4433 594 4474 et
616 4426 706 4490 pressit
732 4423 766 4472 De

242 4498 327 4546 Anima
345 4495 388 4545 16.

205 4591 241 4604 -·
261 4572 321 4630 quot
337 4564 444 4625 regnarit
462 4562 531 4611 annis
550 4561 605 4610 aur.
623 4561 675 4610 lud.
691 4559 714 4609 8.

468 4662 502 4723 D.

207 4770 318 4819 Daemon
342 4780 368 4816 se
389 4780 441 4816 cnm
461 4766 539 4815 anima
558 4777 687 4814 conserere
704 4762 768 4812 solet

244 4850 272 4885 ea
297 4836 412 4885 societate
435 4834 583 4882 substantiae
602 4841 625 4880 ct
643 4845 671 4882 ex
688 4831 766 4882 direr-

244 4905 315 4954 sitate
333 4912 432 4953 naturae
451 4902 484 4952 De
502 4902 585 4951 Anima
603 4899 644 4950 35.

848 1170 902 1220 dam
921 1171 950 1219 ad
969 1170 1137 1220 destruendam
1158 1171 1279 1222 reritatsm
1297 1172 1367 1223 cen-

848 1239 950 1288 stiauaro
967 1237 1069 1303 Apolog.
1081 1237 1123 1287 21.

814 1330 846 1343 —
864 1308 911 1356 orti
929 1307 959 1355 de
977 1306 1219 1371 angelisquibnadam
1230 1315 1369 1373 anaspoate

848 1375 977 1438 corruptis,
995 1374 1100 1424 damnati
1118 1388 1131 1423 a
1149 1374 1195 1424 deo
1207 1389 1260 1425 cum
1273 1376 1368 1439 generis

849 1442 987 1492 auctoribus
1005 1441 1106 1506 Apolug.
1120 1440 1161 1492 22.

814 1523 989 1560 -sacrarum
1015 1510 1190 1574 scripturarum
1210 1509 1368 1577 interpolato-

849 1591 889 1627 rea
906 1578 1006 1641 Apolog.
1020 1576 1062 1629 tt.

815 1672 845 1683 -
867 1645 1009 1709 corporibus
1038 1644 1186 1695 valetudines
1211 1645 1321 1709 infligunt
1346 1653 1369 1697 at

850 1727 921 1763 casus
940 1714 1042 1762 acerbos
1066 1719 1090 1761 et
1107 1713 1310 1765 extraordinarios
1324 1728 1370 1781 per

850 1782 896 1830 rim
916 1792 1028 1830 excessus
1045 1778 1202 1844 apologet.

816 1876 848 1886 -
868 1850 942 1910 magia
953 1856 1071 1912 potestate
1081 1848 1200 1897 adsistunt
1216 1848 1317 1912 Apolog.
1327 1846 1368 1899 23.

815 1944 848 1955 -
867 1917 1056 1967 christianornm
1075 1916 1156 1965 alilatu
1174 1924 1197 1966 et
1211 1917 1370 1967 uonuetulu·

849 1994 935 2046 gantur
952 1983 1054 2048 dpolog.
1067 1982 1108 2033 23.
1118 1981 1160 2034 44.
1293 1991 1296 1996 ·
1423 2043 1426 2052 Ι

816 2080 848 2089 -
866 2051 1071 2102 delitescunt'aub
1090 2050 1227 2101 nominibus
1244 2058 1268 2101 et
1284 2051 1369 2115 imagi·

850 2121 920 2169 nibus
940 2127 1088 2169 mortuorum
1107 2118 1369 2182 etquibuedarusiguis

850 2197 873 2237 et
891 2188 995 2237 oraculis
1008 2188 1079 2237 tidem
1094 2186 1221 2236 divinitatis
1239 2196 1370 2252 operantur

849 2255 951 2318 Apolog.
964 2252 1006 2303 21.

815 2348 849 2359 -
867 2332 890 2373 et
917 2322 978 2372 ustis
988 2330 1012 2371 et
1020 2322 1173 2386 pbilosophis
1183 2323 1233 2372 noti
1250 2319 1370 2388 Apum.

815 2417 849 2428 -
867 2406 899 2441 nu
912 2392 960 2440 lum
979 2404 1067 2440 nomen
1080 2390 1168 2439 babent
1179 2390 1309 2453 singulare,
1326 2391 1370 2441 ssd

851 2459 883 2509 ibi
902 2473 989 2508 numen
1008 2458 1128 2507 inueniunt
1145 2458 1185 2506 ubi
1199 2460 1319 2523 etpignus
1336 2458 1370 2509 De

850 2527 911 2577 ldol.
928 2526 967 2576 15.

816 2622 848 2633 -
867 2594 1027 2645 valetudinum
1047 2602 1170 2644 curatores
1187 2593 1288 2659 dpolog.
1301 2591 1343 2644 22.

817 2664 946 2713 Daemuuia
971 2662 1078 2723 magistri
1102 2670 1157 2711 sunt
1184 2662 1274 2712 saeculi
1299 2661 1370 2713 buius

849 2731 884 2781 De
899 2730 959 2780 idol.
977 2728 1018 2779 ts.

815 2800 959 2849 -somnia
977 2797 1096 2847 incutiunt
1113 2796 1146 2845 De
1165 2797 1248 2847 Anima
1266 2797 1307 2847 st.

815 2895 845 2905 -
866 2868 964 2931 saepius
978 2880 1005 2917 se
1018 2865 1108 2928 lingunt
1120 2864 1222 2930 aliquem
1237 2879 1264 2916 ea
1281 2879 1370 2932 paren·

850 2937 914 2987 tibus
932 2933 987 2983 τῶν
1005 2929 1215 2998 ἐνεργουμένων
1232 2934 1369 2987 Delmb'l.

816 3003 947 3055 Daemouio
972 3016 1048 3068 paene
1073 3002 1165 3052 nullum
1187 3002 1309 3052 bominem
1327 3017 1368 3053 ea-

849 3085 903 3122 rere
922 3071 955 3120 De
972 3071 1056 3120 Anima
1075 3070 1116 3120 bl.

816 3140 1002 3189 Daemoniorum
1020 3139 1131 3188 incursus
1149 3139 1329 3188 immaturarum
1347 3145 1371 3188 et

850 3208 965 3257 atrocium
977 3206 1089 3255 mortium
1101 3220 1172 3256 cansa
1192 3205 1224 3254 De
1234 3206 1319 3256 Anima
1329 3205 1370 3256 51.

817 3274 972 3325 Daemonium
992 3274 1097 3323 Socratis
1115 3271 1214 3336 apolog.
1229 3271 1269 3321 22.

817 3343 965 3392 basmonum
998 3341 1112 3391 velocitas
1144 3340 1252 3388 divinitas
1281 3338 1370 3388 credita

851 3409 953 3474 sputug.
967 3407 1008 3457 22.

816 3502 850 3512 -
867 3477 955 3542 pabula
975 3475 1009 3524 td
1028 3475 1098 3535 Scep.
1112 3472 1135 3521 2.

817 3571 849 3582 -
868 3543 965 3592 oracula
984 3540 1094 3601 ambigua
1113 3538 1215 3601 Apolug.
1228 3537 1269 3588 22.

816 3636 849 3646 -
868 3609 980 3659 libidines
999 3609 1023 3656 in
1041 3609 1202 3656 somniatores
1219 3607 1254 3656 De
1271 3608 1314 3658 Au.
1328 3606 1370 3658 13.

816 3703 850 3718 -
868 3677 977 3742 operatio
996 3674 1097 3739 tpotog.
1112 3673 1151 3724 22.

816 3746 939 3795 Dalmatae
958 3745 1052 3793 feroces
1070 3743 1103 3792 De
1121 3743 1205 3792 Anima
1223 3741 1264 3794 20.
1320 3776 1325 3789 .

816 3814 948 3864 Damascus
956 3812 1057 3860 Arabiae
1075 3812 1132 3860 olim
1151 3811 1310 3876 deputabatur
1325 3826 1369 3862 an·

850 3889 945 3945 tequam
972 3882 995 3929 in
1014 3880 1209 3945 Syrophoenicen
1227 3881 1370 3947 transcripta

827 3955 828 3958 ’
850 3956 916 3999 esset
932 3949 989 3998 dds.
1008 3946 1079 3997 llare.
1097 3947 1139 4007 ΙΙΙ,
1152 3946 1191 3997 13.

816 4017 959 4078 Damigeron
978 4030 1062 4078 magus
1080 4016 1114 4065 De
1131 4017 1215 4065 Anima
1235 4016 1274 4065 51.

817 4084 981 4135 Damnationis
1011 4084 1094 4133 trador
1123 4084 1186 4134 unda
1214 4084 1304 4134 venerit
1333 4083 1369 4135 De'

853 4153 952 4202 Testim.
970 4152 1068 4202 Animas
1086 4151 1109 4201 3.

816 4221 947 4271 Damnatus
973 4219 1031 4269 olim
1050 4221 1073 4269 in
1091 4227 1172 4283 partes
1190 4220 1266 4269 secari
1284 4233 1297 4268 a
1315 4234 1368 4271 ere-

851 4289 968 4338 dituribus
986 4301 1047 4352 quae
1065 4287 1130 4349 leges
1148 4294 1217 4336 erant
1229 4295 1312 4351 postea
1322 4302 1370 4405 pu·

852 4357 917 4406 blioo
936 4368 1056 4406 consensu
1067 4354 1194 4417 abrogatae
1204 4363 1260 4404 sunt
1268 4355 1320 4421 Apo
1331 4356 1370 4406 .t.

817 4425 899 4475 Danae
917 4439 930 4473 a
948 4423 1002 4472 lore
1019 4430 1126 4488 stuprata
1143 4424 1187 4473 sub
1205 4423 1286 4487 specie
1304 4423 1370 4475 aurei

850 4492 936 4542 imbris
952 4490 1022 4554 spot.
1034 4489 1073 4540 21.
1092 4490 1127 4541 tu
1144 4491 1207 4541 Natt.
1224 4490 1255 4552 ΙΙ,
1266 4490 1306 4541 12.

817 4561 913 4610 Danaus
936 4574 984 4624 quo
1010 4567 1118 4624 tempore
1141 4560 1164 4609 in
1181 4559 1258 4621 Argos
1281 4559 1372 4610 venerit

852 4627 952 4692 Apolog.
972 4626 1011 4678 13.

819 4710 873 4747 cum
890 4695 990 4745 Daniele
1013 4696 1073 4745 trina
1097 4696 1232 4745 fraternitas
1249 4694 1370 4756 legumine

852 4763 906 4813 solo
925 4765 1038 4825 contenti,
1064 4779 1093 4814 ne
1111 4765 1176 4827 regis
1195 4761 1292 4812 ferculis
1310 4775 1369 4813 oon·

852 4833 1024 4882 taminarentur
1041 4833 1075 4882 De
1092 4833 1176 4882 Anima
1195 4830 1235 4880 18.

819 4899 924 4952 Danielis
942 4900 1107 4952 hebdomadae
1123 4901 1179 4951 ter.
1198 4897 1249 4950 lud.
1263 4895 1342 4974 Dqu.
