3242 5775
568 628 607 671 nn
628 630 874 674 nesunnscrrona
897 631 1011 675 cauma
1310 621 1374 685 535

197 775 312 837 caelum
327 785 519 854 negaverunt.
556 777 600 839 lta
614 797 670 840 nec
684 779 865 859 corruptela,
888 780 1000 860 inquit,
1025 780 1280 862 ¹¹incorruptelam
1301 785 1526 854 bae-tenurae.

197 877 318 937 reditati
341 877 468 937 babebit.
507 877 573 939 Non
597 886 630 939 ut
650 898 768 941 carnem
791 889 821 941 et
843 882 1017 960 sanguinem
1040 883 1193 944 existimes
1217 894 1375 964 corrupte·

197 978 273 1048 lam,
308 978 425 1056 quando
448 978 512 1056 ipsa
536 977 627 1054 ¹,³sint
647 982 750 1058 potins
773 981 900 1042 obnoxia
931 982 1132 1061 corruptelae,
1165 1002 1219 1063 per
1245 994 1375 1047 mortem

197 1077 327 1150 scilicet;
351 1078 496 1156 siquidem
519 1099 602 1140 mors
625 1088 686 1154 cst,
716 1100 791 1160 quac
814 1101 931 1143 carnem
955 1091 985 1144 et
1006 1085 1178 1162 sanguinem
1202 1103 1262 1145 non
1284 1087 1374 1147 modo

197 1178 378 1257 corrumpit,
402 1197 503 1239 vorum
527 1181 613 1241 etiam
636 1182 794 1243 consumit.
839 1182 897 1243 Sed
922 1183 1087 1261 ¹‘quoniam
1111 1203 1200 1263 opera
1223 1186 1321 1247 carnia
1344 1194 1375 1249 ct
1399 1199 1454 1243 uic

197 1279 350 1356 sanguinis
373 1297 433 1340 non
456 1299 546 1358 posse
568 1283 712 1359 consequi
735 1301 858 1360 regnum
882 1282 928 1342 dci
951 1283 1098 1356 edixerat,
1122 1303 1181 1363 quo
1205 1287 1299 1365 magis
1318 1287 1375 1348 boo

197 1390 403 1458 exaggeraret,
428 1381 511 1458 ¹⁵ipsi
534 1400 652 1459 quoque
675 1382 876 1460 corruptelae,
899 1383 928 1443 id
951 1392 997 1444 est
1013 1384 1146 1454 turoni,
1170 1386 1216 1446 cui
1233 1387 1330 1447 carnis
1345 1395 1376 1447 et
1458 1444 1461 1451 .

197 1480 353 1559 sanguinis
377 1500 467 1559 opera
490 1482 665 1559 proliciunt,
689 1484 899 1544 haereditatem
916 1484 1132 1563 incorruptelae
1148 1485 1268 1547 ademit.
1300 1487 1375 1548 Nam

197 1591 225 1642 ct
247 1581 335 1659 paulo
358 1590 428 1659 post
449 1583 542 1660 ipsius
566 1582 671 1642 mortis
694 1584 914 1661 quodammodo
937 1595 1064 1645 mortem
1087 1586 1251 1665 expressit,
1273 1584 1498 1689 ssew-1253*

197 1690 259 1742 rata
284 1690 331 1741 est
353 1700 452 1754 mors,
475 1682 595 1754 dicens,
619 1684 650 1743 in
674 1684 933 1746 ¹⁷contentionem.
968 1685 1023 1745 Ubi
1047 1694 1108 1758 est,
1131 1704 1230 1758 mors,
1253 1687 1373 1749 aculeus

197 1780 293 1844 tuus?
316 1782 365 1842 ubi
388 1793 451 1854 est,
475 1802 573 1852 mors,
598 1783 759 1862 ¹⁸potentia
784 1784 857 1847 tua?
892 1784 1018 1845 Aculeus
1033 1794 1131 1846 autem
1146 1786 1253 1847 mortis
1276 1786 1373 1848 delin-

197 1884 333 1961 quentia,
356 1883 429 1942 baec
451 1885 506 1943 erit
528 1885 706 1963 corruptela.
750 1886 851 1946 Virtus
873 1893 971 1946 autem
994 1885 1210 1963 delinquentiae
1233 1886 1296 1959 lex;
1326 1886 1374 1948 illa

197 1983 251 2043 alia
274 1984 340 2043 sine
363 1983 452 2043 dnbio
475 2002 562 2061 quam
585 1986 738 2045 constituit
762 1986 792 2045 in
815 1986 957 2046 membris
980 1987 1044 2045 suis
1068 1986 1240 2047 militantem
1262 1987 1523 2055 adver-nonnitus.

197 2103 249 2145 sus
271 2085 367 2162 legem
390 2085 479 2144 animi
501 2086 563 2154 sui,
595 2085 688 2163 ipsam
712 2085 825 2146 scilicet
846 2087 905 2146 vim
928 2086 1118 2164 delinquendi
1142 2096 1244 2147 contra
1268 2087 1373 2148 volun-

197 2194 295 2245 tatem.
334 2185 405 2244 Nam
430 2186 488 2245 ¹⁹et
509 2205 598 2263 supra
621 2186 818 2245 novissimum
841 2187 992 2247 inimicum
1015 2193 1143 2246 mortem
1166 2188 1297 2248 evacuari
1321 2187 1524 2254 aitrcaaxvns.

197 2286 260 2346 lloc
281 2286 372 2345 modo
394 2304 450 2346 nec
471 2285 637 2364 corruptela
660 2286 872 2347 haereditatem
896 2286 1113 2365 incorruptelae
1135 2286 1372 2364 ”consequetun

197 2386 225 2445 id
248 2395 374 2446 estnec
403 2405 485 2446 mors
512 2386 753 2464 ”perseverabit
805 2387 930 2458 Quando
960 2395 990 2448 ct
1019 2387 1169 2465 quomodo
1199 2384 1373 2447 defectura?

197 2486 267 2547 Cum
290 2486 320 2546 in
344 2495 460 2558 atomo,
490 2486 519 2545 in
543 2496 750 2546 momentaneo
775 2486 852 2546 oculi
874 2495 974 2558 motu,
1004 2487 1033 2546 in
1062 2486 1224 2547 novissima
1252 2486 1322 2547 tuba
1345 2493 1375 2546 ct

197 2587 304 2647 mortui
328 2593 486 2664 resurgent
508 2587 682 2663 incorrupti.
716 2586 773 2657 Qui
796 2586 845 2657 bi,
870 2585 926 2645 nisi
949 2586 998 2663 qui
1021 2594 1089 2647 ante
1111 2586 1259 2665 corrupti,
1283 2584 1374 2647 idest

197 2706 338 2766 corpora,
369 2686 397 2745 id
421 2694 468 2746 est
489 2704 558 2746 caro
582 2694 611 2746 et
633 2684 781 2763 sanguis?
825 2685 862 2745 Et
890 2703 946 2746 nos
975 2685 1200 2747 ”demutamur
1245 2685 1372 2764 [taqua

197 2788 383 2858 habitudine,
406 2787 462 2846 nisi
485 2787 515 2846 in
538 2806 593 2863 qua
617 2784 896 2865 deprehendemur?
935 2785 1060 2864 Oportet
1076 2786 1154 2846 enim
1170 2786 1370 2864 corruptivum
1380 2802 1411 2845 n.
1420 2802 1524 2846 aaran.

197 2891 273 2951 istud
297 2889 421 2948 induere
444 2888 744 2966 ²³inc0rruptionem,
768 2897 799 2946 ct
820 2887 945 2947 mortale
967 2887 1046 2947 istud
1070 2887 1194 2948 induere
1217 2887 1372 2948 immorta-

197 2991 315 3052 litatem.
350 2989 427 3060 Quid
451 2989 590 3060 mortale,
614 2989 672 3048 nisi
695 2986 788 3048 caro?
810 2988 880 3065 quid
904 2988 1121 3066 corruptivum,
1145 2989 1204 3048 nisi
1227 2987 1373 3066 sanguis?

197 3091 261 3151 ”bc
283 3109 321 3150 ne
344 3099 430 3166 putes
454 3088 560 3147 2⁶aliud
584 3089 695 3149 sentire
719 3088 1117 3166 apostolumprovidcntem
1135 3087 1204 3159 tibi,
1228 3098 1257 3148 et
1280 3097 1312 3148 ut
1334 3087 1371 3147 de

197 3210 281 3252 came
304 3190 414 3250 dictum
437 3189 591 3266 intellegas
615 3188 815 3261 laborantem,
839 3207 906 3248 cum
929 3188 1000 3248 dicit
1022 3188 1099 3248 istud
1118 3188 1320 3264 corruptivum
1343 3196 1371 3246 et

197 3292 273 3352 istud
295 3289 436 3361 mortale,
461 3299 555 3349 cutem
579 3290 672 3368 ipsam
690 3297 793 3348 tenens
811 3288 912 3348 dicitl’.
944 3286 1029 3347 Certe
1053 3285 1131 3346 istud
1154 3285 1213 3344 nisi
1235 3284 1272 3344 de
1295 3285 1370 3344 sub·

197 3392 286 3465 lecto,
310 3391 368 3451 nisi
393 3390 428 3450 de
451 3390 648 3468 comparenti.
672 3388 886 3466 pronuntiasse
908 3405 969 3446 non
986 3386 1091 3464 potuit.
1129 3383 1369 3443 Demonstratio-

197 3488 243 3551 nis
264 3490 430 3571 corporalis
454 3499 499 3550 cst
521 3489 653 3549 verbum.
698 3489 782 3548 Aliud
804 3488 933 3547 ”autem
956 3485 1174 3561 corruptivum,
1198 3481 1274 3542 aliud
1299 3499 1369 3541 cor·

198 3594 324 3672 ruptela,
361 3599 390 3651 et
419 3591 494 3650 aliud
524 3591 665 3662 mortale,
700 3599 729 3650 et
756 3588 833 3648 aliud
863 3584 1037 3646 mortalitas.
1081 3582 1164 3642 Aliud
1189 3580 1266 3640 enim
1289 3581 1368 3659 quod

199 3694 318 3769 patitur,
351 3691 430 3750 aliud
453 3691 532 3768 qnod
554 3691 614 3768 pati
637 3690 735 3749 elficit.
786 3689 828 3748 lta
850 3705 924 3765 quae
945 3684 1097 3763 patiuntur
1119 3680 1316 3758 corruptelam
1339 3687 1370 3740 et

202 3875 238 3928 ll.
254 3878 277 3927 io
295 3876 484 3938 incorruptelam
502 3876 546 3924 tc.
596 3874 633 3923 13.
653 3882 709 3923 sunt
726 3875 751 3923 l.
798 3869 1040 3933 lbquomodolll.
1088 3867 1126 3915 15.
1146 3866 1191 3929 ipsi
1209 3864 1368 3940 llli'ornobcd.

200 3944 247 4007 ipse
265 3963 285 3994 a.
331 3945 370 3993 16.
391 3944 474 3990 mortis
492 3943 534 3991 AB.
588 3942 625 3989 l'l.
646 3941 800 3990 conuentione
818 3939 879 3989 Aac.
899 3946 944 3986 tres
966 3938 1076 3984 Vaticani.
1122 3932 1161 3982 tu.
1180 3940 1301 3981 contentio
1321 3933 1367 3991 cd,

201 4012 466 4062 annuntianda.
513 4009 550 4056 ta.
570 4018 592 4056 et
610 4010 631 4057 si
649 4023 721 4070 supra
740 4008 815 4056 luta.
857 4004 897 4053 20.
917 4003 1142 4065 corrsequctnrcd,
1164 3998 1368 4049 decantado-

200 4084 282 4128 neatir.
318 4079 476 4140 consequitur
500 4079 592 4139 reliqui.
656 4075 695 4122 21.
716 4073 875 4137 perseverarit
892 4071 953 4120 ABG.
1012 4067 1249 4116 troarnensium
1274 4066 1368 4125 cd.,de

201 4149 288 4196 contest.
306 4148 409 4196 Ponrrlii.
467 4143 505 4192 23.
526 4144 741 4204 incorruptionem,
767 4148 790 4188 ct
816 4138 916 4187 mortale
936 4137 998 4185 istud
1028 4134 1177 4210 om.AllCnb.
1219 4133 1315 4183 Addidit
1340 4133 1369 4179 de

201 4216 246 4261 cod.
263 4214 429 4264 inclementis
446 4214 543 4274 priunum
562 4212 683 4258 l'omelius.
736 4207 775 4256 24.
795 4216 819 4255 at
836 4209 861 4255 Α.
917 4202 956 4252 25.
976 4203 1065 4265 aliquid
1085 4201 1150 4249 aliud
1169 4217 1197 4260 c.,
1217 4201 1246 4248 de
1264 4199 1316 4249 cod.
1335 4198 1368 4247 lo.

201 4279 322 4329 Ckmcntis.
377 4279 417 4327 26.
437 4288 515 4326 autem
535 4279 580 4325 crit
599 4277 761 4339 corruptivum
779 4274 841 4323 ABG.

229 4414 251 4461 b.
271 4421 348 4463 cutem
375 4414 451 4475 ipsam
477 4420 562 4460 teneris
588 4406 656 4473 dicit]
681 4409 757 4457 Num·
806 4409 911 4465 litamur,
930 4403 1052 4453 addidisse
1070 4397 1191 4477 „lluiua,“
1216 4405 1242 4447 ut
1259 4406 1369 4474 prontin-

198 4482 251 4544 qnid
280 4496 327 4529 non
356 4495 445 4541 corpus
473 4493 543 4527 suum
577 4477 756 4540 quodammodo
807 4478 894 4524 tientes
926 4471 1020 4531 „lluius
1044 4481 1123 4544 carnus
1147 4463 1370 4541 resurrectionem“

198 4550 354 4608 contingentis
373 4555 396 4595 et
415 4548 488 4607 digito
508 4545 628 4608 palpantis
642 4553 679 4592 est
694 4539 757 4590 ror?
807 4543 924 4590 certiores
949 4540 1034 4586 tierent
1064 4543 1135 4583 ettam
1160 4547 1256 4582 carnem
1282 4544 1370 4593 ipsam,

197 4616 269 4678 inquit
300 4617 408 4663 liuldnus
446 4616 468 4661 in
501 4614 606 4675 Exposit.
640 4610 756 4672 Symboli.
808 4623 854 4672 qua
882 4622 908 4653 sc
936 4605 981 4668 ipsi
1008 4609 1140 4677 portarent,
1170 4606 1370 4648 resurrecturam.

197 4683 379 4744 dolendumque
406 4681 491 4737 obiter,
523 4680 586 4743 quod
613 4679 642 4725 ab
671 4678 757 4725 eodem
807 4674 913 4735 (urgant
950 4673 986 4721 ct.
1006 4671 1076 4718 etiarn
1097 4669 1232 4730 Hieronym.
1250 4663 1370 4714 toram-

197 4751 304 4807 traditor,
323 4750 454 4797 Ecclesiam
467 4749 642 4810 ¹tqnileicnsem
656 4743 757 4793 articulo
809 4742 928 4791 marbium
948 4740 998 4787 adr.
1010 4738 1092 4785 loann.
1104 4735 1262 4812 llierosolpm.
1279 4726 1370 4792 p.323·

197 4819 306 4881 symboli,
325 4832 372 4879 quo
392 4817 595 4864 resurrectionem
609 4814 758 4863 carniscou·
809 4818 866 4859 tom.
887 4808 921 4856 tv.
941 4807 1004 4870 Opp.
1023 4805 1060 4854 cd.
1077 4803 1199 4853 benedict.
