3242 5775
317 599 381 664 252
573 612 675 663 ottrnrt¹
697 611 828 657 senrmn
849 610 1015 655 rsoasrtrrs
1037 582 1246 655 renascemur

317 764 448 844 deligato
466 760 678 842 praecipitatus
693 768 773 823 esset
792 759 823 820 io
837 758 1035 839 protundum,
1058 775 1157 839 quam
1168 775 1260 821 unum
1282 776 1320 821 ex
1341 756 1401 820 illis

316 863 391 927 dicis
413 862 515 942 utique
536 859 687 940 discipulis
716 860 781 923 eius
804 859 1043 922 scandalizasset
1093 856 1242 922 ’Aestima
1264 857 1351 940 quale
1373 876 1407 920 sn

316 961 394 1026 cium
416 959 614 1023 comminetur
635 959 703 1022 ’illi
739 960 801 1023 Nec
823 960 902 1021 enirn
925 959 1000 1022 alius
1022 960 1183 1022 ulciscetur
1204 959 1374 1022 scandalum
1398 977 1407 1020 r

315 1064 453 1145 polorum
476 1061 552 1124 eius.
598 1062 734 1141 Agnosce
761 1059 852 1140 igitur
875 1067 904 1121 et
925 1060 1052 1122 iudicem
1081 1067 1112 1121 et
1138 1059 1188 1121 illo
1216 1061 1324 1122 affectu
1351 1078 1407 1140 pro

316 1163 437 1225 tiantem
460 1162 497 1223 de
519 1180 588 1224 cura
611 1179 733 1224 suorum
761 1179 820 1240 quo
850 1168 880 1221 et
907 1169 1025 1222 creator
1049 1168 1147 1222 retro:
1166 1155 1240 1244 'Qui
1266 1160 1400 1241 tetigerit

171 1280 302 1331 ensuite.
317 1281 351 1325 ac
372 1262 399 1324 si
420 1261 560 1343 pupillam
583 1261 661 1323 oculi
684 1260 742 1323 mei
764 1268 873 1340 tangat.
917 1260 999 1322 ldem
1022 1278 1131 1323 sensns
1159 1237 1291 1324 einfflcm
1315 1270 1371 1324 est.

165 1370 430 1435 transmeantem
457 1364 579 1425 tratrem
607 1362 689 1424 iubet
717 1360 845 1441 corripi3
883 1360 964 1441 quod
992 1361 1042 1441 qui
1070 1380 1131 1423 non
1158 1362 1278 1436 iecerit,
1310 1362 1407 1443 utique

254 1521 257 1527 Δ
316 1464 417 1544 liquit,
451 1472 500 1526 aut
521 1483 558 1526 ex
579 1463 649 1524 odio
670 1462 774 1523 volens
795 1463 916 1523 fratrem
939 1461 969 1523 in
998 1462 1104 1525 delicto
1133 1480 1340 1543 perseverare,
1375 1481 1407 1525 au

165 1565 506 1646 tev.xrx.1r.⁴acoeptione
533 1576 699 1645 personae·
726 1580 853 1642 parcens
882 1562 926 1635 ei,
958 1560 1072 1624 habene
1099 1562 1276 1625 Leviticnm:
1309 1563 1378 1626 Non
1405 1597 1407 1609 ι

317 1667 439 1727 tratrem
460 1673 543 1726 tuum
565 1664 595 1725 in
617 1662 716 1728 ammo
740 1672 808 1736 tuo,
832 1662 1016 1726 traductione
1030 1662 1183 1725 ‘traduces
1205 1664 1374 1743 proximum
1397 1672 1407 1725 t

316 1767 416 1846 utique
439 1774 469 1827 et
490 1766 627 1839 tratrem,
650 1773 681 1825 et
694 1780 755 1824 non
772 1781 874 1825 sumes
888 1771 1011 1844 propter
1026 1763 1107 1824 illum
1123 1764 1272 1827 delictum.
1304 1765 1367 1827 Nec
1381 1783 1407 1827 m

202 1866 294 1961 fflffq
316 1867 341 1928 si
364 1867 404 1928 ita
425 1864 514 1927 docet
534 1865 585 1946 qni
606 1882 715 1945 pecora
737 1882 856 1944 qnoque
877 1865 979 1926 fratris
1002 1864 1059 1938 tui,
1082 1864 1109 1925 si
1131 1865 1259 1927 errantia
1281 1865 1312 1927 in
1335 1867 1383 1928 ria
1403 1866 1407 1927 i

269 1947 414 2039 ''neris,
452 1964 593 2047 prohibet
624 1964 771 2045 despicias
811 1964 972 2045 quominus
1004 1983 1037 2026 ea
1072 1964 1196 2027 reducas
1229 1966 1346 2039 “fratri
1379 1985 1407 2029 nt

315 2068 414 2148 ipsum
445 2065 514 2127 sibi.
567 2064 627 2127 Sed
654 2073 685 2127 et
712 2064 827 2126 veniam
855 2063 947 2127 ‘ides
976 2065 1059 2126 tratri
1087 2064 1116 2126 in
1139 2073 1168 2126 te
1191 2065 1406 2146 delinquentii

316 2168 404 2230 etiam
425 2166 546 2248 septies.
589 2165 696 2227 Parum
724 2166 821 2246 plane.
845 2165 935 2227 ‘Plus
957 2173 1004 2227 est
1027 2165 1105 2227 enim
1127 2165 1203 2246 apud
1226 2175 1407 2241 creatorem,

167 2282 373 2332 asennaeum
395 2266 516 2329 modum
538 2266 656 2339 statuit,
679 2265 709 2327 in
732 2265 879 2327 inlinitum
900 2266 1115 2346 pronuntians,
1136 2266 1250 2329 Fratris
1270 2268 1401 2331 malitiae

316 2386 385 2431 mor
404 2387 443 2430 ne
466 2368 526 2440 sis,
550 2385 605 2429 nec
625 2367 737 2446 petenti
759 2384 824 2428 eam
846 2366 998 2447 ⁷praestes
1021 2367 1154 2441 mandat,
1176 2367 1229 2429 sed
1245 2377 1275 2429 et
1289 2387 1351 2431 non
1366 2383 1407 2449 pe

157 2539 159 2543 Α
187 2469 382 2564 111&on
405 2467 483 2530 enim
507 2468 600 2529 dones
623 2468 767 2529 offensam
789 2466 867 2541 rult,
895 2466 949 2528 sed
972 2466 1168 2532 obliviscaris.
1215 2467 1277 2530 Lex
1299 2468 1407 2550 leproso

314 2577 440 2649 quantae
461 2567 502 2629 sit
523 2566 777 2648 interpretationis
792 2567 882 2647 ergab
904 2568 1021 2647 apodes
1035 2567 1130 2648 ipsius
1145 2568 1206 2629 titii
1220 2576 1251 2630 et
1264 2568 1407 2648 inspectat

314 2667 423 2732 sommi
444 2666 607 2729 sacerdotis
628 2676 766 2728 nostrum
789 2668 845 2729 erit
864 2667 959 2741 scire,
980 2667 1149 2739 Marcionis,
1170 2667 1396 2730 morositatem·

316 2786 483 2849 opponere,
511 2775 594 2828 utet
616 2767 666 2827 hic
686 2766 838 2830 Christum
860 2767 1007 2829 aemulum
1030 2767 1094 2828 eius
1115 2766 1258 2843 affirmet,
1291 2787 1407 2848 praeter

177 2869 298 2967 bip-{3¹¹2
316 2878 377 2932 tem
404 2867 559 2932 sollemnia
586 2867 659 2947 legis
689 2868 776 2929 etiam
803 2866 835 2929 in
863 2867 1016 2931 curatione
1043 2868 1145 2931 decem
1170 2867 1378 2950 leprosorum,

315 2969 518 3033 tantummodo
540 2970 585 3030 ire
607 2969 724 3042 iussos,
754 2977 789 3031 ut
808 2985 844 3032 sc
866 2969 1057 3031 ostenderent
1077 2970 1301 3044 sacerdotibus,
1328 2971 1407 3034 init

314 3069 466 3150 purgarit,
488 3069 554 3131 sine
574 3077 652 3140 tactu
674 3069 731 3130 iam
754 3077 785 3130 et
805 3069 871 3131 sine
885 3069 994 3142 verbo,
1017 3069 1101 3131 tacita
1122 3078 1271 3152 potestate
1293 3080 1324 3134 et
1345 3071 1407 3135 sola

314 3172 442 3246 luotate3
463 3169 548 3249 quasi
570 3187 696 3231 necesse
718 3168 757 3231 sit
778 3168 872 3231 semel
893 3163 1090 3233 remediatore
1111 3170 1287 3250 languorum
1303 3181 1335 3235 et
1348 3172 1407 3236 vim

314 3269 487 3333 annuntiato
510 3271 630 3333 Christo
652 3281 680 3331 et
703 3269 740 3332 de
761 3270 915 3332 effectibus
936 3270 1063 3350 probato
1087 3271 1124 3332 de
1145 3271 1334 3351 qualitatibus
1356 3292 1407 3337 cur

313 3390 385 3434 num
406 3372 576 3446 retractari,
610 3378 660 3432 aut
681 3378 846 3433 creatorem
873 3370 904 3431 io
925 3370 1043 3432 Christo
1071 3372 1106 3434 ad
1133 3371 1230 3452 legem
1251 3375 1407 3454 provocari

314 3472 385 3555 quid
406 3473 493 3536 aliter
513 3490 603 3554 qnam
622 3472 688 3552 lege
715 3471 866 3545 distinxit,
899 3470 963 3551 ipse
989 3472 1127 3551 perfecit,
1161 3490 1227 3535 oum
1255 3473 1342 3536 aliter
1368 3473 1406 3537 ⁸u

314 3624 338 3675 2.
356 3625 469 3674 Existimo
490 3626 649 3676 Veticoeorrtar
666 3625 733 3675 oller.
784 3621 808 3673 3.
827 3623 868 3674 ille
886 3624 1000 3673 latiniaco.
1040 3624 1065 3674 t.
1084 3625 1247 3689 acceptatione
1264 3625 1291 3675 B.
1332 3626 1357 3678 5.
1374 3634 1407 3679 tra

314 3709 334 3743 e.
355 3692 592 3743 Votiroooroeectter.
627 3695 755 3740 traducens
773 3692 797 3741 d.
833 3705 880 3740 noo
899 3691 1011 3740 traduces
1020 3691 1093 3742 etot.
1134 3691 1159 3742 6.
1177 3693 1245 3743 tratri
1262 3700 1314 3755 too,
1333 3694 1407 3745 nedae

198 3784 201 3788 ·
313 3757 360 3808 lib.
378 3759 416 3808 dei
436 3758 459 3808 G.
511 3759 535 3811 l.
554 3766 680 3823 praestans
698 3760 721 3808 i.
772 3756 796 3808 8.
816 3760 850 3808 uti
868 3757 980 3807 dominns
998 3759 1048 3808 sire
1066 3774 1110 3823 per
1128 3761 1241 3811 latiariter.

348 3859 407 3922 Cap.
424 3857 508 3909 xxxi.
542 3873 565 3908 a.
584 3860 723 3922 acceptione
741 3854 875 3924 personae]
925 3860 997 3909 etiam
1016 3860 1078 3911 dnos
1102 3861 1170 3912 locos
1183 3861 1291 3918 lucileri
1309 3861 1407 3913 Calaritr

313 3925 501 3977 describendum
519 3934 571 3976 erat
582 3927 876 3992 tornue„oeceptotiooe
926 3928 989 3977 libro
1007 3923 1026 3977 l.
1049 3941 1095 3993 pro
1113 3929 1139 3979 S.
1153 3929 1297 3980 Athanasio:
1324 3928 1407 3990 „ttaee

297 3992 460 4058 'personae,‘⁸
485 4006 539 4042 cnm
564 3992 627 4042 libro
651 3993 771 4044 leidensi.
814 3995 874 4045 llam
925 3997 1177 4060 scriptamemioerie,
1194 3996 1317 4046 existimas
1331 4003 1407 4063 eeeqt

312 4061 447 4124 memmio,
467 4073 516 4108 non
532 4062 644 4125 acceptio,
663 4063 783 4125 reperitur
801 4063 874 4111 etiam
922 4077 1037 4128 perseam
1061 4078 1106 4113 noe
1130 4069 1185 4114 toae
1211 4064 1333 4114 intoros.u
1362 4071 1387 4114 et

314 4127 348 4177 lie
367 4127 448 4177 l'ndic.
472 4126 553 4191 capo
577 4128 752 4186 „idololatram
776 4130 874 4193 quidem
926 4129 973 4190 „Et
990 4130 1033 4188 rie,
1053 4130 1187 4190 Constanti,
1205 4131 1260 4196 qnia
1279 4131 1314 4180 eie
1332 4132 1356 4180 in
1372 4131 1407 4183 ael

313 4201 337 4244 et
354 4193 498 4243 homicidam
515 4193 592 4244 semel
609 4195 719 4256 damnas,
746 4196 874 4246 moechum
926 4204 974 4248 tate
998 4198 1088 4260 depone
1114 4197 1199 4261 regali,
1222 4199 1297 4263 oceipi
1319 4205 1407 4265 imp

312 4275 369 4312 aero
387 4261 418 4310 de
434 4261 514 4310 medio
524 4257 636 4325 excipis?
654 4262 798 4312 idololatrae
817 4278 874 4312 snc-
925 4263 1016 4326 nom.“,
1043 4280 1106 4329 qnos
1129 4267 1186 4316 citat
1203 4265 1238 4316 ou
1257 4266 1370 4327 congios.
1404 4306 1407 4317 .

313 4341 445 4388 cessorem,
464 4328 598 4379 homicidae
611 4337 800 4388 antecessorem,
813 4331 874 4380 utri·
924 4347 1006 4381 norom
1024 4335 1126 4398 acceptio
1144 4334 1193 4383 aire
1209 4334 1336 4397 occeptndo
1352 4339 1407 4384 eat:

312 4408 390 4471 usqne
402 4392 544 4510 ¹qqlleqaml
570 4396 873 4488 Peroeeeecreptotioeetz
926 4393 1073 4462 ωποληψὶα
1091 4401 1115 4450 io
1135 4400 1235 4451 Graeco.

312 4477 425 4593 ltili*
438 4465 871 4596 ttaitrtattza'tztt,
922 4493 1071 4618 ,ppp
1088 4499 1407 4619 pppqpvno

311 4611 383 4662 qnam
407 4597 472 4646 Nora
495 4597 613 4660 praebent
635 4611 813 4661 ..personarum
831 4614 872 4649 oc·
1164 4605 1171 4619 “
1218 4583 1242 4632 Ρ·
1289 4603 1296 4618 ’

312 4662 418 4728 ceptio,“
443 4671 526 4713 contra
543 4662 687 4729 teutpert
701 4666 769 4728 mat
787 4667 870 4716 tlersio
956 4682 977 4716 c.
996 4666 1174 4733 morositatem]
1192 4668 1218 4718 l.
1232 4668 1407 4734 quaeadootat

310 4732 412 4795 antiqua
430 4731 503 4781 habet
519 4732 651 4795 „qnoniam
668 4746 715 4783 oon
734 4742 870 4800 eetperso·
921 4733 951 4783 ad
970 4734 1004 4785 tle
1023 4734 1084 4799 lirq.
1103 4735 1201 4789 leland
1219 4751 1271 4802 cap.
1286 4735 1326 4790 12
1350 4736 1389 4789 lle

311 4812 396 4848 uarum
414 4805 543 4864 ueeptotor
560 4798 649 4851 deoa.“
688 4799 782 4852 Addere
808 4803 871 4854 intnt
921 4802 1004 4868 script.
1023 4802 1120 4856 Haeret.
1138 4802 1244 4870 capto.
