3242 5775
273 651 337 716 596
525 661 627 716 curura
650 661 781 706 snarirm
803 659 968 705 raonauraa
991 658 1188 704 raarucuranr

273 824 396 880 naturae
419 812 541 875 startia
563 831 636 875 suae
663 812 908 891 praevaricatore
952 786 1075 883 Puduit,
1111 810 1236 891 opinor,
1267 810 1334 872 iilos
1361 810 1427 870 ”boc

277 925 407 980 statuere
429 914 508 995 quod
524 912 650 974 feminae
665 922 871 992 agnoscerent.
907 911 969 972 ’Ἣ
983 919 1093 989 quanto
1111 911 1131 943 ¹⁹
1138 912 1311 973 ruboratior
1325 907 1427 981 exitus‘,

165 1077 168 1084 .
276 1017 427 1080 aieminis
450 1014 559 1076 revinci
582 1031 668 1092 quam
690 1011 836 1092 probari?
869 1012 903 1072 lu
925 1012 984 1073 ista
1005 1030 1133 1090 namque
1155 1014 1257 1091 specie
1280 1032 1364 1074 nemo
1383 1022 1427 1073 uu

277 1118 404 1181 idoneus
427 1116 583 1195 magister,
605 1113 732 1185 arbiter,
761 1113 862 1185 testis,
891 1131 979 1192 quam
1001 1131 1090 1174 serus
1113 1112 1266 1191 ”ipsiust
1311 1114 1427 1193 Respon-

278 1219 362 1291 dete,
384 1225 510 1288 matres,
541 1233 657 1294 vosque
677 1223 890 1293 praegnantes,
923 1232 1036 1292 vosque
1058 1233 1240 1294 puerperae,
1275 1215 1386 1277 steriles
1407 1218 1430 1272 et

278 1318 401 1382 masculi
424 1324 554 1389 taceant,
576 1323 691 1376 vestrae
713 1325 836 1376 naturae
859 1315 964 1376 veritas
980 1314 1147 1393 quaeritur,
1170 1323 1286 1377 restrae
1301 1312 1431 1395 passionis,

280 1420 354 1481 tides
376 1417 566 1488 convenitur,
599 1434 636 1476 au
657 1415 783 1494 aliquam
812 1416 843 1476 iu
870 1416 932 1476 istu
954 1415 1088 1477 sentiatis
1116 1416 1299 1477 vivacitatem
1328 1416 1429 1477 alienant

188 1509 191 1514 ’
280 1520 436 1581 devestio
460 1517 497 1579 de
518 1535 576 1596 quo
598 1516 742 1595 palpitent
762 1516 827 1588 iiia,
851 1518 961 1577 micent
973 1517 1081 1589 latera,
1104 1524 1166 1578 tcta
1181 1518 1293 1579 ventris
1311 1510 1430 1579 amotae*

280 1621 430 1699 pulsetur,
454 1618 561 1697 ubique
582 1615 725 1696 ponderis
747 1616 830 1695 regio
853 1625 997 1687 mutetur,
1020 1635 1056 1678 au
1072 1618 1102 1678 hi
1117 1627 1217 1679 motus
1233 1619 1338 1697 gaudia
1351 1624 1432 1678 resur

281 1723 342 1783 siut
368 1730 398 1782 et
425 1728 505 1781 certa
532 1718 694 1789 securitas,
729 1716 808 1796 quod
837 1716 876 1777 ita
904 1718 1046 1779 infantem
1069 1728 1098 1780 et
1120 1719 1218 1780 virere
1239 1719 1393 1782 confidatis
1411 1721 1434 1776 et

279 1824 396 1891 ludere,
419 1839 456 1881 an
477 1820 503 1882 si
526 1818 649 1881 desierit
669 1809 821 1897 ²¹inquies
837 1818 917 1890 eius,
941 1818 981 1880 iiii
1004 1820 1088 1899 prius
1103 1820 1339 1898 pertimescatis,
1360 1839 1394 1882 an
1412 1821 1434 1877 et
1475 1903 1479 1910 Ι

280 1924 379 1986 audiat
399 1922 457 1983 iam
478 1920 537 1982 ”iu
559 1920 659 1993 robis,
683 1937 749 1980 cum
772 1919 808 1979 ad
831 1938 939 1981 novum
956 1939 1064 1982 sonum
1080 1922 1246 1996 excutitur,
1269 1940 1307 1984 an
1324 1920 1435 1984 etcibe·

280 2020 587 2087 rumvanitates⁵i11i
609 2020 800 2091 desideretis,
824 2020 864 2081 ilii
888 2020 975 2082 etiam
998 2022 1171 2095 fastidiatis,
1195 2041 1231 2084 an
1255 2033 1285 2085 et
1307 2019 1435 2085 valetudi-

280 2125 369 2187 nibus
392 2125 515 2186 iuricem
538 2121 777 2193 communicetis,
810 2121 859 2183 ilie
881 2122 999 2200 quidem
1021 2121 1145 2201 ²³usque
1167 2107 1203 2185 ex
1225 2123 1439 2186 contusionibus

280 2225 407 2299 reatris,
429 2223 536 2304 quibus
559 2223 675 2303 etipse
696 2223 776 2284 intua
799 2224 979 2300 peneadem
1002 2224 1134 2285 membra
1155 2224 1306 2302 signatur,
1336 2225 1440 2304 rapiens

280 2430 377 2491 anima
399 2447 459 2490 non
481 2427 540 2488 erit
559 2424 726 2504 ”sanguim
756 2424 782 2485 si
810 2424 945 2486 valetudo
967 2424 1111 2487 ”animae
1140 2427 1271 2487 accessio
1295 2435 1359 2499 cst,
1389 2426 1444 2489 une

280 2530 378 2591 anima
399 2547 461 2590 nou
481 2527 538 2588 erit
551 2526 703 2587 valetudo:
726 2526 751 2587 ai
766 2525 916 2597 alimonia,
938 2527 1046 2599 inedia,
1070 2535 1230 2599 crementa,
1254 2527 1446 2596 decrementa,

280 2647 388 2711 pavor,
412 2636 528 2700 motus,
552 2627 686 2689 tractatio
709 2637 757 2687 est
778 2627 911 2700 animae,
933 2626 1028 2689 ”ibis
1052 2629 1101 2707 qui
1123 2627 1255 2707 iungitur
1269 2629 1357 2691 viret.
1394 2629 1446 2690 be·

281 2730 370 2808 nique
391 2727 529 2790 ²⁷desinit
549 2727 648 2789 vivere
669 2728 719 2807 qui
743 2728 853 2789 desinit
875 2728 966 2807 iungi.
1010 2729 1144 2807 Denique
1165 2738 1195 2791 et
1217 2730 1330 2793 mortui
1359 2731 1447 2792 eduu-

282 2837 345 2904 tur,
368 2829 536 2910 quomodo,
558 2828 663 2890 ”irrisi
687 2838 717 2890 et
738 2827 820 2891 viri?
841 2829 893 2909 qui
914 2839 1012 2891 autem
1035 2838 1065 2892 et
1083 2830 1210 2902 mortui,
1234 2830 1292 2893 nisi
1308 2832 1358 2912 qui
1375 2832 1453 2912 prius

281 2930 364 2993 riri?
407 2931 516 3010 Atquin
538 2937 568 2991 et
587 2930 647 2991 ¹’iu
669 2929 736 3009 ipso
759 2931 855 2993 adbuc
877 2939 962 2994 utero
985 2933 1081 2992 insana
1102 2931 1265 2993 tmcidatur
1287 2933 1455 2996 necessaria

184 3047 189 3095 .’
281 3032 471 3104 crudelitate,
494 3050 560 3092 cum
582 3030 641 3092 ²'iu
663 3032 742 3092 eritu
763 3030 961 3110 ³⁰obliquatus
985 3033 1110 3110 denegat
1130 3042 1263 3112 partum3
1292 3035 1456 3106 matricida,

281 3131 341 3193 ³¹ui
356 3132 530 3193 moriturus.
563 3131 665 3212 Itaque
686 3130 746 3192 ³²et
766 3131 844 3193 inter
865 3151 946 3193 arma
968 3133 1151 3194 medicorum
1174 3141 1203 3194 et
1224 3132 1392 3213 ”organon
1414 3143 1461 3197 eat

281 3251 340 3312 quo
369 3233 453 3312 prius
482 3240 634 3311 patescere
661 3244 777 3294 secreta
807 3243 953 3312 coguntur
982 3233 1074 3294 tortili
1103 3241 1356 3313 temperamento,
1391 3254 1457 3298 curn

281 3333 512 3406 ³*anulocultrm
550 3352 608 3413 quo
636 3334 717 3394 intus
746 3333 879 3395 membra
910 3334 1072 3396 caeduntur
1100 3334 1188 3396 anxio
1215 3335 1360 3410 arbitrio,
1392 3356 1461 3399 cum

284 3485 322 3536 Π.
341 3486 365 3535 id
382 3488 407 3536 Α.
468 3484 506 3534 te.
525 3484 553 3534 Et
570 3484 650 3549 eumq.
715 3485 752 3535 19.
778 3487 917 3535 ruboratior
940 3489 971 3547 b.,
999 3488 1028 3536 aie
1051 3489 1162 3537 emenda.
1182 3488 1275 3537 beticii.
1317 3488 1461 3539 roboratior

281 3555 374 3618 reticui.
426 3552 467 3603 20.
486 3553 553 3616 ipsus
572 3554 744 3616 ioascaiiqer.
788 3552 830 3602 21.
849 3555 943 3617 inquies
962 3555 998 3620 ai;
1018 3556 1060 3616 Λβ.
1105 3554 1145 3603 22.
1164 3563 1186 3604 at
1205 3556 1228 3603 iu
1249 3555 1272 3604 0.
1318 3554 1362 3605 23.
1383 3571 1461 3620 nequa

283 3635 309 3669 ex
328 3637 376 3683 epo.
419 3636 496 3684 usque
514 3628 538 3668 et
553 3620 596 3670 aa.
639 3635 714 3684 usque
733 3636 771 3679 eo,
791 3621 820 3670 rie
839 3624 869 3681 b,
890 3637 941 3672 cani
958 3622 1037 3671 Fabio
1053 3621 1142 3671 ilraiao.
1185 3637 1261 3687 usqua
1284 3623 1316 3672 de
1341 3623 1461 3677 taenea.

283 3702 359 3751 usque
379 3688 417 3737 Ca.
469 3687 509 3737 24.
529 3687 629 3735 livorum
648 3692 719 3738 act.
762 3686 802 3737 25.
822 3689 920 3750 sanguia
938 3713 1021 3723 --
1040 3704 1087 3738 uon
1106 3691 1252 3740 critone.
1301 3688 1344 3740 26.
1364 3692 1463 3741 animoa

283 3757 314 3816 b,
334 3757 363 3805 de
381 3756 491 3804 emmdot.
510 3755 586 3803 Fataii
602 3754 686 3803 ilrsini.
730 3757 810 3804 omnis
829 3755 887 3805 cca.
940 3754 1001 3805 26b.
1021 3756 1042 3805 ia
1059 3757 1086 3805 B.
1128 3757 1156 3805 iis
1180 3758 1246 3807 Fata.
1264 3756 1372 3808 Uariana.
1418 3758 1459 3808 at.

283 3822 354 3870 desiit
370 3822 396 3871 Α.
437 3821 501 3870 tib.
519 3821 540 3869 ai
558 3822 622 3870 ert.
664 3819 705 3869 28.
723 3821 747 3870 iu
765 3823 845 3872 om.A.
889 3821 929 3873 29.
949 3823 1063 3873 ineritt.
1105 3823 1145 3873 30.
1165 3824 1464 3890 natiquenatiqutcat.

283 3889 403 3949 obligatas
421 3887 518 3949 AfiBinp.
571 3885 612 3935 31.
631 3887 655 3935 ui
674 3889 729 3938 cab.
764 3891 804 3953 qui
821 3890 865 3940 tu.
902 3891 1016 3941 labbeo
1034 3893 1405 3944 vocobuiunranciniaiuciasunt
1418 3902 1460 3945 cat.

283 3952 324 4004 32.
343 3963 379 4004 est
396 3957 422 4004 Λ.
464 3952 504 4003 33.
523 3968 630 4016 organon
649 3962 686 4004 est
703 3971 751 4020 quo
770 3959 801 4017 b.,
822 3972 852 4007 ea
860 3959 1154 4009 emendatfatoiiiirsini.
1189 3973 1278 4021 organa
1297 3975 1325 4010 er
1338 3975 1390 4025 quo
1401 3961 1464 4013 cea.

283 4036 336 4138 cum
356 4021 454 4100 organia
473 4035 500 4070 er
518 4037 565 4087 quo
583 4024 609 4072 Α.
660 4022 703 4073 34.
720 4024 873 4074 anulocultro
891 4026 973 4085 tauuio
990 4025 1066 4076 cultro
1084 4026 1138 4085 tu.)
1155 4026 1213 4076 abb.
1255 4027 1329 4077 anulo
1354 4029 1462 4079 cultrato

281 4104 377 4154 reique.

318 4206 340 4239 e.
358 4190 476 4248 Hicesius,
503 4198 526 4240 at
550 4199 649 4241 naturae
667 4200 691 4242 et
709 4193 767 4242 artis
784 4208 844 4242 suae
894 4194 1018 4259 extrahare
1036 4193 1140 4243 violento
1163 4195 1296 4259 puerperio
1322 4211 1372 4246 uon
1393 4197 1466 4262 prins

284 4254 480 4323 praevaricator]
501 4258 610 4309 iiicesias
620 4260 722 4320 negabat
739 4262 762 4309 iu
774 4268 843 4310 utero
894 4262 1038 4311 detruncare
1056 4264 1162 4311 membra
1180 4265 1261 4312 soient
1278 4278 1351 4327 quam
1363 4266 1461 4327 ingnio·

284 4327 377 4387 concipi
402 4327 506 4375 auimam
531 4327 674 4390 dicebatque
700 4329 777 4377 effuso
796 4328 843 4377 iam
895 4331 969 4378 ierint
986 4330 1100 4379 virentem
1119 4331 1165 4378 iam
1186 4332 1267 4394 utique
1282 4333 1459 4382 etauimatnm.

283 4402 362 4455 partu,
387 4393 493 4442 noudum
518 4395 566 4443 vivo
594 4395 677 4444 intanti
696 4396 844 4445 extrinsecus
894 4397 1001 4459 (Rigalt.)

283 4460 389 4522 inprimi,
408 4461 484 4523 prima
494 4461 586 4511 scilicet
595 4464 751 4525 aspiratione.
776 4463 844 4513 Hunc
929 4483 945 4531 p·
964 4481 1102 4531 supomjof
1119 4476 1209 4547 exim]
1227 4481 1258 4531 Ε,
1273 4496 1322 4546 quo
1341 4483 1400 4548 pp„
1417 4498 1460 4533 m.

284 4536 384 4576 naturae
410 4535 433 4576 et
459 4529 517 4577 artis
542 4543 600 4578 suae
627 4532 843 4594 praerarieatorem
895 4547 962 4599 boris
981 4557 1051 4613 „que
1069 4550 1170 4612 pudori,
1189 4550 1325 4600 mmmm,
1352 4548 1474 4614 (pipp)-

284 4596 554 4712 instituitur
567 4596 845 4729 isttztatsstttrt
930 4648 952 4696 a·
971 4648 1041 4682 aas
1061 4629 1159 4698 aaut
1178 4633 1204 4683 Μ
1223 4641 1261 4684 ee
1277 4635 1405 4699 roiric-

283 4739 320 4780 tes
338 4732 458 4780 aturnana
476 4738 499 4779 et
516 4731 583 4791 signa
600 4734 734 4782 certissima
743 4733 845 4782 demon·
930 4718 954 4766 ¹¹·
973 4713 1082 4782 “mbiiwi
1110 4719 1145 4770 cf·
1165 4719 1195 4767 ’ἅ
1215 4719 1247 4768 ⁰⁶
1266 4718 1354 4768 130101·
1373 4716 1461 4782 “bl-

282 4806 368 4855 strant,
392 4798 460 4857 artis,
484 4798 540 4861 quia
560 4799 644 4848 medici
669 4800 724 4863 ipsi,
750 4802 845 4864 quoties
930 4801 946 4849 i.
965 4802 1072 4851 ciborum
1096 4798 1223 4867 vanitates]
1251 4802 1372 4852 vanitates
1390 4802 1463 4852 cibu-

279 4878 383 4915 ueeessa
400 4872 446 4929 est,
470 4873 613 4931 conceptum
638 4873 705 4919 utero
728 4867 845 4919 insontem
895 4881 950 4918 rum
968 4868 1027 4920 dicit
1044 4871 1111 4920 eibos
1134 4870 1239 4936 irreptor,
1266 4871 1308 4936 qai
1331 4870 1381 4921 eibi
1408 4881 1464 4919 auu
