3242 5775
515 623 519 632 ·
543 619 690 678 invasus
714 619 886 665 utnetonmr
908 625 965 666 arn.
982 625 1008 666 v.
1281 631 1284 636 ·
1307 615 1368 679 tet

197 790 214 832 n
235 769 450 832 rectitudinem
474 779 504 831 et
524 770 555 831 in
578 788 718 849 campos,
747 770 776 831 id
800 778 849 832 est
869 772 943 851 legis
965 772 1151 835 difficultates
1174 775 1204 836 in
1228 780 1370 858 evangelii

197 872 351 934 idbtates.
397 870 571 932 Meminerat
591 870 650 931 iam
673 880 703 932 et
724 872 830 950 psalmi
854 891 923 933 esse
946 882 1077 953 tempus:
1100 875 1328 955 Disrumpamus
1350 897 1520 958 ararit-qq.

197 972 269 1034 tobis
293 971 414 1034 vinwla
436 988 556 1043 eorum,
579 980 610 1032 et
631 971 792 1033 abiciamus
815 991 832 1035 a
854 973 943 1034 nobis
964 975 1065 1052 iugum
1081 975 1233 1054 ipsorum,
1256 997 1365 1058 exque

197 1073 381 1136 multuatae
403 1083 474 1134 sunt
494 1080 599 1151 gentes
622 1081 652 1134 et
674 1073 776 1151 pepuli
806 1074 939 1135 meditati
967 1087 1037 1137 sunt
1059 1076 1174 1148 inania3
1207 1079 1366 1143 astiterunt

197 1192 268 1253 ages
292 1182 395 1236 terrae
417 1182 448 1234 et
468 1174 657 1252 magistratus
680 1174 850 1252 congregati
882 1175 1004 1235 suntin
1028 1195 1117 1237 unum
1141 1177 1284 1239 adversus
1308 1181 1364 1241 de·

197 1274 295 1336 titium
318 1281 351 1336 et
374 1275 518 1337 adversus
534 1274 683 1335 Christum
699 1273 812 1353 ipsius;
835 1282 868 1334 nt
889 1273 946 1334 iam
970 1294 1005 1335 ex
1027 1276 1095 1336 lidei
1117 1276 1253 1339 libertate
1273 1279 1364 1342 iusti·
1383 1299 1503 1350 canitie.

197 1375 288 1436 inetur
310 1376 421 1448 homo,
455 1394 517 1436 non
545 1395 580 1437 ex
607 1375 680 1454 legis
708 1375 866 1447 servitute,
900 1375 969 1454 quia
999 1374 1094 1436 iustns
1117 1395 1152 1436 en
1174 1378 1232 1438 fide
1256 1380 1508 1481 ¹⁷rivitffl3¹e¹¹h1¹3

197 1475 302 1548 Quodsi
334 1476 499 1556 prophetes
534 1475 676 1537 ¹‘Abacuc
709 1474 966 1554 ¹⁰praenuntiavit‚
1007 1474 1098 1536 habes
1133 1486 1162 1536 et
1194 1480 1363 1556 apostolum
1449 1465 1454 1478 ’
1482 1467 1518 1488 ’”

197 1575 377 1658 'propbetas
400 1577 641 1648 confirmantem,
675 1577 753 1636 sicut
779 1584 809 1636 et
831 1575 976 1636 Christus.
1029 1576 1101 1636 llius
1132 1595 1202 1655 ergo
1231 1578 1279 1639 dei
1307 1579 1362 1642 erit

198 1677 276 1750 tta,
299 1679 330 1740 in
354 1697 411 1757 qna
433 1677 560 1738 ¹⁰¹’tricet
580 1678 694 1748 iustus,
717 1677 801 1737 cuius
826 1684 855 1736 et
877 1675 940 1748 lex,
968 1676 998 1736 in
1022 1695 1079 1756 qua
1102 1694 1163 1737 non
1186 1678 1361 1741 iustificetur

201 1779 353 1856 operamus.
397 1777 527 1839 Proinde
549 1778 575 1838 si
598 1778 628 1837 in
651 1778 714 1856 lege
742 1777 908 1838 maledictio
937 1786 999 1849 est,
1033 1777 1064 1836 in
1085 1777 1143 1837 side
1171 1797 1241 1838 vero
1263 1778 1359 1840 bene·
1465 1833 1469 1840 .

203 1875 292 1952 ictio,
325 1888 484 1958 utrumque
514 1878 605 1939 habes
634 1879 821 1957 propesitum
850 1878 926 1957 apud
950 1886 1130 1939 creatorem:
1163 1877 1239 1939 Ecce
1260 1879 1503 1957 posuinnexna

207 1977 296 2056 nquit.
318 1989 387 2041 ante
411 1990 438 2041 tc
461 1979 696 2040 maledictionem
720 1988 749 2039 ct
764 1978 1011 2040 benedictionem.
1044 1976 1111 2037 Non
1132 1988 1220 2057 potes
1244 1979 1360 2041 distan-

210 2076 262 2139 ΓΙιο
280 2080 440 2150 vindimre,
463 2098 538 2158 quae
563 2080 618 2140 etsi
641 2097 740 2140 rerum
763 2088 824 2149 est,
853 2096 912 2140 non
936 2079 1004 2140 idco
1026 2086 1195 2150 auctorum,
1225 2098 1299 2158 utrae
1322 2080 1358 2142 ab

214 2193 256 2238 ιο
274 2191 388 2242 auctore
409 2180 596 2260 proponitur.
650 2180 709 2241 Cur
736 2189 834 2242 autem
857 2179 991 2242 Christus
1013 2182 1107 2241 lactus
1131 2179 1171 2238 sit
1191 2198 1247 2258 pro
1270 2179 1499 2254 nobistanttnna

198 2279 367 2364 1ΙΙοοίοῑίο,
400 2282 467 2360 ipse
490 2280 626 2360 apostole
649 2281 792 2344 edocente
813 2281 1001 2342 manifestum
1024 2288 1072 2341 est
1091 2297 1179 2358 quarn
1202 2279 1359 2342 nobiscum

220 2377 294 2454 bn'at,
318 2381 345 2442 id
366 2390 414 2443 est
435 2383 598 2443 secundnm
621 2382 707 2443 fidem
730 2383 883 2443 creatoris
927 2381 1029 2460 Neque
1051 2380 1129 2467 enini
1152 2381 1220 2458 quia
1243 2389 1359 2443 creator

224 2483 400 2556 nuntiarit,
434 2482 603 2543 Maledictus
626 2483 723 2543 omnis
745 2483 776 2542 in
798 2483 878 2562 ligno
907 2499 1089 2561 suspensus,
1120 2481 1188 2541 ideo
1212 2481 1459 2578 lidehimlriiie‘·

229 2577 314 2644 &tius
332 2584 376 2644 dei
398 2602 465 2646 esse
487 2584 621 2645 Christus
651 2593 680 2644 et
708 2583 817 2644 idcirco
845 2603 862 2644 a
890 2591 1024 2644 creatore
1053 2583 1110 2643 iam
1141 2592 1211 2643 tunc
1240 2583 1269 2643 in
1292 2584 1357 2663 lege
1418 2564 1425 2586 ’
1459 2563 1466 2577 ’

232 2679 368 2746 dectus
418 2684 502 2745 ²⁰‘Et
533 2684 683 2764 quemodo
716 2684 991 2763 praemaledixisset
1023 2703 1089 2745 curn
1123 2692 1241 2745 creator
1268 2703 1355 2764 quem

235 2773 330 2854 butt?
358 2785 415 2847 Cur
435 2794 534 2846 autem
556 2804 615 2845 non
638 2785 731 2863 magis
754 2794 904 2865 competat
926 2784 1051 2846 creatori
1074 2785 1165 2845 filium
1190 2804 1277 2846 suum
1300 2785 1355 2846 de-

239 2873 488 2949 bemtedtctioni
510 2906 582 2948 snae
604 2906 690 2966 quam
713 2887 753 2947 illi
781 2887 838 2947 deo
868 2896 918 2947 tuo
949 2887 1118 2947 subdidisse
1147 2887 1355 2961 maledictioni,

198 3014 201 3025 ·
242 2985 367 3060 tetidem
401 3007 458 3070 pro
493 2988 613 3049 homine
643 2986 765 3048 alieno?
819 2987 950 3067 lienique
981 2988 1007 3048 si
1037 2998 1121 3048 atrox
1152 2988 1266 3049 videtur
1298 2988 1356 3049 hec

198 3106 204 3127 ¹·
244 3074 379 3150 imitere
415 3091 492 3151 circa
529 3089 636 3161 filiunt,
669 3084 794 3167 proinde
822 3097 873 3149 tue
902 3089 931 3150 in
960 3088 1033 3163 dc03
1072 3090 1096 3149 si
1132 3108 1202 3149 vero
1231 3082 1381 3149 ”ratio-⁴

197 3204 208 3245 s
245 3176 361 3249 &etin
388 3201 457 3259 tuo,
498 3190 624 3268 proinde
653 3200 682 3247 ct
708 3189 853 3256 immeo,
887 3190 1031 3268 etmagis
1055 3172 1185 3250 inance.
1230 3189 1356 3249 Facilius

198 3287 208 3339 i·
245 3274 291 3339 th
304 3288 455 3349 cederetur
477 3289 541 3348 eius
565 3306 633 3347 esse
655 3305 709 3364 per
730 3285 966 3348 maledictionem
988 3290 1099 3346 Christi
1119 3289 1356 3350 benedictionem

201 3398 212 3435 l
246 3386 375 3457 temese
396 3389 509 3449 homini
533 3386 581 3464 qui
605 3396 634 3468 qt
649 3386 885 3447 maledictionem
901 3386 1056 3464 aliquande
1075 3395 1104 3445 ct
1120 3385 1356 3448 benedictionem

197 3496 213 3543 3
247 3484 377 3556 muttit
397 3498 465 3550 ante
488 3488 654 3559 hominem,
677 3506 764 3565 quarn
788 3487 837 3564 qni
861 3495 998 3547 neutrum
1022 3504 1149 3564 rrnqrram
1173 3487 1213 3545 sit
1235 3485 1312 3564 apud
1328 3494 1356 3546 tc

197 3602 213 3643 r.
247 3578 352 3648 mous.
393 3590 596 3668 ”Accepimus
620 3588 708 3666 igitur
730 3588 968 3648 benedictionem
997 3586 1159 3666 spiritalem
1183 3604 1237 3664 per
1259 3586 1497 3661 tillemontii.

197 3688 215 3745 i
246 3666 308 3755 Ἦ,
329 3707 360 3750 er
380 3710 437 3769 qua
461 3691 573 3751 scilicet
601 3688 699 3750 ²³vivit
726 3689 840 3762 iustus,
874 3688 1036 3749 secundum
1064 3696 1238 3748 creatorem.
1293 3687 1358 3750 lloc

207 3794 214 3837 ἒ
246 3782 350 3865 flete,
381 3791 460 3871 qued
495 3792 561 3852 dico
590 3790 655 3851 eius
683 3789 730 3850 dci
753 3790 841 3850 iidem
864 3807 931 3850 esse
954 3790 1037 3850 cuins
1061 3796 1108 3849 est
1130 3790 1223 3849 lorma
1247 3788 1356 3866 gratiae

198 3936 199 3943 .
244 3868 285 3943 Ἦ
315 3890 366 3951 Sed
388 3900 505 3953 etcum
528 3892 631 3952 adicit:
662 3890 774 3951 Omnes
798 3890 877 3951 enim
900 3890 951 3949 lilii
975 3890 1048 3950 estis
1072 3888 1156 3959 fidei,
1189 3890 1494 3966 ostenditnrennttte.

201 4028 205 4035 ·
241 3976 278 4051 Η
291 4004 366 4071 supra
387 3993 533 4054 haeretica
557 3992 702 4053 industria
725 3992 865 4074 eraserit,
889 3990 1069 4051 mentionem
1085 3989 1198 4050 scilicet
1211 3990 1355 4063 Abrabae,
1371 3997 1483 4105 trtiii'qq

203 4122 205 4129 ·
239 4088 321 4153 nm
340 4093 491 4173 apostolus
515 4093 590 4153 filios
603 4093 736 4153 Abrahae
752 4111 806 4170 per
822 4092 909 4152 iidem
925 4091 1066 4163 affirmat,
1089 4090 1252 4150 seeundum
1268 4109 1356 4169 quam
1400 4078 1406 4097 '
1483 4078 1490 4091 ’

235 4188 363 4255 monem
385 4194 433 4255 hic
454 4213 573 4273 quoque
596 4193 672 4254 lilios
696 4192 763 4253 fidei
788 4191 909 4253 notavit.
960 4190 1097 4251 Ceterum
1126 4191 1276 4267 quomedo
1304 4190 1356 4251 lilii

233 4274 289 4350 flii
311 4308 338 4355 et
366 4296 449 4356 unius
479 4295 562 4365 fidei,
597 4295 623 4355 si
651 4312 711 4353 non
734 4291 891 4354 Abrahae?
933 4292 965 4352 Si
992 4290 1099 4351 ²¹enim
1123 4291 1269 4351 Abraham
1299 4291 1355 4352 deo

228 4386 322 4469 “didit
344 4403 375 4457 et
395 4394 597 4475 ”deputatum
619 4403 664 4455 est
684 4393 831 4467 iustitiae,
855 4401 942 4471 atque
965 4390 1070 4452 exinde
1092 4401 1176 4469 pater
1196 4391 1355 4453 multarum

223 4530 337 4599 stimi.
392 4547 432 4598 ts.
450 4549 544 4597 tuncne
563 4550 586 4597 d.
606 4548 729 4598 l'nticonus
747 4563 816 4596 unus.
853 4546 978 4594 ambacum
996 4546 1020 4595 B.
1056 4546 1161 4594 Abacum
1178 4546 1273 4609 reliqui.
1316 4544 1355 4594 19.

215 4612 344 4683 merit
366 4615 487 4665 Vaticanus
504 4631 571 4664 enus.
630 4614 671 4664 20.
690 4616 831 4678 prophetias
852 4614 973 4663 Vaticanus
991 4628 1059 4663 unus.
1111 4611 1177 4661 20b.
1196 4614 1249 4661 sitit
1266 4612 1304 4661 Fr.
1316 4612 1356 4660 lu·

215 4680 254 4727 h.
280 4680 338 4732 2οι
357 4682 617 4746 ΙοίὲοιΕοοοοῐοοάο.
671 4681 711 4733 tt.
731 4680 849 4732 rationale
868 4681 890 4729 in
909 4681 1033 4731 trrenbcd.
1053 4681 1193 4729 Geraiensir.
1229 4679 1291 4727 ratio
1311 4692 1355 4727 nec

243 4746 319 4799 'utne
340 4750 365 4799 G.
403 4750 480 4800 ration
499 4750 534 4799 len
553 4752 575 4798 in
595 4750 671 4800 tuob.
707 4749 747 4799 22.
767 4749 899 4812 accipimus
918 4747 943 4795 B.
965 4748 1123 4799 Veticonernm
1141 4748 1207 4797 ulter.
1244 4744 1283 4793 23.
1302 4744 1355 4793 ririt

198 4800 256 4865 M
286 4818 347 4867 siret
365 4818 404 4867 cd.
462 4814 502 4867 24.
521 4819 583 4867 enirn
600 4818 681 4868 em.B.
734 4815 775 4867 25.
794 4817 923 4881 deputatus
941 4815 1054 4865 letiniue.
