3242 5775
1137 683 1199 750 ²85

197 842 288 903 uiuit
310 844 440 905 servitus
463 845 547 924 legis.
592 844 629 909 Et
656 847 775 908 merito.
819 847 887 908 Non
914 847 1066 910 ”docebat
1093 869 1200 913 manu·

197 961 271 1004 usus
298 944 369 1023 iugo
398 945 565 1019 servitutis,
602 945 680 1009 ”tid
709 958 757 1008 est
783 947 875 1026 legis,
912 948 1101 1030 ²⁸adstringi,
1141 950 1200 1013 iam

200 1044 336 1124 impleto:
359 1045 588 1125 Disrumpamus
610 1048 724 1109 vincula
740 1067 844 1110 eorum
860 1058 890 1111 et
903 1049 1065 1112 abiciamus
1079 1071 1096 1112 a
1111 1051 1348 1122 nobistantum.

197 1164 294 1218 orum,
317 1155 474 1226 postquam
490 1146 677 1208 ”archontes
693 1150 862 1228 congregati
885 1149 1008 1212 suntin
1031 1169 1120 1213 unum
1143 1152 1198 1213 ad·

197 1246 303 1308 minum
328 1258 358 1308 et
380 1247 523 1309 adversus
547 1247 696 1309 Christum
718 1249 825 1328 ipsius.
868 1250 911 1311 lla
939 1251 1082 1313 servitute
1110 1252 1199 1331 igitur

198 1348 295 1427 ipsam
318 1350 469 1410 servitutis
491 1357 591 1409 notam
608 1349 730 1409 eradere
745 1350 969 1428 perseverabat,
993 1352 1199 1413 circumcisio·

218 1450 447 1528 praedicationis
485 1449 598 1511 scilicet
634 1449 827 1529 propheticae
857 1451 1047 1522 auctoritate,
1083 1441 1200 1513 memor

197 1570 208 1610 r
230 1550 429 1624 Hieremiam,
460 1551 497 1611 Et
523 1551 767 1612 circumcidimini
789 1550 943 1630 praeputia
966 1551 1066 1613 cordis
1087 1552 1317 1625 restri;tsr.1v,t.

197 1670 280 1730 yses,
304 1651 525 1713 circumcidetis
549 1652 748 1714 duricordiam
769 1660 915 1724 vestram,
939 1652 968 1713 id
990 1660 1114 1713 estnon
1129 1671 1195 1715 ear-
1209 1669 1343 1724 nouanti.

198 1753 280 1831 rique
304 1752 330 1812 si
353 1752 610 1814 circumcisionem
639 1753 675 1814 ab
703 1753 759 1813 alio
782 1751 839 1814 deo
862 1752 985 1813 veniens
1013 1752 1194 1828 excludebat,
1208 1771 1312 1823 estas

205 1854 474 1932 praeputiationem
497 1863 585 1933 negat
605 1854 761 1933 quicquam
784 1852 882 1913 valere
903 1852 933 1912 in
956 1852 1092 1926 Christo,
1121 1853 1198 1915 sicut

197 1952 385 2015 saisionem?
417 1956 567 2033 praeferre
594 1954 673 2015 enim
702 1953 828 2015 debebat
855 1953 1000 2015 aemulam
1021 1953 1086 2014 eius
1108 1972 1198 2033 quam

197 2066 219 2126 :,
245 2055 271 2114 si
295 2055 331 2115 ab
354 2055 469 2115 aemulo
493 2054 728 2116 circumcisionis
750 2055 807 2115 deo
831 2062 921 2115 esset.
959 2053 1054 2115 Porro
1076 2053 1145 2134 quia
1166 2063 1197 2116 et

197 2178 203 2212 i
229 2164 260 2216 et
282 2155 479 2235 praeputiatio
502 2155 553 2216 uni
576 2156 631 2217 deo
660 2156 894 2235 deputabantur,
928 2154 996 2215 ideo
1018 2163 1143 2235 utraque
1164 2154 1196 2216 in

197 2255 282 2318 cabat
304 2266 428 2335 propter
450 2257 518 2318 lidei
540 2257 769 2337 praelationem,
803 2255 882 2317 illius
904 2255 973 2317 fidei
994 2255 1033 2317 de
1053 2274 1111 2335 qua
1132 2261 1197 2318 erat

207 2358 249 2418 Et
276 2358 308 2417 in
336 2357 457 2418 nomine
485 2358 549 2419 eius
578 2359 714 2419 nationes
743 2358 881 2430 credent,
916 2356 994 2418 illius
1016 2356 1085 2417 lidei
1107 2372 1343 2434 quammaxima

382 692 530 740 samaeus
552 695 724 739 ltuctolttttt
746 698 803 741 ΗΒ.
819 698 846 740 V.

197 2510 222 2559 a.
266 2508 330 2558 23b.
350 2510 373 2557 id
393 2510 675 2560 estBabcd.Gorsieasis.
705 2509 775 2558 veto.
818 2509 858 2559 24.
877 2510 1027 2572 abstriugill.
1059 2507 1193 2570 astringiC.

197 2580 278 2627 :aba
324 2576 364 2626 26.
384 2586 407 2626 et
426 2578 633 2627 circumcisionem
652 2579 718 2627 obed.
738 2578 877 2627 doratensis.
913 2591 939 2626 ea
958 2575 1194 2627 circumcisionem).

197 2680 267 2732 rius.)
292 2678 408 2736 ,aliseos
419 2679 481 2727 enirn
496 2693 580 2727 serios

197 2761 235 2795 em
249 2747 417 2794 manumisit.‘⁴
430 2748 470 2795 Sic
481 2748 579 2794 omniuo

197 2814 268 2861 staria
294 2809 395 2876 [nempe
421 2813 481 2862 liber
505 2813 579 2862 l'oleii

197 2900 210 2930 e
232 2881 527 2944 rnutaudomquicquam.
553 2880 579 2929 ln

197 2954 214 2998 si
229 2949 347 3004 llarcion,
366 2957 391 2996 at
409 2949 499 2997 diceret
510 2949 579 2998 Cbri-

198 3032 214 3064 e
235 3015 314 3064 tilium
339 3017 465 3073 creatoris,
492 3016 579 3064 alium-

198 3100 227 3132 im
249 3084 337 3130 veteris
362 3083 506 3141 testamenti,
531 3084 579 3131 site

197 3151 258 3209 rosi,
283 3151 333 3197 sire
352 3150 481 3209 euangelii:
508 3149 579 3197 deoru

197 3227 313 3274 satorem,
332 3225 425 3263 trucem
442 3225 579 3271 etsaevum,

197 3305 199 3321 t
219 3284 295 3331 deam
316 3282 375 3329 nibil
395 3296 501 3338 creasse,
526 3289 578 3328 tan-

198 3367 215 3398 e
242 3349 337 3396 bonum
357 3356 380 3394 et
398 3348 579 3409 indulgentissi-

198 3432 209 3464 s
230 3431 278 3479 per
297 3415 419 3463 Christum
438 3429 508 3462 suum
528 3422 579 3462 tru-

201 3498 230 3532 ac
252 3482 371 3544 tyrannici
389 3482 427 3529 dei
444 3483 499 3541 iugo
518 3481 579 3529 libe-

197 3548 581 3600 utentiamTertulliauusmultis

197 3618 279 3673 stetttt,
305 3626 377 3678 atque
395 3617 440 3663 boc
460 3616 521 3663 inter
540 3631 580 3664 cc·

198 3687 293 3735 ristum
315 3683 404 3730 Paulus
422 3682 530 3744 Epistola
550 3683 579 3730 ad

198 3753 347 3801 emissorem
380 3759 489 3797 nostrum
524 3764 579 3797 csse

199 3818 335 3883 epistolam
355 3831 399 3865 nce
410 3817 514 3864 Marcion
525 3817 579 3878 qul-

198 3887 261 3936 lnde
280 3892 362 3933 antem
382 3884 520 3932 necessario
539 3899 579 3931 se-

197 3954 282 4003 tando
311 3952 387 3999 larissa
413 3951 436 3999 in
466 3951 579 3998 seruitute

197 4035 252 4069 eam
274 4027 419 4073 creatorem,
444 4017 579 4065 Christum-

203 4090 274 4137 illius
289 4088 408 4135 creatoris
419 4085 504 4141 lilium,
523 4098 576 4132 cum

219 4170 280 4203 esse
311 4153 391 4216 possit
415 4153 578 4201 manumissor

197 4222 324 4279 dominus,
350 4235 393 4268 nec
413 4219 513 4267 libertus
532 4219 577 4266 nisi

197 4292 316 4339 rritotcm
336 4287 431 4335 servivit
443 4286 506 4348 apud
527 4301 578 4333 raa-

219 4357 274 4408 ttos
299 4355 382 4416 igitur,
409 4353 474 4416 quod
494 4354 577 4400 eadem

197 4432 210 4483 t,
228 4437 318 4473 serres
338 4421 486 4483 aliquamdiu
503 4421 578 4467 luisse

197 4492 227 4541 ris
246 4490 400 4546 testamenti,
419 4496 503 4550 postea
523 4502 578 4534 vero

197 4559 238 4608 leia
266 4558 388 4606 liberatos
414 4568 441 4602 ex
466 4555 578 4601 servitute

197 4640 206 4674 t
223 4626 273 4675 aab
287 4626 344 4684 lege
355 4636 419 4679 esse,
439 4634 519 4668 verum
532 4621 577 4668 snb

198 4708 260 4759 qne
278 4693 317 4742 sic
337 4689 431 4748 colligit
449 4687 579 4735 Tertullia-

197 4762 327 4811 nissorem
342 4755 578 4818 agnoscimusctut-

198 4830 262 4879 tario
292 4836 433 4889 agnoscere
463 4821 578 4869 debemus

212 4896 341 4947 Christum
368 4889 488 4941 creatoris
513 4888 578 4936 itlius

631 2678 699 2726 cuius
718 2679 762 2726 tuit
780 2693 807 2726 es
827 2679 863 2727 les
883 2692 929 2742 qua
948 2678 1021 2729 soluti
1040 2676 1193 2726 sumusatla·

630 2754 670 2809 pta
690 2745 808 2794 libertate.
832 2746 925 2794 Etenim
945 2747 990 2795 nisi
1003 2745 1114 2796 curtatus
1129 2750 1195 2793 esset

631 2813 762 2870 creatoris,
797 2826 845 2861 non
873 2815 924 2862 iure
952 2827 996 2861 nos
1026 2828 1053 2862 ea
1080 2814 1193 2861 seruitute

632 2879 759 2930 liberasset
777 2895 848 2944 quarn
866 2881 1029 2931 seruiebsmus
1048 2879 1111 2944 apud
1123 2894 1193 2929 eres·

631 2957 709 2997 torem
728 2949 773 2997 sub
792 2948 856 2997 illius
882 2949 941 3010 legis
966 2949 1061 2997 duritia.
1096 2947 1192 2997 Sersic·

631 3016 717 3063 bainus
741 3017 803 3078 apud
830 3025 978 3065 creatorem:
1004 3017 1111 3079 oportuit
1134 3027 1192 3075 argo

633 3083 834 3131 manumissorem
853 3092 988 3134 acreatore
1001 3083 1103 3132 venisse.
1128 3081 1192 3131 atis-

632 3165 676 3198 nos
695 3151 757 3198 euim
776 3165 859 3199 aereos
884 3152 924 3214 qui
950 3150 1108 3208 manumittit,
1133 3147 1192 3197 nibil

632 3217 687 3274 agit.
735 3218 778 3265 llic
805 3232 862 3265 aero
889 3232 955 3266 more
989 3232 1034 3265 suo
1061 3213 1192 3264 Tertullia-

632 3295 676 3328 nus
703 3279 793 3342 aliqnid
820 3284 879 3327 satis
905 3284 1033 3343 adspergit.
1077 3281 1193 3340 „Alienos

632 3349 695 3395 enim
724 3361 821 3403 serios,
857 3346 947 3408 inquit,
979 3361 1009 3394 ne
1037 3348 1111 3396 Galba
1138 3347 1192 3409 qni·
1268 3348 1276 3362 ⁸

632 3414 686 3461 dem
712 3413 860 3469 manumisit,
888 3413 983 3461 lacilius
1010 3410 1100 3459 liberos
1123 3412 1191 3460 selu·

630 3482 726 3528 turus‘·
754 3480 855 3538 Legerat
872 3478 936 3541 apud
954 3478 1096 3526 Suetonium
1114 3478 1192 3526 'l'raa-

631 3547 743 3610 quillum,
767 3554 890 3594 auctorem
916 3545 961 3593 sibi
980 3544 1122 3593 familiarem
1147 3556 1192 3592 nee

631 3613 707 3661 semel
732 3613 774 3661 abs
793 3627 820 3660 se
839 3614 946 3671 citatum,
973 3611 1070 3661 caedem
1088 3610 1192 3659 Neronis

631 3690 721 3729 tantum
740 3681 852 3740 gaudium
877 3679 972 3742 publice
989 3679 1142 3742 praebuisse,
1167 3683 1193 3725 ut

631 3750 700 3811 plebs
719 3748 805 3810 pileata
817 3755 866 3796 tota
877 3748 935 3795 urbe
950 3747 1105 3801 discurreret,
1123 3744 1193 3808 qnasi

631 3817 730 3863 liberata
757 3816 819 3864 tristi
843 3815 962 3862 servitutis
993 3814 1063 3873 iugo,
1091 3812 1191 3862 Galbam

631 3897 686 3930 vero
697 3883 799 3931 b'eronis
816 3894 984 3930 successorem
1004 3881 1062 3929 baec
1074 3880 1110 3928 sui
1122 3879 1191 3942 prin-

630 3949 723 4011 cipatus
747 3949 854 4010 auspicia
880 3949 1025 4011 sumpsisse,
1049 3961 1102 3995 cum
1121 3946 1190 4010 quasi

632 4017 813 4064 manumissioni
842 4024 968 4064 vocaturus
1000 4014 1103 4063 tribunal
1131 4027 1191 4061 con·

629 4085 765 4131 sceudisset
782 4098 810 4131 ac
830 4083 961 4146 propositis
979 4090 1034 4130 aute
1052 4096 1079 4129 se
1090 4081 1190 4130 damna-

628 4160 707 4198 torum
726 4151 911 4213 occisorumque
924 4164 936 4196 a
948 4148 1043 4197 Nerone
1061 4146 1190 4211 quamplu-

630 4219 697 4267 rimis
716 4217 861 4277 imaginibus
886 4223 1022 4277 temporom
1040 4222 1128 4262 statum
1147 4212 1191 4261 de·

630 4285 728 4347 plorare
747 4284 878 4345 coepisset,
905 4284 927 4329 in
947 4296 1024 4344 eoque
1042 4280 1123 4329 babitu
1142 4279 1190 4328 site

630 4360 682 4400 actu
712 4353 741 4399 ab
770 4348 980 4399 circumstantibus
1014 4347 1189 4397 consalutatum

630 4418 705 4467 luisse
725 4420 903 4480 imperatorem.
945 4414 981 4463 tit
1005 4415 1077 4475 igitur
1094 4411 1190 4462 Tertul-

631 4487 708 4534 lisnns
737 4500 766 4534 ne
793 4483 893 4534 Galbam
920 4482 1026 4545 quidem,
1057 4495 1084 4529 ea
1109 4492 1188 4528 reram

630 4553 700 4607 laeie.
719 4566 802 4600 servos
820 4549 912 4599 alienos
931 4548 1108 4597 manumisisse.
1140 4544 1189 4593 tu-

630 4620 663 4667 dit
682 4619 795 4676 „lacilius
814 4617 903 4666 liberos
921 4614 1075 4664 soluturnm“
1098 4612 1191 4660 reddita

630 4686 740 4734 videlicet
757 4685 867 4733 libertate
891 4684 981 4733 civibus
999 4679 1122 4736 Romanis,
1149 4677 1190 4753 qui

630 4755 724 4801 laedam
750 4751 795 4800 sub
818 4751 914 4800 Narone
938 4749 1074 4798 servitutem
1099 4757 1189 4793 sarias·

629 4821 693 4868 bant.
713 4818 819 4879 (Rigalt)
