3242 5775
680 689 830 736 romeus
849 691 993 737 eumn.
1356 681 1416 748 691

243 839 422 901 sententiam
438 839 625 919 interpretari
642 849 802 916 conantur,
824 847 859 902 nt
879 859 972 921 aeque
991 840 1023 904 in
1037 860 1097 906 nna
1109 840 1241 925 persone
1261 847 1420 929 ulnamque

244 940 445 1018 distinguant,
468 948 581 1019 patrem
604 940 763 1014 etlilium,
785 940 939 1004 discentes
960 942 1053 1005 tilium
1075 961 1193 1008 urnam
1214 963 1297 1021 esec,
1320 946 1350 1009 iu
1372 955 1420 1010 cet

244 1041 412 1114 bominem,
435 1039 464 1100 id
488 1041 670 1115 cetimum,
692 1049 808 1121 patrem
830 1049 928 1104 autem
950 1042 1107 1124 spiritum,
1134 1045 1360 1120 inmidorum,
1388 1047 1420 1110 itl
1481 1067 1485 1074 ·

243 1149 292 1203 est
306 1141 467 1203 Christum.
503 1141 540 1201 Et
560 1141 610 1220 qui
632 1160 723 1203 unum
746 1142 932 1224 eundemque
947 1143 1130 1206 contendunt
1142 1155 1257 1225 patrem
1272 1147 1418 1220 atilium,

244 1242 302 1303 iam
325 1241 470 1322 incipiunt
490 1241 621 1303 dividere
643 1241 710 1303 illos
732 1243 835 1322 potios
856 1262 944 1323 quam
965 1243 1086 1307 ‘unare
1118 1244 1150 1306 Si
1173 1244 1253 1308 enim
1273 1245 1350 1310 enm
1371 1255 1421 1310 est
1520 1223 1526 1232 ’

243 1343 340 1415 lesus,
363 1342 439 1403 alius
455 1342 602 1415 Christus,
625 1343 700 1404 alius
722 1343 779 1405 erit
799 1343 889 1417 lilius,
911 1343 1005 1406 'mins
1024 1353 1120 1423 pater,
1142 1345 1211 1425 qnia
1230 1345 1308 1410 tilius
1321 1345 1419 1421 lesus,

244 1453 275 1504 et
296 1454 382 1523 pater
403 1442 549 1505 Christus.
599 1443 700 1505 Talem
728 1444 930 1505 monarchiam
957 1444 1036 1524 apud
1057 1445 1244 1508 Valentinum
1271 1448 1420 1510 romu·
1479 1457 1501 1490 ⁸

243 1544 426 1619 didicerunt,
450 1544 525 1605 duos
549 1544 661 1617 lacere,
694 1544 794 1606 lesum
817 1553 848 1607 et
869 1539 1029 1608 Christum.
1072 1544 1133 1608 Sed
1154 1555 1185 1609 et
1205 1547 1280 1610 baec
1298 1547 1420 1612 iniectio

243 1663 349 1707 eorum
373 1664 408 1706 ex
430 1645 652 1725 ‘praetractatis
674 1646 733 1706 iam
755 1653 858 1708 retusa
880 1654 943 1720 est,
965 1644 1045 1726 qood
1067 1663 1168 1708 sermo
1190 1646 1239 1709 tlei
1259 1647 1306 1709 rel
1326 1647 1420 1730 spiri·

246 1753 295 1807 tus
319 1745 366 1807 dei
388 1754 418 1807 et
438 1746 534 1807 virtus
556 1745 692 1807 altissimi
719 1745 817 1807 dictus
844 1745 898 1820 sit,
932 1764 1020 1826 quem
1047 1755 1162 1827 patrem
1190 1747 1311 1810 iaciunt.
1352 1747 1421 1810 Non

243 1846 429 1925 enim-ipsae
451 1855 520 1907 sunt
542 1845 625 1916 cuius
647 1845 801 1918 dicuntur,
834 1846 888 1908 sed
917 1864 953 1908 ex
980 1846 1047 1926 ipso
1076 1855 1106 1908 et
1127 1846 1234 1928 ipsius.
1277 1845 1316 1910 lit
1335 1846 1422 1910 aliter
1468 1861 1480 1886 '

245 1947 398 2017 tamenin
421 1947 478 2008 isto
501 1947 627 2026 capitulo
650 1947 849 2008 revincentur.
881 1946 968 2021 Ecce,
990 1946 1137 2026 inquiunt,
1159 1947 1196 2009 ab
1210 1944 1419 2028 angelopric·

243 2047 373 2108 dicatum
395 2057 455 2109 est:
477 2047 640 2127 Propterea
661 2047 740 2127 quod
763 2054 901 2109 nascetur
921 2056 1072 2121 sancum,
1093 2048 1247 2111 vocabitur
1264 2046 1344 2112 olim
1358 2047 1529 2116 lstimir

244 2147 321 2208 Caro
343 2148 442 2227 itaque
465 2156 532 2209 nata
555 2158 616 2221 est,
639 2165 707 2209 caro
729 2147 846 2228 'itaque
869 2148 926 2209 erit
946 2147 1023 2209 lilius
1044 2147 1102 2210 dei.
1134 2148 1230 2210 lmmo
1252 2149 1290 2212 de
1311 2148 1420 2231 spiritu
1486 2197 1490 2202 -

244 2248 294 2309 ‹lei
316 2248 425 2310 dictum
448 2256 505 2311 est.
550 2248 636 2310 Certe
657 2248 736 2310 euim
760 2248 796 2309 de
826 2248 932 2328 spiritu
962 2257 1064 2310 sancto
1092 2248 1176 2329 virgo
1205 2248 1357 2330 concepit,
1389 2254 1421 2311 ct
1520 2255 1529 2314 f

245 2349 325 2428 quod
347 2349 497 2430 concepit,
531 2349 560 2409 id
589 2348 720 2428 peperit3
750 2348 781 2409 id
809 2365 881 2427 ergo
903 2349 985 2410 nasci
1007 2347 1135 2411 babebat
1155 2349 1236 2430 quod
1257 2358 1322 2412 erat
1342 2366 1418 2411 con·
1486 2425 1491 2434 ,

245 2458 364 2528 ceptum
387 2458 418 2512 et
438 2449 633 2530 pannulum,
666 2448 696 2509 id
719 2458 765 2510 est
786 2449 925 2528 spiritus,
958 2448 1044 2511 cuius
1072 2458 1103 2511 et
1128 2449 1283 2512 vocabitur
1309 2467 1433 2536 nomen·

243 2549 453 2623 'Emmanueh
475 2550 555 2630 quod
579 2557 625 2611 est
646 2550 887 2628 interpretatum:
909 2548 1070 2611 Nobiscum
1092 2549 1178 2612 deus.
1221 2549 1297 2611 cmo
1320 2557 1529 2640 antennam.

245 2650 321 2712 deus
343 2669 405 2712 non
428 2660 484 2725 est,
507 2658 539 2713 ιιι
562 2651 599 2712 de
621 2649 668 2710 illa
687 2649 797 2711 dictum
811 2650 861 2720 sit,
883 2649 1080 2720 ⁸¹‘locabitur
1101 2659 1235 2713 sanctum
1257 2648 1335 2712 lilius
1358 2648 1418 2724 dei,

245 2750 300 2812 sed
323 2750 372 2812 ille
393 2751 443 2831 qui
466 2751 495 2812 in
512 2770 546 2812 ea
561 2759 649 2812 natus
664 2757 711 2811 est
725 2750 810 2823 deus,
833 2750 946 2831 dequo
961 2760 990 2812 et
1004 2750 1156 2831 psalmus:
1180 2750 1328 2824 Quoniam
1343 2729 1418 2813 iens
1427 2747 1529 2844 uffi

245 2852 337 2914 homo
360 2861 446 2915 natus
469 2861 514 2915 est
536 2851 575 2913 in
590 2851 654 2925 illa,
684 2858 714 2913 et
740 2851 904 2919 aedificavit
931 2869 996 2915 cam
1024 2851 1175 2914 voluntate
1196 2849 1300 2932 patris.
1344 2847 1420 2924 Quis

245 2954 322 3015 oeus
344 2954 373 3014 in
396 2973 431 3015 ea
452 2951 563 3015 natus?
595 2957 695 3014 sermo
718 2960 749 3015 et
770 2953 909 3034 spiritus,
938 2952 989 3034 qui
1018 2971 1084 3015 cum
1106 2969 1247 3016 sermone
1269 2951 1419 3032 depulsis
1504 2980 1507 2985 ·

245 3054 396 3129 voluntate
419 3063 505 3115 natus
521 3060 577 3115 est.
613 3053 707 3131 lgitur
728 3071 828 3116 sermo
849 3053 881 3115 in
902 3072 1006 3127 carne,
1027 3052 1115 3114 ’dum
1138 3061 1168 3115 et
1188 3051 1305 3115 deboc
1325 3070 1419 3133 quae·

245 3155 386 3229 rendum,
410 3155 560 3234 quomodo
583 3172 683 3215 sermo
706 3172 774 3215 caro
796 3154 837 3215 sit
857 3154 967 3227 lactus,
993 3161 1134 3214 utrumne
1155 3154 1240 3233 quasi
1261 3153 1438 3233 transfigu-⁸

246 3266 328 3317 ratus
351 3256 381 3316 in
404 3274 507 3328 carne,
530 3273 567 3316 an
590 3254 711 3316 indutus
734 3272 864 3315 carnem.
897 3254 992 3315 lmmo
1013 3252 1147 3314 indutus.
1181 3252 1319 3315 Ceterum
1333 3238 1423 3314 (lenm

246 3356 449 3417 inmutabilem
483 3365 513 3418 et
544 3355 761 3417 informabilem
795 3353 876 3415 credi
909 3370 1033 3415 neccsse
1066 3361 1128 3424 est,
1165 3351 1226 3412 ¹⁰ut
1258 3362 1421 3412 aeternum.

245 3457 482 3536 Transfiguratio
504 3465 603 3518 autem
625 3454 815 3534 interemptio
844 3460 890 3514 est
910 3451 1040 3533 pristini.
1085 3451 1182 3513 Omne
1204 3449 1300 3523 enim,
1322 3447 1420 3530 quotl-

246 3576 364 3637 cunque
386 3544 614 3637 transfiguratur
641 3557 671 3617 in
701 3554 795 3627 aliud,
829 3551 939 3614 desinit
967 3569 1036 3612 esse
1064 3549 1144 3630 qnod
1172 3550 1283 3629 luerat,
1316 3555 1346 3610 et
1371 3549 1421 3609 in-

246 3658 319 3737 cipit
340 3677 409 3720 esse
431 3658 509 3737 qu'od
533 3676 593 3718 non
617 3665 688 3719 erat.
742 3654 822 3716 Deus
850 3662 947 3715 autem
969 3668 1066 3729 neque
1095 3648 1205 3712 desinit
1232 3666 1299 3711 esse
1325 3665 1422 3728 neque

246 3757 325 3819 aliud
347 3766 449 3839 potest
471 3777 551 3821 esse.
596 3758 702 3820 Sermo
726 3765 824 3818 antem
846 3753 921 3815 deus
949 3760 979 3813 ct
1000 3768 1100 3813 sermo
1128 3747 1242 3811 domini
1262 3757 1364 3823 manet
1389 3748 1421 3809 in

246 3877 368 3933 aerum,
401 3859 622 3939 perseverando
646 3857 759 3920 scilicet
786 3856 817 3917 in
834 3846 893 3917 'sua
914 3854 1021 3915 torma.
1062 3850 1171 3926 .Quem
1202 3850 1228 3913 si
1254 3867 1316 3912 non
1344 3848 1423 3929 cepit

247 3959 470 4038 ¹¹configurari,
501 3976 688 4039 consequens
718 3965 764 4020 est
785 3963 820 4018 ut
840 3954 885 4017 sic
906 3971 975 4016 caro
996 3954 1090 4015 lactus
1118 3951 1321 4032 intellegatur,
1350 3948 1421 4013 dum

247 4061 309 4121 ¹²lrt
331 4061 361 4121 in
384 4080 481 4134 carne,
505 4068 536 4122 et
557 4059 761 4121 manifestatur
782 4068 814 4120 et
832 4055 951 4117 ridetur
965 4061 996 4116 et
1010 4060 1209 4116 contrectatur
1222 4070 1277 4133 per
1290 4048 1421 4143 carnem,
1485 4066 1488 4071 ·

245 4161 315 4240 quia
339 4171 369 4222 et
390 4171 485 4223 cetera
509 4162 554 4222 sic
574 4158 667 4239 accipi
689 4158 819 4237 exigunt.
872 4156 904 4218 Si
934 4154 1013 4217 enim
1042 4170 1142 4215 sermo
1170 4171 1206 4214 cx
1225 4150 1422 4230 mansiigurc-

248 4262 331 4324 tione
353 4271 383 4324 et
411 4261 613 4324 demutatione
640 4259 823 4322 substantiae
852 4275 920 4320 caro
948 4257 1043 4318 lactus
1072 4259 1134 4327 est,
1168 4270 1227 4314 una
1255 4252 1314 4315 iam
1337 4251 1424 4314 ”erit

246 4382 272 4430 «l.
292 4397 367 4431 unare
385 4382 469 4433 llobcd.
506 4382 590 4430 iuuare
607 4382 632 4431 l.
651 4381 716 4429 leid.
752 4379 821 4428 unire
839 4385 885 4429 trec
898 4376 1009 4436 Vaticani,
1027 4372 1224 4423 tertcPomelic
1253 4370 1278 4421 b.
1296 4369 1359 4421 elios
1377 4386 1446 4431 osc..

246 4449 291 4498 ΑΒ.
310 4451 375 4499 leid.
436 4449 461 4498 6.
479 4448 646 4513 praetractatis
663 4448 706 4497 lc.
725 4447 799 4507 leid„
825 4452 845 4495 rt
863 4444 889 4493 Β.
907 4446 933 4493 ιιι
949 4456 1032 4505 moro,
1057 4454 1087 4490 ec
1103 4439 1273 4503 llirrmierrsi,
1298 4439 1325 4487 ci
1351 4437 1421 4498 cllor,

248 4520 336 4566 cortice.
379 4518 514 4566 retractatis
538 4516 606 4565 llobc.
658 4514 682 4563 i.
708 4514 791 4578 utiquo
815 4514 849 4574 m,
876 4526 926 4562 enm
950 4509 1031 4559 Fulvio
1051 4506 1142 4557 Ursino.
1202 4504 1226 4555 8.
1250 4504 1377 4555 emanuel
1396 4503 1422 4581 Β

246 4583 294 4632 eb.
313 4584 378 4647 quod
398 4591 510 4633 nascetur
527 4590 646 4642 sanctum,
664 4581 787 4631 recubitor
804 4578 869 4629 lilios
887 4577 926 4627 dei
944 4574 976 4638 d„
993 4589 1047 4626 ιιιιιι
1063 4574 1145 4624 noluo
1163 4572 1254 4633 Uenno.
1305 4570 1330 4621 Β.
1349 4569 1423 4619 nen·-

248 4667 295 4714 que
315 4653 382 4701 etde
401 4651 448 4701 boc
465 4653 580 4701 latinius.
624 4649 663 4698 to.
681 4649 705 4698 in
724 4656 848 4698 aeternnm
865 4648 891 4696 Δ.
912 4644 973 4694 leid.
1020 4640 1060 4691 il.
1078 4640 1222 4717 configurari
1235 4640 1307 4718 ¹bobr.
1341 4643 1424 4685 truns-

248 4720 346 4780 llgursri
365 4720 398 4779 d..
418 4734 467 4769 cum
485 4719 566 4767 Fuluio
586 4717 676 4766 Ursino.
718 4713 855 4776 consignari
873 4714 899 4762 A.
959 4707 999 4760 12.
1017 4709 1043 4759 nr
1059 4708 1101 4759 cl.
1119 4709 1184 4759 leid.
1219 4714 1252 4757 sit
1267 4707 1335 4756 Arbc.
1382 4700 1427 4753 lc.

245 4790 294 4835 erit
313 4787 344 4848 tl„
365 4802 415 4837 cum
433 4786 514 4835 fulcio
534 4784 627 4849 Ursino.
661 4791 712 4832 eret
729 4783 817 4833 Allobo.
835 4780 900 4831 leid.

284 4886 307 4934 b.
325 4887 390 4951 apul
408 4884 558 4935 Valentinum
577 4876 694 4946 tortasse]
714 4881 751 4932 cl.
769 4881 826 4933 ιιι.
838 4877 955 4930 iuraui.
974 4890 1028 4957 erp.
1040 4873 1073 4926 lb
1090 4882 1115 4926 et
1131 4872 1172 4923 27.
1211 4949 1270 5003 w
