3242 5775
299 595 359 659 1⁰⁰
556 608 658 661 eornm
679 606 810 651 enrrnm
832 605 998 651 ruonnrvrrs
1019 605 1217 650 renrnmuru

162 782 278 840 neuun.
380 760 420 821 At
439 758 517 821 enim
539 765 573 819 ut
594 746 703 819 melum
724 766 830 838 postea
852 756 951 836 erupit
971 763 1059 835 atque
1080 754 1148 817 inde
1165 754 1223 816 iam
1237 755 1340 835 coepit
1353 754 1476 818 bonitas

298 861 346 924 dei
368 878 434 921 curn
457 859 627 921 edversario
643 877 746 938 ogere,
769 857 865 919 ¹aliud
879 875 998 937 quoque
1012 856 1163 936 negotium
1179 856 1281 918 eadem
1296 855 1347 917 illa
1363 856 1476 918 iustitie

298 961 346 1023 dei
368 969 451 1023 nacte
474 960 599 1021 estium
622 960 785 1021 secundum
807 957 1032 1019 'adversionem
1055 957 1226 1037 dirigendae
1247 956 1423 1031 bonitatis·,
1444 966 1477 1020 ut

298 1061 432 1141 seposita
452 1059 589 1146 libertate
611 1059 706 1134 eiust,
728 1077 786 1139 qua
802 1067 832 1120 et
845 1059 924 1120 ultro
939 1059 1014 1120 deus
1030 1059 1138 1132 bonus,
1165 1058 1355 1138 promeritis
1370 1055 1476 1119 euius-

298 1180 356 1243 que
377 1169 537 1241 pensetur,
559 1160 656 1240 dignis
679 1161 837 1232 otleratur,
859 1159 989 1238 indignis
1007 1159 1186 1238 denegetur,
1208 1158 1334 1236 ingratis
1356 1159 1476 1220 autera·
1518 1147 1521 1152 ’

298 1271 361 1336 tur,
390 1261 517 1341 proinde
538 1261 677 1322 omuibus
699 1259 822 1322 aemulis
844 1260 1018 1322 vindicetur.
1067 1260 1112 1321 lta
1141 1277 1229 1321 omne
1257 1260 1317 1321 boc
1340 1257 1476 1320 iustitiae

299 1381 376 1444 opus
398 1360 567 1442 procuratio
589 1357 730 1423 bonitatis
753 1368 817 1435 est3
840 1360 919 1439 quod
941 1360 1097 1422 iudicando
1122 1360 1256 1433 damnat,
1284 1358 1366 1438 quod
1388 1357 1474 1420 dam·
1514 1427 1522 1448 η

297 1464 397 1526 nando
418 1462 520 1542 punit,
543 1462 638 1542 quod,
662 1470 696 1523 ut
709 1461 839 1534 ’dicitis,
863 1462 971 1535 saevit,
993 1460 1196 1539 utiquebono,
1220 1478 1281 1522 nou
1296 1460 1377 1521 malo
1399 1477 1474 1539 pro·
1511 1451 1523 1534 ,⁸

298 1564 368 1627 ficit.
411 1563 544 1642 lienique
573 1563 664 1624 timor
691 1562 791 1623 iudicii
820 1562 856 1623 ad
884 1561 1014 1635 bonum,
1052 1580 1114 1622 non
1141 1561 1178 1622 ed
1207 1560 1317 1622 malum
1346 1562 1472 1622 conlert.

298 1664 365 1726 Non
388 1664 467 1726 enim
490 1663 655 1725 sufficiebat
675 1663 787 1724 bonum
809 1680 865 1743 per
886 1662 1081 1742 semetipsum
1103 1661 1320 1735 commendari,
1344 1660 1404 1722 iem
1419 1658 1475 1722 snb
1515 1649 1523 1672 ⁴

298 1765 468 1827 adversario
482 1764 632 1825 laborans.
664 1764 738 1825 Nem
760 1772 791 1824 et
811 1764 838 1825 si
861 1763 1094 1825 commendabile
1108 1783 1163 1844 per
1177 1762 1392 1842 semetipsum,
1414 1777 1475 1822 non
1514 1743 1523 1860 ἰ

299 1874 399 1928 temen
421 1873 451 1927 et
472 1864 687 1938 conservabile,
710 1865 778 1944 quia
800 1864 993 1944 expugnabile
1015 1864 1072 1925 iam
1094 1883 1150 1943 per
1170 1862 1390 1935 adversarium,
1416 1860 1476 1924 nisi

298 1966 343 2028 ris
365 1965 460 2045 alique
481 1972 636 2044 praeesset
657 1965 794 2037 timendi,
828 1983 904 2044 quse
931 1965 1043 2026 bonum
1066 1965 1154 2027 etiam
1175 1965 1312 2026 nolentes
1334 1971 1476 2043 appetere
1515 1965 1521 1978 ¹

300 2074 331 2129 et
350 2066 500 2128 custodire
522 2066 720 2145 compelleret.
758 2066 896 2128 Ceterum
919 2073 964 2127 tot
977 2065 1126 2128 illecebris
1148 2065 1215 2126 mali
1237 2063 1477 2145 expugnantibus
1517 2044 1523 2070 ³

298 2165 411 2230 bouum
433 2167 499 2246 quis
521 2167 593 2227 illud
614 2172 767 2246 appeteret
788 2167 868 2245 quod
890 2166 1011 2246 impune
1033 2164 1260 2228 contemneret?
1302 2164 1399 2238 ‘Quis
1420 2183 1476 2226 eu·

143 2267 430 2343 emmennone
450 2268 530 2346 quod
553 2267 618 2328 sine
638 2266 771 2346 periculo
798 2266 969 2329 amitteret?
1011 2266 1101 2346 Legis
1130 2267 1197 2328 mali
1225 2267 1300 2327 riern
1329 2266 1420 2328 latam
1446 2273 1476 2327 et

299 2353 394 2431 multo
416 2367 663 2447 frequentiorem:
687 2385 788 2428 nonne
810 2385 916 2428 omnes
938 2367 1002 2429 ‘ills
1024 2367 1209 2439 laberentur,
1232 2367 1257 2428 si
1280 2366 1355 2428 nibil
1374 2366 1408 2428 in
1428 2364 1477 2428 ille
1521 2439 1523 2448 Ι

301 2453 478 2530 timeretur?
526 2469 690 2529 Horremus
718 2467 868 2530 terribiles
895 2468 991 2531 minas
1020 2468 1180 2542 creatoris,
1219 2477 1249 2529 et
1274 2468 1322 2529 rix
1350 2487 1367 2528 e
1397 2465 1477 2529 malo
1520 2461 1523 2499 ³

300 2567 463 2629 avellimur.
498 2567 593 2640 Quid,
616 2567 641 2628 si
663 2567 736 2628 nibil
757 2567 943 2631 minaretur?
972 2569 1055 2630 Hanc
1075 2568 1217 2631 iustitiam
1239 2568 1350 2630 malum
1364 2566 1479 2641 “dices
1517 2563 1522 2582 ²

300 2684 376 2746 quse
397 2665 475 2726 malo
497 2684 559 2726 non
580 2666 681 2728 iavet?
711 2668 794 2729 Hanc
813 2669 925 2730 bonum
940 2670 1080 2748 negabis,
1103 2689 1178 2749 qnae
1192 2669 1272 2730 bono
1286 2665 1479 2748 'prospiritl
1511 2653 1523 2704 ἶ

299 2766 442 2840 'Qualem
465 2774 585 2846 oportet
606 2767 693 2829 deum
716 2767 833 2831 velles?
866 2769 982 2849 qualern
1009 2770 1096 2831 malle
1126 2770 1295 2849 expediret,
1329 2767 1387 2830 sub
1416 2785 1477 2848 qno
1498 2759 1523 2858 ‘¹

300 2867 406 2931 delicta
434 2866 612 2946 gauderent,
645 2869 690 2930 cui
720 2868 856 2931 diabolus
878 2870 1025 2933 illuderet.
1073 2870 1158 2932 illum
1186 2869 1299 2932 bonum
1328 2868 1478 2933 indiceret
1509 2859 1523 2912 ἒ

301 2969 389 3031 deum
411 2968 461 3049 qui
483 2968 634 3030 bominem
656 2979 761 3049 posset
782 2972 876 3050 magis
903 2972 1013 3034 melum
1041 2973 1137 3034 iacere
1164 2971 1324 3033 securitate
1351 2966 1479 3033 nutent
1508 2962 1523 3015 ¹²

302 3071 377 3144 Quis
399 3069 471 3131 boui
492 3076 610 3139 auctor,
632 3070 690 3131 nisi
705 3070 763 3149 -qui
784 3070 835 3133 ”et
855 3071 997 3134 erectori
1043 3073 1172 3159 Proinde
1195 3072 1261 3152 quis
1284 3071 1354 3133 mali
1376 3078 1478 3132 extre·
1509 3070 1523 3132 l-

297 3189 390 3246 neus,
412 3170 471 3231 nisi
494 3169 544 3250 qui
567 3177 597 3230 et
617 3169 778 3234 inimicus?
811 3172 888 3245 Quis
910 3173 1065 3243 inimicus,
1087 3172 1145 3234 nisi
1167 3173 1217 3252 qui
1241 3173 1300 3234 ¹⁰et
1320 3188 1477 3251 expugne-
1512 3184 1523 3225 t

299 3270 371 3333 tori
402 3270 506 3343 ”Quis
529 3280 731 3350 expugnator,
752 3272 811 3335 nisi
834 3273 884 3352 qui
907 3282 936 3335 et
949 3272 1095 3353 punitor?
1128 3272 1178 3334 Sic
1192 3280 1272 3334 totus
1288 3272 1364 3334 deus
1377 3270 1480 3335 bonu
1509 3278 1519 3311 ³

297 3380 364 3445 est,
387 3372 457 3434 dnm
479 3389 535 3450 pro
559 3371 639 3432 bono
662 3372 761 3433 omnin
784 3380 840 3433 est.
890 3372 941 3435 Sic
967 3374 1094 3453 denique
1116 3372 1323 3453 omnipotens,
1356 3372 1429 3452 quie
1448 3380 1481 3435 et
1508 3380 1523 3430 t

297 3472 416 3534 iuvandi
440 3481 469 3533 et
492 3472 627 3534 laedendi
650 3482 767 3552 potens.
803 3473 902 3534 btinns
925 3482 973 3535 est
994 3473 1198 3535 tautummodo
1220 3473 1386 3552 prodesse,
1401 3460 1480 3553 'qun
1507 3488 1523 3533 u

298 3591 360 3633 non
381 3571 460 3632 aliud
482 3571 552 3649 quid
574 3574 675 3652 possit
696 3573 810 3653 ¹¹(puum
833 3574 991 3652 prodesse.
1037 3574 1080 3636 lle
1102 3574 1267 3636 eiusmodi·
1289 3592 1347 3652 qua
1369 3572 1480 3637 nouem
1507 3584 1523 3639 ¹3

366 3722 425 3786 Cep.
443 3720 506 3772 xttl.
544 3722 566 3772 l.
584 3723 608 3773 id
626 3724 788 3783 Aimoeelll.
823 3725 853 3776 ed
870 3727 982 3791 l.m.pr.
1033 3726 1057 3776 2.
1077 3726 1225 3776 aversionem
1245 3719 1415 3789 louSeo'liger.
1451 3723 1480 3775 8.
1514 3696 1523 3755 i

299 3791 386 3842 dieitur
402 3789 446 3840 AB.
493 3789 518 3838 4.
537 3790 648 3848 Quis-
664 3817 698 3826 —
715 3795 836 3844 amitteret
853 3794 951 3844 om.AB.
998 3793 1022 3844 b.
1041 3793 1083 3843 ille
1102 3795 1240 3844 laberentur
1258 3794 1281 3841 d.
1316 3792 1481 3843 illaberenrer
1508 3794 1523 3844 't

297 3860 391 3924 reliqui.
443 3855 467 3906 6.
486 3856 552 3906 dices
571 3856 597 3905 Δ.
658 3858 682 3907 7.
701 3874 748 3909 non
768 3860 885 3924 prospicit
902 3861 946 3911 BG.
1003 3860 1027 3911 8.
1047 3860 1147 3920 Qualem
1172 3867 1270 3924 oportet
1286 3860 1359 3909 deum
1377 3854 1482 3911 relies?

299 3927 395 3990 qualem
415 3924 487 3973 melle
506 3923 629 3987 expediret
646 3941 696 3989 ego.
731 3928 832 3986 Qualem
851 3935 947 3991 oportet
965 3925 1143 3979 denmrelles‘?
1161 3927 1257 3992 qualem
1269 3922 1378 3976 netteet
1395 3926 1480 3991 Expe-
1508 3896 1523 3949 ι

300 3994 363 4042 diret
379 3992 483 4040 iddobe.
527 3991 579 4040 Non
598 3993 694 4054 qualem
712 4003 808 4058 oportet
832 3996 903 4045 denm
927 3995 1016 4057 relles3
1050 3996 1145 4061 qualem
1170 3994 1256 4045 melles
1281 3990 1430 4057 expediret?
1453 3994 1482 4045 d.
1509 4000 1519 4045 t

300 4056 401 4118 onelem
419 4063 515 4120 oportet
532 4058 603 4107 deom
621 4058 717 4111 relies?
734 4062 820 4127 gentes
838 4064 923 4114 melles
940 4060 1082 4127 expediret?
1099 4064 1260 4123 lilerl’itltoei,
1272 4062 1481 4126 opedlligeltin.
1508 4096 1515 4139 ἰ

300 4124 400 4185 onelem
419 4133 515 4188 oportet
532 4126 613 4186 deum,
631 4128 666 4176 vel
685 4129 780 4190 qualem
798 4131 886 4181 melles
904 4127 1048 4194 expediret?
1065 4131 1179 4181 latinius.
1210 4130 1317 4180 Proloeit
1333 4128 1479 4191 Fuluius,
1518 4114 1523 4152 ¹

300 4193 454 4310 ἷιῖςιθωζηιί
471 4197 586 4311 recepitc
604 4193 628 4244 9.
648 4203 671 4244 et
689 4197 788 4247 could.
807 4216 810 4225 ·
831 4198 870 4250 10.
889 4205 913 4249 et
930 4214 975 4250 om.
987 4199 1032 4248 ΑΒ.
1074 4198 1113 4248 ll.
1133 4199 1193 4256 Quis
1212 4204 1361 4261 expugnator
1378 4194 1481 4247 omn.
1510 4208 1523 4255 e

335 4294 343 4309 .
376 4275 389 4308 u
452 4294 459 4309 .
495 4275 548 4310 com
585 4298 592 4310 .
796 4286 803 4299 ··
1473 4294 1523 4357 .ἰ

335 4394 394 4456 cap.
412 4392 479 4444 xnn
518 4410 539 4444 a.
567 4395 707 4457 arrrgenue
734 4395 862 4466 noerius]
888 4366 1003 4453 utun
1021 4360 1299 4456 continuissemus,
1319 4395 1481 4465 ᾳιιιιηιιῳ
1507 4416 1523 4459 e

302 4461 353 4510 lloc
370 4468 407 4509 est
425 4462 563 4523 dirigendee
580 4464 695 4513 bonitatis
707 4473 779 4526 prout
792 4480 862 4517 men·
909 4466 971 4517 deus
988 4467 1067 4517 bonus
1085 4475 1131 4527 est,
1155 4467 1201 4516 iem
1220 4456 1298 4515 divine
1317 4465 1359 4515 illa
1378 4464 1481 4517 bonitus

299 4537 348 4578 tem
368 4529 469 4591 quisque
487 4544 555 4579 soom
573 4531 603 4580 od
622 4530 659 4580 dei
673 4529 803 4583 bonitatem
818 4534 861 4585 ed·
909 4548 955 4599 pro
992 4535 1083 4584 meritis
1114 4534 1230 4598 cuiusque
1262 4539 1387 4597 pensetur.
1422 4530 1479 4591 (81⁴
1508 4522 1515 4551 ²

300 4597 378 4645 vertit.
397 4596 504 4658 (Rigalt.)
909 4600 979 4664 golt.)
1487 4596 1491 4601 ¹

336 4664 360 4711 b.
379 4670 403 4711 ut
421 4664 527 4726 seposita
547 4664 658 4714 libertate
676 4660 740 4730 eins]
758 4666 799 4716 Sie
817 4667 861 4716 be·
945 4683 966 4718 e.
986 4669 1019 4717 lle
1036 4662 1168 4732 eiusmodi]
1186 4667 1300 4718 Genttiris
1318 4666 1435 4716 eiusmodi
1451 4672 1481 4717 et

302 4731 360 4799 beot
378 4731 532 4794 exemplerie,
556 4746 601 4782 nec
625 4732 767 4782 inconcinne
785 4735 863 4798 eupli·
909 4736 1043 4786 itiusmodi
1060 4736 1192 4798 Septimius
1216 4736 1291 4784 utitor
1314 4732 1476 4783 substeutire.

302 4798 397 4848 eebitur
422 4799 446 4848 iu
469 4799 534 4849 hunc
556 4813 670 4851 aeneum:
703 4808 729 4850 nt
753 4803 862 4867 sepoelte
908 4802 934 4851 l.
953 4804 1045 4853 ednott.
1063 4804 1093 4854 ed
1111 4803 1145 4852 lle
1163 4802 1288 4867 baptismo
1307 4798 1412 4866 eupit.
