3242 5775
216 689 223 704 ‚
329 610 401 694 736
577 644 679 697 oumrr
701 644 831 688 ssermu
852 644 1018 690 sponsurus
1041 643 1238 687 rmrummm

325 813 434 876 panem
455 812 563 874 corpus
586 814 671 858 suum
694 794 860 875 appellans,
892 795 977 856 cuius
997 802 1079 870 retro
1101 812 1213 874 corpus
1242 794 1274 856 iu
1298 793 1405 874 ⁸¹pauo
1424 813 1471 876 pro

326 896 431 977 phetes
452 896 632 959 “nuntiavit
675 896 707 958 Si
729 896 824 958 adhuc
844 915 969 975 quaeres
991 896 1154 958 dominicae
1176 898 1275 958 crucis
1298 897 1484 976 praedieatio-

327 1015 398 1070 ιιι,
421 997 494 1059 satis
516 998 573 1060 iam
595 998 705 1078 poterit
728 998 780 1059 tibi
801 999 897 1059 iacere
920 997 1077 1077 vigesimus
1098 998 1212 1076 primus
1227 998 1385 1077 psalmus,
1407 1007 1485 1061 ιοιιι

328 1098 438 1161 Christi
461 1100 616 1161 continens
638 1100 825 1179 passionem,
848 1101 981 1161 canentis
1003 1100 1059 1161 iam
1082 1108 1152 1161 tunc
1165 1098 1292 1177 gloriam
1308 1119 1406 1164 suam.
1437 1101 1485 1163 Fo-

328 1200 449 1274 derunt,
476 1200 588 1280 inquit,
617 1219 721 1263 manus
744 1219 825 1263 meas
848 1210 877 1262 et
897 1200 1006 1280 pedes,
1035 1219 1109 1279 quae
1137 1201 1258 1279 propriu
1281 1211 1331 1263 est
1358 1203 1486 1265 atrocitas

327 1302 448 1371 crucis..
465 1302 503 1363 Et
524 1320 644 1374 rursus,
666 1320 733 1363 cum
755 1301 897 1374 auxilium
916 1302 1008 1381 patris
1030 1301 1211 1381 65ιιιιιιοιιι,
1235 1303 1358 1365 Salvum
1381 1323 1430 1366 me
1443 1305 1487 1374 tec,

326 1403 432 1483 inquit,
455 1422 489 1464 ex
513 1421 565 1464 ore
587 1403 693 1476 ieonis,
716 1404 817 1482 utique
839 1403 954 1476 mortis,
978 1413 1008 1465 et
1028 1404 1065 1465 de
1086 1402 1225 1465 cornibus
1241 1403 1486 1467 ⁰“unicorniorum

326 1505 519 1568 humilitatem
541 1523 651 1579 meam,
673 1504 710 1566 de
732 1505 864 1584 apicibus
888 1504 999 1568 scilicet
1019 1504 1160 1578 67ιιιιιίι,
1190 1513 1338 1584 utsupra
1362 1507 1487 1570 ostendi·

326 1624 404 1670 mus.
448 1606 542 1680 Quum
564 1625 680 1668 crucem
702 1625 759 1668 nec
778 1606 844 1685 ipae
865 1606 954 1668 David
976 1625 1084 1686 passus
1107 1614 1167 1678 est,
1200 1625 1256 1668 nec
1284 1608 1366 1670 mtus
1397 1628 1487 1689 regan

239 1725 241 1731 ·
325 1709 517 1781 iudaeorum,
540 1726 577 1769 ne
598 1708 709 1788 putetis
729 1708 878 1770 “alterius
893 1707 1015 1769 alicuius
1030 1707 1199 1787 prophetari
1214 1708 1397 1788 passionem
1412 1730 1487 1791 quau
1522 1731 1524 1744 ·

327 1811 391 1873 eius
418 1809 467 1890 qui
495 1810 576 1871 solus
605 1829 622 1870 a
648 1809 758 1889 populo
786 1817 845 1870 tam
873 1808 1029 1887 insigniter
1060 1809 1214 1870 crucifixus
1242 1819 1300 1871 esu
1354 1811 1487 1874 Nuncsi

327 1930 430 1975 omnes
450 1911 736 1989 ⁰'interpretationes
764 1910 837 1973 istas
864 1911 1012 1989 respuerit
1040 1918 1070 1971 et
1096 1910 1229 1971 inriserit
1255 1910 1370 1973 duritia
1401 1913 1488 1976 cordis

324 2013 433 2083 vestri,
465 2011 686 2092 ⁷⁰probabimus
713 2012 849 2074 sufficere
877 2031 969 2092 posse
997 2021 1120 2073 mortem
1144 2011 1251 2073 Christi
1273 2015 1488 2092 prophetam,

324 2124 358 2177 ut
372 2133 408 2176 ex
422 2114 489 2187 hoc,
512 2114 591 2193 quod
613 2131 674 2174 non
696 2122 778 2175 esset
797 2113 902 2174 ⁷¹edita
924 2111 1076 2191 '’quaiitas
1098 2114 1213 2184 mortis,
1236 2113 1432 2194 intellegatur
1443 2135 1490 2196 per

326 2233 441 2278 crucem
469 2215 619 2289 evenisse,
653 2234 708 2277 nec
733 2214 781 2276 alii
809 2212 1054 2294 τίἰιιιιιιιιιιιιιι
1081 2214 1176 2275 fuisse
1201 2215 1381 2294 passionem
1404 2219 1488 2280 uuus

269 2555 272 2562 ·
324 2521 435 2601 inquit,
467 2520 569 2600 popuii
590 2520 649 2582 mei
669 2519 830 2599 perductus
852 2528 900 2580 est
925 2519 961 2579 ad
988 2527 1130 2591 mortem,
1169 2527 1198 2580 et
1219 2519 1298 2610 dabo
1322 2522 1422 2586 maios
1442 2540 1488 2603 pre

298 2639 301 2646 ·
326 2622 477 2702 sepultura
499 2621 579 2694 eius,
613 2629 642 2682 et
669 2620 773 2682 divites
801 2639 856 2699 pro
885 2628 982 2682 morte
1009 2620 1089 2691 eius,
1119 2620 1186 2699 quie
1207 2620 1306 2683 scelus
1331 2642 1398 2685 non
1419 2623 1487 2694 ierit,

324 2741 381 2784 nec
403 2722 488 2785 dolus
511 2722 542 2783 in
564 2740 616 2783 ore
639 2722 703 2783 eius
726 2722 862 2783 inventus
886 2731 947 2795 est,
971 2730 1000 2783 et
1021 2722 1094 2783 deus
1113 2721 1204 2783 voluit
1217 2723 1350 2785 eximere
1367 2743 1386 2787 a
1401 2735 1488 2788 morte

173 2840 309 2896 ructus
328 2826 455 2887 animam
478 2823 557 2898 dus,
580 2832 609 2884 ιι
630 2835 736 2886 cetera.
768 2824 845 2886 Dicit
859 2824 945 2886 etiam
961 2823 1071 2886 adhuc:
1095 2823 1251 2904 Sepultura
1266 2825 1333 2887 eius
1349 2826 1488 2889 “taulus

325 2935 373 2989 est
394 2945 410 2987 e
431 2925 539 2988 medio.
577 2925 666 2987 ”Neo
686 2926 819 3005 sepultus
841 2926 920 2988 euim
940 2932 987 2988 est
1007 2925 1063 2986 uisi
1085 2934 1237 2998 mortuus,
1260 2944 1318 2988 nec
1339 2929 1486 3010 sepulture

324 3028 388 3090 eius
411 3027 524 3089 sublata
546 3035 594 3087 eat
620 3045 636 3087 c
663 3027 762 3088 medio
789 3028 849 3089 nisi
877 3045 931 3108 per
961 3027 1209 3089 resurrectionem
1239 3027 1315 3091 eius.
1360 3031 1487 3110 Denique

171 3128 516 3208 1u·t¹1¹·1²·⁷⁶suuiungit:
538 3127 699 3207 Propterea
720 3129 784 3208 ipse
806 3129 917 3190 multoe
936 3127 967 3189 in
982 3128 1191 3190 haereditatem
1206 3129 1344 3204 habebit,
1369 3142 1403 3194 et
1416 3132 1485 3195 md·

323 3240 421 3293 torum
444 3229 553 3291 diuidet
573 3229 677 3309 spolia.
720 3230 822 3302 ⁷⁷Quis
845 3229 935 3303 alius,
969 3230 1025 3291 uisi
1055 3231 1104 3309 qui
1132 3239 1218 3291 uatus
1248 3239 1312 3305 eat,
1344 3243 1485 3313 utsupra

323 3331 524 3403 ostendimus,
547 3330 652 3411 ”ipro
675 3350 710 3392 eo
732 3330 840 3410 ”quod
864 3331 967 3394 tradita
990 3340 1037 3393 est
1057 3331 1088 3397 in
1109 3332 1261 3393 ²⁹mortem
1285 3334 1390 3397 anima
1404 3332 1486 3397 eius?

323 3433 450 3496 Ostensa
473 3433 550 3494 euim
573 3450 659 3494 causa
681 3433 791 3512 gratiae
814 3433 897 3507 eiua,
918 3452 973 3513 pro
994 3433 1100 3494 iniuria
1123 3432 1234 3494 scilicet
1255 3435 1366 3496 mortis
1381 3454 1485 3517 repen·

321 3535 447 3609 undae,
480 3535 590 3614 pariter
612 3543 766 3595 ostensum
795 3544 842 3596 est
863 3534 964 3596 ”haec
983 3535 1063 3596 illum
1086 3543 1208 3614 propter
1229 3545 1359 3598 mortem
1383 3557 1484 3601 couse-

321 3646 474 3710 cuturum,
496 3644 568 3716 post
587 3645 729 3709 mortem,
751 3635 770 3668 ⁸¹
779 3635 880 3715 utique
901 3643 971 3714 post
983 3636 1231 3698 resurrectionem
1247 3651 1484 3703 consecuturum

318 3736 391 3801 Nam
414 3737 493 3817 quod
516 3738 546 3798 ia
567 3737 709 3817 passione
731 3737 796 3798 cius
825 3737 946 3809 accidit,
981 3746 1013 3799 ut
1039 3737 1137 3799 media
1161 3737 1226 3799 dies
1254 3738 1483 3811 tenebresceret,

167 3839 413 3908 mamedune
434 3838 578 3920 propheta
599 3837 766 3912 annuntiat,
789 3838 908 3900 dicens:
929 3838 1051 3913 litent,
1074 3839 1182 3918 inquit,
1205 3838 1235 3899 in
1259 3838 1308 3902 die
1330 3840 1398 3915 itta,
1421 3842 1484 3904 dicit

319 3990 360 4042 66.
380 3982 494 4055 psueie.
518 3976 623 4054 'panem
648 3992 741 4057 reliqui.
799 3992 841 4042 64.
865 3993 972 4054 figurarit
989 3992 1026 4043 cd.
1084 3992 1125 4042 66.
1149 3988 1303 4056 implorati-
1345 3994 1483 4059 impleraret

317 4061 409 4124 reticui.
450 4056 491 4107 66.
510 4054 728 4108 unicornioruut
764 4061 886 4109 unicornis
904 4077 926 4110 c.
944 4061 1051 4123 somaro.
1087 4062 1237 4110 unicornium
1255 4063 1294 4110 ed.
1336 4061 1381 4112 67.
1401 4062 1483 4114 cited

318 4130 396 4178 crucis
413 4126 500 4176 atate.
551 4125 592 4175 66.
610 4126 708 4176 citerius
727 4126 828 4177 alicuius
845 4123 883 4177 id.
919 4127 1018 4177 atterius
1034 4128 1127 4193 reliqui.
1173 4126 1214 4178 69.
1233 4127 1483 4194 tsrsstnrerpreuuo·

317 4208 362 4245 nes
379 4196 403 4243 t.
461 4192 502 4244 76.
526 4195 682 4257 probabimus
699 4190 722 4243 λ.
768 4196 922 4258 probavimus
944 4197 1038 4261 reliqui.
1096 4196 1137 4245 71.
1160 4196 1235 4244 edicta
1255 4191 1278 4244 λ.
1341 4196 1385 4247 ta.
1411 4196 1483 4264 quetis

317 4274 384 4311 mors
401 4260 444 4311 AB.
495 4261 557 4311 mu.
577 4262 739 4326 deputandum
756 4262 801 4314 AB.
845 4262 885 4312 76.
905 4271 928 4313 et
945 4257 983 4312 id.
1019 4264 1071 4312 eius
1089 4264 1221 4329 stretiput.
1266 4263 1307 4313 74.
1327 4265 1416 4316 Esaiae
1433 4265 1482 4316 ruia

316 4329 378 4388 (seio
397 4331 494 4380 schedae
511 4331 630 4385 quiouoei
654 4331 781 4380 ostendere
805 4324 827 4378 λ.
869 4330 951 4380 Esaias
975 4331 1032 4380 dicit
1053 4332 1145 4396 relique
1202 4329 1265 4381 746.
1289 4333 1389 4384 subiate
1412 4336 1482 4395 Δ.,ιι

316 4399 367 4448 cod.
385 4398 493 4461 Hirsoup.
538 4398 579 4447 75.
597 4399 646 4447 Nec
662 4399 772 4461 sepultus
790 4406 827 4448 est
844 4400 907 4448 euim
926 4400 999 4459 (euim
1018 4401 1118 4458 ested.)
1137 4399 1181 4448 uisi
1201 4408 1321 4459 mortuus,
1340 4416 1387 4452 uec
1404 4401 1482 4466 sepui-

316 4473 368 4514 tura
387 4466 438 4513 eius
456 4466 549 4514 subiate
568 4475 605 4515 est
622 4482 635 4515 e
654 4468 731 4515 medio
751 4467 796 4516 uisi
816 4482 859 4530 per
876 4467 1077 4516 resurrectionem
1097 4471 1148 4517 eius
1166 4466 1228 4523 (eius
1246 4484 1290 4517 orn.
1310 4471 1347 4519 cd.
1366 4468 1481 4533 Hiram.)

314 4527 366 4584 ded.
391 4534 563 4596 Hirccupr'eusis
581 4536 662 4583 codex.
706 4534 833 4593 Quomodo
858 4534 994 4594 (Quomodo
1019 4551 1062 4584 om.
1079 4537 1116 4595 A.)
1141 4536 1186 4584 nisi
1211 4551 1255 4599 per
1281 4541 1481 4590 resurrectionen

314 4603 424 4679 reti-qui..
454 4603 518 4678 duce
542 4603 608 4678 etium
632 4604 683 4681 ipso
708 4604 775 4682 perio
800 4604 950 4681 superaddito
973 4605 1126 4717 depositorio
1143 4619 1163 4681 ⁶:
1230 4603 1271 4682 76.
1299 4604 1426 4686 submouit
1445 4600 1480 4653 id

297 4669 515 4729 .subrungrtrdem
535 4669 725 4734 Esarasretrpus.
777 4669 817 4718 77.
836 4669 974 4729 Ouasairus
1008 4706 1013 4717 .
1049 4670 1107 4730 Quas
1126 4684 1188 4720 eorm
1207 4671 1383 4739 airusretsqus.
1423 4672 1481 4723 776.

313 4737 345 4786 de
363 4752 391 4785 eo
410 4737 512 4800 Scioppir'
530 4739 627 4786 schedae
644 4736 720 4788 Pctus.
777 4737 818 4787 te.
837 4752 885 4801 quo
903 4738 928 4787 B.
991 4738 1030 4787 ta.
1051 4748 1127 4790 morte
1144 4739 1188 4789 AB.
1248 4738 1291 4791 8⁰.
1310 4743 1359 4793 hoc
1375 4744 1403 4794 Δ.
1444 4740 1480 4792 di.

314 4805 395 4868 utique
415 4806 616 4854 resurrectionem
634 4808 667 4867 6.,
686 4821 736 4856 cusa
746 4805 827 4856 Futuro
840 4806 931 4856 dusino.
966 4807 1047 4871 utique
1065 4822 1110 4871 per
1128 4809 1332 4861 resurrectionem
1351 4811 1481 4862 reum

315 4871 348 4935 Cf.
365 4875 421 4922 Ado.
439 4872 510 4923 tiore.
528 4873 567 4936 111,
581 4872 619 4923 19.
