3242 5775
311 653 392 700 Lffll

311 805 437 868 Dionysius
455 812 568 868 tyrannus
583 804 687 856 Zenonis
700 803 796 855 Eleatae
814 818 868 854 car·

347 874 416 939 silex*
427 873 528 936 Apulos.
542 872 584 923 hl).

312 965 341 978 —
361 949 475 1004 tyrannus
486 941 608 990 Platonem
626 940 731 990 vendidit
748 938 869 1005 Apolli.

312 1008 444 1072 Disciplina
462 1009 592 1058 castrensis
610 1008 645 1058 De
664 1008 758 1057 Corona
780 1007 819 1056 ll.

311 1092 324 1127 a
344 1076 472 1140 Disciplina
490 1075 607 1126 divertere
625 1077 714 1126 nemini
724 1075 819 1140 expedit
829 1075 869 1140 qui

345 1144 481 1194 meminerit
498 1145 572 1195 luturi
583 1145 663 1195 iudicii
681 1144 715 1194 De
725 1144 869 1208 Praescriph

348 1211 496 1262 Haeret.44.

311 1279 457 1344 Disciplinae
486 1281 516 1330 de
547 1281 667 1343 magistris
690 1280 761 1342 vulgo
784 1279 870 1329 sortita

346 1356 505 1409 cognomenta
525 1347 624 1411 hpolop.
641 1347 666 1397 4.

312 1416 469 1479 Disciplinam
487 1415 623 1479 despiciunt
646 1415 686 1479 qai
704 1420 792 1477 negant
809 1427 870 1479 poe-

347 1494 401 1532 nam
420 1482 455 1532 De
473 1483 610 1532 Resurrect
629 1483 713 1533 Carnis
733 1482 773 1532 ll.

312 1550 429 1614 Discipuli
447 1551 551 1599 existere
570 1565 617 1599 nun
636 1557 741 1615 possunt
757 1550 810 1599 siue
825 1548 870 1599 do·

347 1620 422 1668 ctrina
440 1619 609 1679 magistrorum
631 1617 688 1669 hdr.
706 1618 777 1668 llarc
797 1617 833 1679 lll,
847 1616 870 1666 5.

311 1710 345 1721 -
363 1685 600 1750 credideruntllnpsi
618 1690 642 1735 ei
660 1686 784 1749 prophetis
802 1693 871 1734 ante-

346 1767 417 1818 quam
436 1753 559 1802 audissent
570 1753 764 1803 et‘eredidissent
774 1753 871 1803 Christo

346 1820 402 1871 eda
419 1820 490 1870 llarc.
508 1820 595 1881 linat.

312 1888 485 1939 -Christum
510 1888 635 1937 audientes
662 1887 791 1937 ecclesiam
809 1887 871 1937 deli·

346 1957 412 2006 nient
430 1956 463 2005 lle
482 1955 559 2005 Carne
577 1957 666 2006 Christi
680 1957 705 2004 l.

313 2024 440 2086 Disputare
469 2037 540 2072 neruo
570 2023 641 2073 dehet
665 2037 719 2073 cuur
744 2023 872 2073 haereticis

347 2091 381 2140 De
400 2092 544 2154 Praescript.
564 2092 658 2141 liceret.
670 2090 709 2140 12.

314 2159 372 2208 Ditis
391 2158 461 2208 Pater
477 2160 510 2209 hd
528 2160 591 2210 llatt.
610 2160 629 2219 l,
645 2159 684 2208 lD.

312 2226 382 2276 Dices
400 2228 488 2276 stultus
506 2227 552 2276 sihi
571 2227 698 2277 blandiens
711 2226 741 2276 de
754 2234 870 2291 prouentu

347 2307 463 2357 agnorum
482 2293 538 2344 hdr.
555 2295 626 2345 liare„
645 2295 681 2356 lli,
692 2293 729 2344 18.

312 2362 388 2412 Diridi
407 2362 505 2412 dissolri
524 2370 570 2424 est,
593 2372 617 2413 et
634 2363 733 2413 dissolri
751 2363 812 2412 mori
837 2362 871 2412 De

347 2432 429 2481 Anima
451 2430 490 2480 14.

314 2498 394 2548 Divina
414 2500 454 2562 qui
472 2499 502 2548 de
515 2499 626 2548 humanis
636 2497 872 2563 praeiudicantetnl·

347 2567 433 2616 tissimi
452 2574 508 2617 sunt
524 2567 580 2616 hdr.
599 2566 671 2617 Marc.
689 2566 769 2627 ll,l'l.

313 2657 347 2669 -
364 2649 406 2682 rou
425 2633 491 2683 nulla
509 2635 541 2684 ita
560 2634 677 2684 dissoluta
693 2629 887 2694 est‘etdillnsa‚'

348 2709 374 2750 ut
391 2702 461 2751 rerba
481 2711 571 2751 tantum
591 2702 757 2761 defendantur,
775 2710 799 2751 et
810 2703 871 2751 ratio

347 2769 475 2819 rerhorum
494 2784 541 2818 aon
561 2771 720 2820 constituatur
746 2770 780 2819 De
798 2771 871 2820 Prae·

348 2838 431 2900 script.
450 2836 579 2888 naerens.

313 2904 430 2954 Divinatio
449 2920 537 2968 caprae
555 2912 579 2954 st
596 2918 694 2954 mensae
710 2905 812 2969 Apulos.
829 2904 870 2956 23.

314 2972 428 3021 Divinitas
447 2987 493 3021 uua
511 2981 534 3020 et
552 2986 675 3035 germana,
693 2988 738 3022 uec
754 2974 785 3022 de
803 2975 871 3023 unri-

348 3046 395 3088 tate
413 3054 458 3088 nec
475 3039 505 3088 de
523 3047 647 3099 vetustate,
666 3040 708 3089 sed
727 3041 757 3090 de
769 3055 812 3090 sua
823 3043 871 3091 air·

348 3115 398 3156 tute
416 3117 528 3157 censetur
544 3109 600 3157 hdr.
619 3107 690 3158 llaec.
709 3108 727 3168 l,
737 3108 762 3159 8.

313 3199 346 3212 -·
364 3175 464 3237 gradum
494 3189 541 3226 nou
572 3177 658 3237 hahet,
688 3184 770 3241 utpote
801 3179 870 3228 unica

347 3244 402 3293 hdr.
419 3244 530 3306 llermog.
545 3244 568 3294 ⁵1.

312 3311 431 3362 Diainitati
450 3314 563 3377 competit
582 3326 739 3377 quaecuuque
758 3312 871 3378 decreue-

346 3380 869 3444 ritntperlectareputareldr.llare.lll,5.

311 3448 448 3498 Diuitiarum
468 3457 620 3512 contemptus
638 3449 671 3497 De
690 3448 789 3497 Patiens.
804 3448 827 3497 7.

311 3515 408 3565 Diritias
427 3524 551 3579 praestare
568 3517 613 3566 den
633 3531 681 3565 nnn
699 3518 869 3577 incongruens,

345 3600 390 3648 per
405 3599 464 3649 quas
477 3592 500 3633 et
514 3584 598 3633 diuites
616 3584 704 3633 solatio
717 3583 834 3642 iuvantur,
847 3592 871 3632 et

346 3652 420 3701 multa
445 3652 499 3702 inde
518 3667 592 3716 opera
612 3653 716 3702 institiae
734 3650 870 3699 dilectionis

346 3721 543 3769 administrentur
560 3721 615 3770 hdr.
635 3717 761 3834 horest,
773 3719 811 3767 15.
823 3750 840 3771 .-

312 3786 342 3835 ad
360 3787 498 3835 Ducendum
518 3787 581 3849 apud
604 3788 703 3835 lliernsa
716 3801 753 3834 em
773 3787 870 3835 luerunt

346 3852 391 3902 alie
417 3853 479 3912 loca,
503 3868 550 3901 non
575 3853 653 3902 solnm
673 3854 789 3916 templum
813 3854 869 3904 hdr.

347 3920 417 3968 ltarc.
436 3919 473 3977 lV,
484 3918 525 3967 39.

313 3987 424 4036 Doctrina
444 3986 531 4035 Christi
550 3986 583 4034 De
602 3985 679 4035 Carne
697 3986 753 4037 Chr.
767 3989 791 4039 4.
822 3982 834 4008 ’

311 4081 344 4090 -
363 4061 400 4101 est
417 4052 558 4116 discipliuae
577 4053 645 4103 iudea
671 4055 704 4104 De
723 4057 868 4122 Praescript.

346 4122 441 4169 llaeret.
455 4120 494 4170 43.

311 4189 447 4238 -omnis
479 4190 508 4239 de
527 4189 651 4240 mendacio
683 4193 868 4254 praeiudicanDa

346 4272 406 4319 qnae
423 4258 501 4322 sapiat
519 4268 601 4308 contra
619 4260 740 4309 veritatem
752 4261 868 4310 ecclesia-

787 651 876 696 trinu
895 650 1006 695 limi!-

920 802 1015 854 Domini
1042 815 1141 853 nomen
1169 806 1313 868 potestatis
1335 814 1370 858 est
1385 808 1462 858 etima

954 870 1059 921 mendae
1077 871 1142 922 lde.
1164 872 1247 925 flare.
1268 874 1341 932 mi.

920 940 1207 1060 -pszpufggmpo
1242 944 1368 1009 scriptura
1393 942 1463 1004 atha

991 1023 1010 1055 r.
1054 1022 1067 1057 e
1131 1023 1158 1070 e.
1193 1045 1201 1060 .

922 1075 1048 1125 Domiuien
1067 1075 1111 1125 die
1132 1076 1264 1128 ieiunium
1290 1079 1328 1129 rel
1346 1078 1462 1141 deseritis·

955 1142 1059 1194 adorare
1076 1145 1157 1195 uerae
1176 1146 1311 1198 duxerant
1330 1156 1411 1198 ueteres
1422 1147 1461 1197 lh

954 1211 1026 1260 atiani
1044 1210 1082 1261 De
1103 1211 1212 1263 Cornan
1234 1213 1263 1264 2.

922 1278 1038 1328 Dominus
1057 1280 1080 1328 ia
1102 1281 1280 1346 simplicitate
1292 1283 1372 1334 cordis
1384 1290 1460 1347 ew

955 1346 1046 1396 rendus
1065 1347 1101 1396 De
1124 1349 1289 1416 Praeseript.
1307 1351 1425 1402 Dmretl.

922 1414 1192 1480 nantaiauaatmper,
1199 1421 1292 1483 partie
1303 1420 1334 1470 de
1340 1421 1459 1470 huense

956 1480 1073 1543 delitate,
1114 1483 1332 1538 Christianorum
1365 1496 1459 1554 pem

954 1549 1057 1613 Apulus.
1073 1549 1101 1599 h.

922 1643 954 1653 -
971 1617 1061 1681 lmper.
1071 1616 1244 1672 Christianus
1256 1623 1457 1687 relegatosrerm

955 1684 1058 1748 Apulos.
1071 1685 1096 1735 5.

923 1752 1063 1802 Donatirurn
1093 1754 1163 1804 aitae
1196 1763 1323 1809 eetmae
1351 1758 1455 1809 Deliam

955 1819 1041 1870 Camie
1059 1819 1104 1870 l'l.

924 1888 1051 1937 Dositheou
1061 1888 1247 1942 Samaritanus
1258 1894 1318 1944 hdr.
1325 1892 1454 1945 onasus

924 1958 1057 2005 Diaconum
1070 1957 1103 2006 de
1114 1959 1251 2010 lrontihne
1260 1961 1454 2025 gem-eaerul-

955 2031 1007 2073 erat
1025 2024 1059 2073 De
1077 2024 1155 2075 Cultu
1175 2027 1281 2080 Demia.
1301 2031 1354 2094 t,⁵.

924 2091 1084 2152 Drusilianus,
1103 2097 1314 2156 serrnsClaudi,
1324 2097 1453 2164 quinam

957 2160 1137 2223 promulsidem
1158 2163 1284 2216 aedilleat
1301 2167 1336 2217 De
1353 2165 1424 2216 ruta.

924 2226 1012 2277 Duritia
1044 2229 1164 2279 vincenda
1200 2240 1259 2295 eet,
1300 2249 1347 2285 noa
1375 2229 1452 2284 staff

957 2295 1042 2359 Scorp.
1059 2293 1083 2344 2.

925 2363 1162 2481 ⁰⁰1⁸rm⁸1f2b⁰m
1189 2366 1260 2421 dene
1282 2363 1451 2437 epulentati

978 2439 1019 2480 att.
1061 2469 1068 2492 ,
1095 2469 1102 2481 .

1195 2533 1236 2598 E.

924 2632 1050 2683 Ebrietatis
1069 2641 1092 2684 et
1111 2633 1233 2689 lihidinis
1252 2640 1379 2694 daeneuia
1391 2637 1450 2693 δι’*

956 2708 994 2750 ter
1022 2714 1049 2750 se
1079 2706 1231 2770 conspirata
1265 2719 1292 2761 et
1315 2705 1450 2762 ennium·

956 2769 1065 2833 Spectas
1085 2769 1127 2820 lii.

924 2835 1030 2887 Ecclesia
1049 2837 1079 2887 eh
1092 2840 1236 2905 apostolis,
1255 2845 1450 2912 apostoliam

957 2905 1067 2956 Christus
1085 2922 1097 2955 a
1117 2908 1168 2959 den
1185 2920 1266 2974 patre
1277 2909 1450 2969 hanamal·

957 2973 1102 3038 Praescript.
1123 2974 1230 3030 llaeret.
1246 2981 1292 3034 32

923 3065 954 3076 -
973 3055 1054 3090 curam
1079 3043 1157 3094 hahet
1181 3060 1280 3101 eornm
1300 3054 1341 3118 qai
1358 3044 1450 3103 ieffi

955 3109 989 3159 td
1008 3109 1102 3172 Darne.
1119 3110 1144 3160 2.
1370 3132 1375 3143 ·

924 3177 1063 3227 inEeclesie
1082 3179 1145 3229 nihii
1164 3184 1325 3241 tradendum
1342 3189 1383 3239 aial
1395 3180 1449 3235 effi

955 3253 991 3294 sto
1002 3245 1177 3299 demandatum
1189 3250 1229 3302 De
1238 3246 1449 3321 Praeseriptllaml

923 3312 1044 3363 Ecclesiae
1061 3317 1222 3378 apostolicae
1242 3323 1305 3375 adr.
1322 3324 1387 3377 aare
1399 3318 1443 3379 Dr&

924 3404 953 3414 -
972 3395 1033 3445 quae
1052 3384 1163 3445 quotidie
1176 3387 1451 3443 inertia-mariani

955 3449 1120 3510 Christiana
1142 3455 1233 3506 minus
1254 3457 1451 3525 apostolieae*

955 3524 1034 3566 tantur
1057 3533 1102 3581 pru
1122 3529 1349 3588 consanguinitate
1364 3526 1450 3579 dats!

955 3598 1026 3647 quam
1053 3585 1113 3661 ¹illae
1146 3603 1216 3652 quae
1250 3595 1285 3645 alt
1317 3588 1449 3661 spemin*

954 3650 1096 3714 apostolicis
1125 3656 1185 3706 viris
1221 3661 1353 3716 institutae
1376 3654 1450 3714 sn*

955 3718 1098 3783 Praescriph
1118 3720 1224 3776 Haeret.
1240 3728 1288 3780 32.

919 3809 953 3819 -
971 3787 1135 3850 apostolicae,
1168 3798 1295 3849 matrices
1320 3808 1343 3851 et
1365 3794 1450 3860 arith*

954 3853 1008 3902 Ddei
1027 3854 1183 3908 Christianae
1206 3862 1246 3913 De
1267 3862 1451 3932 craumelle

923 3920 1103 4053 -rplri12n2iliaae
1122 3992 1252 4048 institutio
1273 4001 1310 4052 De
1326 4000 1411 4053 idol&

921 4078 952 4091 —
971 4060 1101 4135 auctoritas
1113 4128 1117 4137 Ι
1131 4063 1199 4112 inter
1219 4069 1338 4121 ordinem
1356 4078 1378 4121 et
1391 4065 1450 4133 ild*

954 4128 1078 4243 {anteginis
1095 4127 1268 4186 differentiam
1288 4139 1323 4188 De
1341 4131 1451 4189 Darat*

923 4285 952 4294 -
970 4269 1042 4324 caput
1061 4262 1174 4314 Christus
1192 4269 1256 4320 hdr.
1279 4273 1352 4324 liare.
1368 4274 1389 4329 l,
1401 4269 1426 4320 li.

345 4339 398 4372 rum
417 4334 440 4374 et
458 4328 632 4389 apostolorum,
652 4328 772 4377 etChristi
791 4338 814 4378 et
830 4329 868 4379 dei
920 4353 952 4363 -
968 4332 1116 4393 praepositis
1137 4348 1187 4384 non
1209 4337 1273 4389 licet
1292 4343 1373 4406 lugere
1388 4343 1450 4399 im·

249 4393 255 4411 '
346 4391 379 4440 De
397 4392 539 4459 Praescript.
559 4396 653 4444 Haeret.
666 4394 706 4444 21.
953 4399 1078 4447 secutione
1097 4400 1130 4448 De
1151 4402 1219 4466 Fuga
1241 4409 1268 4458 in
1288 4410 1380 4460 Persae.
1394 4406 1422 4457 tt.

310 4459 477 4510 Doctrinarum
496 4463 683 4512 adulterinarum
701 4477 867 4528 generaquae
921 4486 951 4500 -·
977 4480 1036 4529 quas
1066 4470 1176 4530 apostoli
1214 4477 1254 4524 acl
1288 4478 1405 4543 apostolici
1425 4472 1449 4514 *D

345 4528 390 4645 {inb
415 4531 532 4645 ιριέεὲοιιε
550 4533 646 4581 luerunt
671 4532 703 4580 De
722 4532 865 4596 Praescript.
954 4533 1127 4597 condiderunt,
1161 4542 1342 4605 suspiciendae
1368 4546 1396 4596 De
1413 4540 1449 4595 inp

368 4605 441 4646 aeret.
474 4616 494 4644 ’.
954 4602 1003 4651 l'el.
1016 4600 1040 4650 2.

312 4663 441 4714 Domestici
460 4665 497 4713 dei
508 4665 635 4714 Christiani
647 4666 779 4717 idalium.
791 4666 816 4728 V,
827 4668 865 4719 13.
920 4669 1051 4719 Ecclesiam
1078 4686 1134 4721 esse
1160 4675 1185 4724 in
1212 4680 1306 4737 trihus,
1334 4673 1447 4731 chael&

311 4733 442 4782 Dumiduca
462 4731 504 4781 dea
523 4733 555 4781 td
574 4734 635 4783 Natt.
655 4735 684 4794 ll,
697 4735 735 4784 ll.
953 4737 1210 4794 [reseruassemus
1229 4747 1253 4798 l.
1275 4748 1309 4799 De
1327 4742 1433 4799 Pudicil-

310 4799 444 4849 Dominatin
464 4801 523 4849 insta
542 4809 564 4849 et
583 4803 701 4851 ordinaria
721 4804 824 4854 timenda
843 4813 866 4855 et
918 4805 1081 4854 Ecclesiarum
1100 4811 1213 4869 origines
1233 4815 1271 4865 De
1290 4814 1410 4868 radicat.

344 4867 462 4931 diligenda
480 4869 534 4919 hdr.
553 4868 625 4920 hlnrc.
642 4871 661 4932 l,
677 4870 716 4919 27.
918 4900 949 4909 -
968 4875 1157 4938 apostolicarum
1179 4889 1316 4937 auctoritas
1333 4885 1444 4937 udat*
