3242 5775
314 444 376 510 θῇ
570 454 673 507 oornrr
694 452 826 497 saerrru
847 450 1012 496 emanares
1035 449 1236 495 rsnrnaurru

312 618 392 681 tum,
426 605 465 669 ob
493 624 579 685 quam
609 603 741 666 carnales
769 602 943 676 ’nutantum
976 619 1037 662 non
1064 608 1164 663 umen
1196 618 1256 664 suo
1277 598 1399 670 nomae
1415 616 1465 662 cart

195 692 202 714 '
313 708 441 770 infamis.
490 706 591 784 Neque
614 704 692 767 enim
714 704 751 765 do
773 702 896 783 proprio
919 702 998 782 sapit
1019 701 1088 780 quid
1111 709 1161 764 aul
1183 691 1279 764 sentit
1300 701 1338 764 ad
1360 700 1468 763 anaden—

314 808 381 872 dam
404 806 449 868 rel
470 806 671 886 imperandam
699 804 887 884 peccatelam.
937 800 1070 876 Quidni?
1098 820 1174 881 quae
1202 801 1402 870 ministerium
1425 807 1469 873 ut,

315 918 345 971 et
372 907 565 969 ministerium
594 924 654 968 non
682 904 768 984 qnale
795 922 903 968 servus
931 903 978 965 rel
1000 903 1099 964 minor
1120 902 1266 976 animet,
1300 899 1471 966 ‘animabit

277 1041 282 1060 x
313 1008 468 1082 hominos,
502 1008 555 1070 sed
578 1006 664 1087 quale
686 1006 775 1077 calix,
807 1004 852 1066 rel
881 1003 951 1083 quid
980 1003 1058 1065 aliud
1081 1003 1245 1076 eiusmodi,
1276 1022 1403 1085 corpru,
1424 1019 1470 1064 rer

314 1109 422 1173 anima.
464 1107 538 1168 Nam
560 1114 591 1167 et
611 1107 685 1168 calix
708 1105 907 1167 ministerium
934 1104 1064 1166 sitientis
1092 1105 1172 1178 ³esta
1204 1104 1267 1168 nisi
1295 1101 1471 1184 ‘wmenqti

314 1209 377 1272 sitit
398 1207 517 1269 calicem
540 1206 597 1270 sibi
619 1206 866 1281 accommodarit,
888 1205 962 1266 nibil
983 1206 1057 1267 calix
1079 1205 1271 1270 ministrabit.
1310 1206 1393 1269 Adeo
1412 1203 1470 1268 nulla

313 1307 483 1388 proprietas
505 1308 633 1370 hominis
655 1308 686 1368 in
708 1307 858 1379 'ehoioo·,
893 1325 948 1368 nec
975 1307 1015 1368 ila
1043 1326 1112 1368 caro
1142 1308 1233 1372 homo
1262 1297 1404 1386 unquam
1431 1302 1471 1366 ut

314 1408 361 1470 ris
382 1408 497 1470 animae
519 1416 549 1470 et
568 1402 624 1469 alia
645 1427 792 1487 persona,
821 1407 875 1470 sed
896 1425 945 1470 res
968 1416 1015 1470 est
1035 1407 1175 1486 'alterius
1195 1406 1285 1486 plane
1306 1405 1472 1470 substantiae

214 1504 221 1510 ’
314 1516 344 1571 et
361 1508 487 1572 alterins
509 1508 709 1583 condicionis,
731 1508 846 1570 addicta
869 1516 967 1571 minen
989 1508 1104 1570 animae
1126 1515 1160 1569 ut
1181 1507 1357 1587 suppellex,
1387 1517 1420 1570 ut
1435 1506 1471 1569 ir·

315 1617 513 1672 strumentum
536 1608 566 1670 in
589 1609 686 1672 officia
707 1609 794 1671 ritae.
840 1608 915 1671 Caro
944 1608 1033 1688 igitur
1063 1608 1231 1687 increpatur
1261 1608 1293 1670 in
1322 1606 1471 1690 scripseris,

314 1809 437 1883 lentiae,
461 1810 615 1882 saevitiae,
640 1808 851 1870 ¹⁰idololatriae
873 1809 1040 1888 ceterisque
1062 1809 1228 1872 carnalibus
1254 1828 1322 1872 nun·
1340 1810 1472 1880 sensibts,

316 1909 369 1971 sed
398 1908 560 1971 effectibus.
610 1909 744 1987 Denique
772 1927 881 1972 sensus
911 1909 1086 1970 delictorum
1116 1909 1203 1971 etiam
1238 1912 1307 1973 sine
1337 1910 1472 1974 meotilis

164 2031 307 2091 uiuam.
316 2008 455 2089 imputari
477 2011 576 2072 solent
596 2011 720 2072 animae.
753 2010 811 2084 Qui
829 2010 847 2041 ¹¹
857 2009 963 2072 viderit
977 2011 1012 2074 ad
1028 2012 1310 2089 concupiscentiam,
1332 2013 1391 2078 um
1404 2009 1472 2073 adui-

317 2111 422 2172 tcravit
444 2109 475 2170 in
497 2111 597 2173 corde.
635 2111 772 2174 Ceterum
795 2111 865 2189 qnid
888 2130 956 2174 caro
980 2111 1044 2174 sine
1067 2111 1163 2173 anima
1184 2112 1313 2190 perinde
1337 2113 1367 2176 in
1382 2128 1471 2193 opert·

316 2212 399 2276 tione
420 2210 593 2291 probitatis,
617 2211 763 2284 iustitiae,
786 2211 974 2288 tolerantiae,
997 2210 1178 2291 pudicitiae?
1216 2212 1316 2274 Porro
1338 2212 1419 2295 quale
1436 2217 1473 2272 ot

316 2321 350 2376 ut
370 2312 418 2374 cui
440 2330 495 2373 neo
516 2312 594 2372 bona
616 2312 792 2374 documenta
813 2312 934 2392 propria
949 2311 1135 2383 subscribas,
1159 2313 1189 2373 ei
1208 2312 1334 2377 cumina
1357 2312 1472 2393 ”adpu-

316 2410 392 2491 gas?
428 2412 487 2474 Sed
509 2430 543 2473 ea
564 2431 728 2493 perquam
750 2412 929 2492 delinquitur
951 2414 1124 2475 convenitur
1149 2422 1183 2474 ut
1202 2413 1252 2475 illa
1273 2432 1290 2475 a
1314 2433 1373 2495 qua
1392 2413 1472 2480 dcit-

316 2512 416 2592 quitur
438 2521 593 2587 oneretur,
617 2513 704 2575 etiam
727 2513 785 2575 ¹³iu
801 2514 960 2576 ministerii
976 2514 1201 2577 accusationem.
1242 2514 1371 2579 Gravior
1383 2512 1473 2580 invidt

316 2621 363 2675 cst
384 2613 413 2674 in
436 2613 604 2691 praesidem
627 2633 692 2676 curn
715 2615 810 2676 officia
832 2609 1018 2694 pulsaintnri.
1070 2615 1140 2676 Plus
1169 2614 1309 2678 caeditur·
1332 2617 1384 2698 qni
1407 2613 1475 2678 iubet

316 2712 433 2793 quando
456 2732 511 2776 nec
533 2714 582 2794 qui
606 2714 780 2794 obsequitur
801 2726 969 2778 excusatur.

184 2828 298 2890 pantu.
402 2814 524 2876 ¹blalum
551 2816 640 2895 igitur
667 2816 797 2891 animae,
831 2824 949 2896 praetor
976 2816 1056 2896 quod
1079 2835 1114 2878 ex
1136 2817 1265 2884 obventu
1286 2818 1412 2901 spiritus
1431 2832 1474 2878 ne·

310 2935 404 2998 quam
426 2916 658 2995 superstruitur,
688 2936 722 2978 ex
746 2918 870 2997 originis
898 2917 969 2979 vitio
991 2919 1152 2993 antecedit,
1183 2919 1329 2982 naturale.
1345 2896 1475 3000 modam

317 3019 418 3080 modo.
453 3017 538 3092 Nam,
561 3027 593 3079 ut
615 3017 752 3093 diximus,
775 3028 899 3081 naturae
921 3020 1072 3098 corruptio
1095 3020 1150 3081 alia
1172 3028 1278 3083 natura
1300 3018 1476 3095 esthabere

317 3137 405 3184 suum
427 3119 515 3181 deum
543 3127 572 3181 et
593 3127 723 3198 patrem,
756 3119 856 3198 ipsum
885 3120 998 3183 scilicet
1027 3121 1228 3200 corruptionis
1259 3131 1422 3195 auctorem,
1453 3123 1478 3179 ut

243 3248 249 3263 ·
317 3229 415 3283 tamen
436 3221 509 3283 insit
531 3229 561 3281 et
583 3220 695 3280 bonum
717 3222 832 3282 animae
855 3221 924 3283 illud
947 3222 1125 3301 principale,
1154 3222 1225 3284 illud
1248 3223 1377 3286 divinum
1398 3230 1479 3300 atque

317 3340 506 3403 germanum,
535 3331 565 3383 et
592 3322 715 3402 proprie
736 3322 879 3384 naturale.
926 3323 1012 3396 Quod
1035 3323 1113 3386 enim
1136 3343 1152 3385 a
1175 3324 1231 3385 deo
1255 3333 1318 3400 est,
1346 3342 1406 3387 nou
1427 3331 1481 3385 tan

317 3473 341 3524 3.
360 3483 474 3525 notantur
493 3477 532 3525 lb.
574 3483 688 3525 notantur
712 3476 808 3525 intumis
836 3476 929 3541 reliqui.
964 3477 991 3526 ln
1008 3476 1033 3526 B.
1050 3493 1096 3528 noa
1114 3477 1211 3526 infamia
1229 3480 1324 3529 uncinis
1341 3478 1492 3529 nilum·

316 3541 341 3591 4.
364 3545 462 3593 animati
486 3550 510 3590 ct
534 3542 644 3592 homines
668 3559 717 3605 epo.
764 3543 877 3593 animalia
902 3545 1000 3594 nomine
1023 3545 1111 3608 (tulli.
1154 3544 1267 3595 animalia
1291 3547 1390 3595 nornine
1413 3544 1497 3606 lidii·

317 3611 427 3658 animalis
446 3609 655 3673 nomincrelipui.
707 3610 730 3659 5.
750 3620 787 3660 est
805 3613 886 3662 om.A.
938 3611 962 3661 6.
983 3620 1061 3661 tumen
1081 3614 1178 3675 naabi.
1231 3613 1255 3662 ’1.
1276 3613 1380 3663 cinicino
1398 3615 1425 3664 Α.
1466 3607 1500 3663 8·

317 3676 415 3725 alterius
434 3675 587 3725 conditionis.
612 3676 684 3724 l'lane
702 3678 888 3728 substantiaoii.
923 3678 1022 3728 alterius
1041 3681 1190 3730 condicionis
1207 3681 1456 3746 intermissiiuiipuia
1466 3680 1514 3730 A·

317 3742 341 3792 a.
359 3742 503 3792 rinolentiae
520 3746 546 3793 A.
590 3744 628 3792 10.
646 3745 771 3795 idolatriae
788 3749 830 3810 Αβ.
874 3745 912 3796 tl.
932 3748 1015 3798 viderit
1031 3748 1092 3798 tad.
1128 3748 1212 3798 viderit
1230 3751 1358 3799 mutierem
1376 3752 1415 3800 ot.
1453 3746 1517 3799 12⁴

317 3823 442 3873 appognas
459 3812 485 3859 t.
540 3808 578 3859 13.
598 3812 621 3860 in
640 3815 721 3862 ont.

385 3877 444 3940 Cap.
462 3877 519 3927 illl.
557 3878 578 3929 l.
597 3879 635 3927 DE
653 3880 734 3930 ldlLO
752 3881 791 3930 Er
809 3880 891 3933 sotto
909 3882 1027 3932 ttttattn.
1054 3881 1142 3932 bialum
1159 3882 1221 3933 Aac.

351 3976 374 4024 b.
393 3977 428 4026 rel
448 3979 526 4027 minor
544 3976 648 4045 amicus]
676 3981 790 4030 llinorem
816 3982 877 4031 ami·
963 3999 982 4033 c.
1002 3979 1099 4049 choico]
1118 3983 1191 4032 idest
1209 3982 1398 4039 deterrateclo,
1419 3981 1517 4031 lima!

317 4058 370 4093 curn
389 4045 447 4095 dicit
465 4049 504 4110 qni
523 4048 877 4111 longepotentioremamicum
928 4066 981 4110 ceo,
1000 4060 1025 4100 ut
1043 4052 1095 4115 ipsc
1114 4053 1285 4114 interpretetur
1293 4050 1425 4114 Septimius
1437 4051 1517 4099 Λᾶν

317 4112 422 4161 demisse
450 4116 507 4164 colit
535 4124 559 4164 et
585 4117 703 4165 observat.
750 4118 877 4167 Amiculum
929 4119 1044 4167 Valentia.
1072 4134 1124 4182 cap.
1142 4118 1181 4168 29.
1230 4119 1266 4168 Ci.
1292 4120 1348 4169 aar.
1372 4118 1517 4168 valentina

270 4204 275 4219 ·
316 4179 373 4228 dicit
391 4179 503 4229 lloretins
522 4182 598 4245 Epist.
621 4183 650 4231 ad
668 4183 781 4232 Scaevam
806 4179 876 4247 [lior.
928 4186 1030 4250 capit.
1059 4187 1093 4235 lie
1112 4187 1208 4235 fflsnrr.
1228 4186 1441 4248 cornicem-49.

316 4245 359 4309 Ep.
379 4247 397 4305 1,
411 4245 505 4312 tl,3.].
542 4250 570 4298 lit
592 4253 691 4301 maiores
718 4252 806 4301 ibidem
832 4267 875 4315 pro
962 4255 984 4303 d.
1004 4269 1057 4303 cnm
1077 4255 1156 4303 oltlcia
1175 4249 1324 4319 pulsantur}
1350 4253 1377 4302 ld
1396 4263 1436 4304 est
1453 4253 1517 4302 ora

316 4315 492 4376 potentioribus
518 4317 609 4366 amieis.
651 4319 695 4377 „ld
719 4327 756 4368 est
781 4320 875 4378 amicis,
927 4322 1025 4370 liciales.
1053 4322 1177 4383 tergestin.
1195 4322 1218 4370 in
1239 4322 1328 4371 Paalm.
1346 4319 1394 4370 tt:
1413 4321 1517 4384 „ona

315 4382 393 4457 inquit
411 4383 566 4446 Porphyrion,
593 4385 635 4434 sed
660 4387 683 4435 in
702 4388 876 4437 consuetudine
927 4389 966 4438 hic
984 4390 1044 4438 aiter
1062 4392 1192 4453 episcopus
1210 4399 1247 4438 est
1261 4391 1291 4439 de
1304 4399 1373 4454 parte
1384 4373 1517 4439 Donati?

316 4463 420 4498 maiores
447 4451 576 4500 dicimus.¹‘
599 4453 705 4513 (Rigalt.)
746 4454 771 4503 in
796 4455 875 4505 rer-bis
925 4457 1059 4519 Respondit
1083 4461 1198 4521 officium:
1225 4457 1276 4506 iios
1306 4472 1354 4507 non
1382 4458 1517 4506 norimrst'

314 4517 471 4579 sequentibus
489 4533 558 4579 graio
577 4522 689 4569 mendnnr
703 4523 791 4572 latebat
809 4523 875 4585 quod
924 4525 971 4573 nisi
988 4526 1110 4575 Aurelium
1130 4523 1304 4575 catholicum‘·
1321 4525 1430 4586 (Rigalt.)
1454 4524 1488 4574 ct.

315 4598 359 4645 ego
378 4586 506 4635 sustulisse
524 4587 606 4637 videor
622 4590 763 4652 reponendo
778 4593 875 4643 animati
923 4591 979 4640 adv.
1000 4593 1114 4643 Valentio.
1135 4609 1186 4658 cup.
1200 4592 1240 4645 16.
1263 4594 1298 4645 De
1315 4593 1416 4643 ltesurr.
1430 4593 1488 4643 Car·

315 4659 335 4701 et
354 4653 465 4704 bominer.
923 4660 961 4709 nis
979 4675 1032 4725 cup.
1044 4660 1082 4711 16.
