3242 5775
307 663 366 726 162
559 676 660 726 oururr
678 654 814 717 'surarum
835 673 1000 716 rnoncnrrs
1023 671 1218 717 assummum

194 848 285 904 capu.
387 824 484 886 llabes
512 840 592 884 nunc
620 823 677 885 'od
697 822 867 884 Antitheses
897 820 1060 904 expeditam
1087 820 1213 884 anobis
1234 821 1496 901 responsiuncu-

304 927 436 988 Transeo
460 941 538 985 nunc
558 923 594 984 ad
617 923 774 1001 euangelii,
798 942 869 984 sane
892 941 952 984 nou
976 921 1101 995 ludaici,
1129 922 1182 984 sed
1202 922 1335 996 Pontici,
1357 922 1499 996 interim

301 1025 456 1090 adulterati
479 1024 778 1094 demonstrationem,
805 1030 1057 1103 praestructuram
1087 1022 1222 1084 ordinem
1252 1042 1340 1102 quem
1368 1041 1499 1102 aggra-

281 1130 408 1189 'dimun
449 1125 663 1186 Constitoimus
686 1124 821 1203 inprimis
845 1123 1044 1202 evangelicum
1067 1123 1298 1184 instrumentum
1320 1123 1494 1203 apostolo·

301 1239 437 1290 auctores
460 1225 584 1297 habero,
608 1225 716 1303 quihus
739 1225 797 1285 hoc
818 1243 925 1285 munus
949 1224 1090 1303 evangelii
1112 1223 1320 1304 promulgandi
1348 1224 1386 1285 ab
1408 1223 1485 1304 ipso

301 1329 422 1390 domino
446 1327 485 1388 sit
507 1325 687 1406 impositum.
738 1324 770 1385 Si
793 1334 823 1386 ct
845 1324 1040 1404 apostolicos,
1070 1341 1130 1385 non
1160 1335 1257 1385 tamen
1287 1324 1387 1396 solos,
1418 1325 1477 1388 sed

193 1421 198 1430 ’
301 1447 367 1491 cum
390 1425 534 1506 apiostolis
557 1434 586 1486 et
607 1433 678 1503 post
698 1424 886 1503 ’apostolos,
908 1424 1046 1502 quoniam
1064 1425 1244 1503 praedicatio
1259 1424 1470 1504 discipulorum

302 1537 439 1609 suspecta
461 1527 525 1587 heri
548 1533 651 1605 posset
672 1525 708 1585 de
731 1524 842 1603 gloriae
864 1525 978 1596 studio,
1001 1526 1027 1586 si
1049 1543 1110 1586 aron
1132 1526 1257 1587 adsistat
1278 1525 1319 1587 illi
1341 1525 1465 1588 auctori-

300 1637 345 1692 tas
375 1628 598 1706 magistrorum,
632 1626 722 1686 immo
745 1624 871 1698 Christi,
904 1624 997 1703 ³quae
1022 1626 1183 1705 magistros
1210 1626 1366 1705 apostolos
1393 1626 1461 1688 lucit.

301 1729 433 1809 [lenique
455 1728 543 1788 nohis
566 1727 651 1787 fidem
682 1745 716 1786 ex
744 1725 890 1804 apostolis
911 1726 1040 1787 loannes
1073 1734 1104 1787 et
1123 1726 1288 1788 Matthaeus
1311 1727 1458 1798 iusinmo't,

300 1849 335 1891 ex
357 1827 645 1908 apostolicis-Lucas
674 1833 703 1886 et
725 1827 838 1886 Marcus
867 1826 1049 1899 instaurant,
1082 1826 1194 1888 ‘isdem
1223 1828 1334 1907 regulis
1361 1824 1457 1898 exorti,
1474 1867 1490 1894 ·.

300 1938 443 2010 quantum
465 1928 500 1990 ad
524 1928 642 1989 unicum
665 1927 752 1988 deum
775 1926 879 1986 attinet
901 1935 1064 1988 creatorem
1088 1937 1118 1988 et
1140 1927 1289 1989 Christum
1313 1929 1391 2000 cius,
1410 1943 1482 1988 nr··

300 2039 419 2091 tumea
442 2028 571 2106 virgiac,
594 2026 833 2105 supplementum
855 2026 928 2104 legis
951 2035 980 2087 ct
1001 2028 1223 2106 prophetarum.
1260 2029 1371 2092 Viderit
1389 2026 1455 2090 eoin

300 2130 325 2192 si
348 2129 550 2190 narrationum
574 2127 732 2206 dispositio
754 2126 891 2199 variavit,
924 2126 1085 2188 dummodo
1112 2129 1150 2188 de
1178 2130 1273 2220 caprile
1302 2130 1367 2192 lidei
1392 2143 1481 2190 ortt·-

300 2229 412 2302 veniat,
435 2227 472 2289 de
495 2246 554 2307 quo
577 2245 642 2288 cum
665 2227 812 2287 Marcione
836 2246 896 2287 non
919 2228 1065 2289 convenit
1098 2229 1206 2291 Contra
1228 2230 1357 2291 Marcion
1378 2243 1458 2292 eun·
1495 2283 1497 2288 .

300 2330 376 2409 gelio
397 2329 510 2391 scilicet
531 2346 587 2388 suo
609 2327 720 2387 nullum
742 2326 884 2387 adscribit
905 2336 1072 2402 auctorem,
1106 2330 1189 2408 quasi
1211 2349 1273 2392 non
1295 2331 1404 2393 licuerit
1419 2321 1460 2389 itti
1481 2363 1492 2384 .-

300 2430 415 2491 titulum
439 2446 556 2508 quoque
579 2427 719 2505 attingere
741 2427 787 2488 cui
810 2429 893 2489 nolas
917 2446 976 2488 uon
999 2429 1053 2490 luit
1075 2429 1172 2508 ipsum
1195 2449 1305 2511 corpus
1327 2439 1461 2494 evenus.

299 2528 336 2589 Et
356 2547 477 2607 possem
500 2528 548 2588 hic
569 2527 627 2587 iam
656 2527 777 2604 gradum
806 2528 912 2606 ligere,
949 2546 1010 2590 non
1038 2532 1259 2608 agnoscendum
1287 2531 1463 2595 maurum
1484 2559 1497 2582 -.

299 2645 375 2706 opus
398 2626 476 2705 quod
499 2645 560 2687 non
584 2627 677 2704 erigat
698 2628 842 2699 honrem,
867 2629 946 2707 quod
969 2629 1077 2691 nullam
1100 2633 1296 2694 constantiam
1313 2633 1497 2714 praeteri-*³

297 2728 406 2788 nullam
429 2726 516 2788 fidem
540 2726 725 2806 repromittat
746 2726 783 2787 dc
805 2727 988 2805 plenitudine
1011 2731 1087 2791 tituli
1109 2740 1140 2792 ct
1160 2734 1350 2811 professione
1370 2729 1497 2794 donna

298 2828 439 2890 auctoris.
482 2826 541 2889 Sed
569 2846 623 2908 per
652 2828 749 2888 omnia
779 2829 920 2907 congredi
942 2829 1125 2905 ⁸malumus,
1160 2850 1216 2894 nco
1244 2825 1497 2897 dissimularat}

298 2929 377 3009 quod
400 2948 435 2991 ex
457 2939 563 2988 nostro
584 2929 712 3008 intellegi
734 2937 845 3008 potest.
878 2929 951 2991 Num
975 2950 1011 2993 cx
1024 2932 1078 2995 ‘iis
1093 2936 1376 2998 commentatorihus
1389 2920 1497 3015 affl

297 3030 440 3090 hahemus
463 3028 571 3088 Lucam
600 3029 716 3090 ridetur
735 3029 866 3091 Marcion
897 3031 1024 3110 elegisse
1052 3052 1139 3112 quem
1167 3035 1330 3097 caederer.
1353 3028 1497 3113 ΡΜ

296 3129 391 3190 ercas
408 3148 467 3190 uon
483 3129 652 3206 apostolus,
675 3129 729 3191 sed
751 3131 949 3207 apostolicus,
972 3150 1032 3192 non
1045 3135 1202 3213 magister,
1226 3136 1281 3197 sed
1294 3128 1496 3216 disspolio-3

295 3230 397 3307 utique
424 3229 567 3305 magistro
596 3228 707 3302 minor,
741 3238 820 3290 certe
850 3239 931 3292 tanto
964 3234 1116 3311 posterior
1146 3243 1257 3314 quanto
1291 3210 1496 3317 posteriori

296 3328 422 3408 apostoli
446 3336 591 3401 sectator,
615 3328 697 3390 Pauli
720 3329 785 3390 sine
807 3328 928 3405 dubiot,
954 3342 986 3393 ut
1007 3341 1037 3393 ct
1059 3335 1084 3395 si
1107 3334 1163 3395 suh
1184 3335 1283 3415 ipsius
1305 3337 1387 3400 Pauli
1404 3316 1496 3399 M

294 3431 374 3490 mine
396 3428 578 3506 evangelium
594 3429 724 3491 Marcion
747 3430 914 3505 intulisset,
938 3450 999 3494 non
1022 3437 1172 3498 sulliceret
1194 3437 1230 3498 ad
1252 3438 1339 3500 tidem
1361 3428 1496 3519 stapam]

292 3530 394 3590 laritas
422 3529 613 3590 instrumenti
641 3530 780 3591 destituta
808 3532 974 3610 patrocinio
1009 3546 1245 3601 antecessorum.
1293 3524 1496 3619 Exigeretss

294 3629 372 3688 onim
396 3625 425 3682 id
448 3641 567 3701 quoquc
590 3631 770 3709 evangelium
793 3632 873 3708 quod
888 3632 996 3694 Paulus
1020 3634 1145 3708 invenit,
1168 3639 1214 3699 cui
1235 3638 1323 3700 fidem
1344 3632 1496 3713 oettttu

290 3725 337 3787 cui
362 3740 430 3782 mox
454 3739 541 3781 suum
565 3745 729 3805 congruere
751 3731 866 3810 gestiit,
890 3733 1035 3812 siquidem
1058 3748 1215 3818 propterca
1231 3728 1496 3827 Hierosolyma*

163 3820 428 3886 oo.rr.aascenrlit
449 3819 485 3876 ad
508 3831 734 3897 cognoscendos
763 3832 916 3911 apostolos
946 3843 975 3895 ct
1001 3839 1230 3912 consultandos,
1264 3859 1303 3901 ne
1330 3842 1408 3903 torto
1430 3824 1496 3901 ἶ.

278 3935 411 3985 vacuum
433 3919 629 3996 cucurrisset,
655 3928 682 3988 id
706 3939 753 3991 est
774 3950 812 3993 ne
833 3950 892 3992 uon
909 3934 1070 3997 secundum
1086 3939 1153 3999 illos
1169 3940 1347 4003 credidisset
1361 3940 1496 4003 etoou'i

269 4012 451 4086 secundum
474 4012 543 4074 illos
566 4026 789 4102 evangelizaret.
839 4032 971 4113 lienique
999 4046 1031 4097 ut
1052 4057 1119 4100 cum
1147 4041 1318 4103 auctoribus
1341 4022 1495 4105 contuli&

257 4131 297 4184 et
336 4108 475 4172 convenit
497 4112 534 4172 de
563 4124 662 4196 regula
691 4128 777 4202 fidei,
811 4132 948 4196 'dextras
977 4137 1140 4214 miscuere,
1175 4148 1205 4202 ct
1233 4141 1340 4205 exinde
1367 4112 1495 4204 ortui

356 4259 413 4319 cap.
432 4256 461 4305 ll.
499 4259 522 4308 l.
540 4265 569 4311 ad
589 4272 721 4323 antitheses
740 4280 773 4340 d,
793 4298 824 4332 eo
840 4288 952 4335 eareadot.
971 4286 1048 4338 Fuluii
1066 4291 1152 4341 Ursini.
1193 4293 1319 4341 antithesis
1338 4270 1495 4359 indocile}

225 4337 262 4384 ab
278 4326 376 4375 escis
394 4330 433 4371 out
451 4326 594 4383 autithosesl
612 4339 704 4409 reliqui.
758 4345 1121 4412 2490510rw⁰90p0mm
1157 4359 1238 4408 prop„
1256 4361 1394 4410 prum-u·
1436 4358 1495 4411 „a

218 4408 349 4461 quae
367 4389 418 4438 ⁶⁰¹³·
437 4389 544 4440 Mureni-
586 4413 626 4458 qrrr
651 4406 688 4453 ed.
711 4409 835 4464 Vaticanus
853 4414 920 4469 unua.
973 4422 997 4472 l.
1017 4425 1092 4472 isdem
1112 4427 1217 4475 laurent.
1259 4428 1345 4476 iisdem
1369 4408 1495 4493 relidi-'³

204 4460 269 4577 ⁷⁵2
329 4455 778 4585 ffl?,ssgscu'gss'ffl''ffurfflpruc
809 4491 830 4534 a
847 4487 954 4538 aweit.
1015 4490 1039 4540 o.
1058 4493 1096 4541 us
1115 4494 1168 4542 cua.
1186 4495 1302 4555 murm,
1320 4495 1361 4544 u.
1374 4495 1491 4575 rum...

320 4622 375 4681 ω’
394 4616 422 4664 n'
459 4631 480 4664 ⁸'
505 4619 592 4669 '‘um''
621 4627 713 4680 ’ΜΤ
738 4638 848 4696 Ml“3⁰¹¹
934 4653 957 4702 h.
976 4664 1090 4717 sectator,
1109 4656 1340 4721 Paulisinodohio]
1359 4632 1474 4711 Ctffid‘

188 4687 267 4799 ἱ.
275 4687 635 4811 Ξῗ’”ὅη,32ξωῃξζξζ’,““ξ]
649 4695 694 4806 2⁹·
715 4702 846 4834 'psssspppp
898 4723 1049 4833 }2{].,⁰³¹”'‘
1067 4726 1266 4790 scriputura.
1285 4727 1376 4790 opt.
1394 4722 1492 4779 ortu·

189 4816 289 4868 l-:1
307 4833 354 4868 aer.
371 4814 411 4860 tt.
973 4789 1002 4836 cii
1022 4791 1112 4841 alnou
