3242 5775
546 453 585 497 ss
606 452 863 497 rasnecsmrsoss
884 454 1125 503 nmsrreenus.
1389 448 1428 513 ta

298 600 547 677 muniminis,
578 603 636 665 ¹'et
658 604 739 665 velut
761 605 787 666 si
810 623 975 684 nusquam3
1005 597 1091 687 quisi
1118 608 1170 688 qui
1196 627 1348 690 nunquam
1371 631 1427 693 ap-

196 719 206 752 ι
237 729 248 769 r
291 701 455 781 mutem
477 704 547 766 iliud
574 706 656 784 quad
678 705 817 767 Christus
846 706 992 777 instituit,
1027 708 1136 788 ¹'qued
1164 711 1266 790 quaeri
1294 723 1425 792 oportet,

199 817 244 867 's
286 804 428 881 prdmedi
448 824 573 867 neeesse
596 805 674 871 est‘.

200 919 240 966 rt·
336 905 451 986 impune
472 915 605 980 erratur,
639 907 699 967 nisi
726 906 932 987 delinquatur3
965 910 1099 988 quamvis
1129 911 1175 971 ¹et
1202 930 1302 973 errare
1324 912 1421 975 datin·
1441 932 1529 989 capnt

213 1025 233 1066 er
271 1023 340 1085 pere
359 1018 414 1070 est.
457 1006 597 1087 impune,
629 1008 766 1086 inquam,
794 1017 919 1086 vagatur
940 1011 990 1089 qui
1013 1010 1085 1071 nihii
1107 1012 1228 1072 deserit.
1271 1013 1309 1073 At
1330 1015 1421 1085 enim,

205 1104 223 1164 d
265 1105 296 1170 ’ai
310 1108 387 1187 qued
408 1108 498 1170 debui
521 1108 644 1169 eredere
665 1107 792 1180 credidi,
823 1118 853 1169 et
874 1109 953 1170 aliud
975 1110 1073 1172 deuue
1102 1121 1175 1192 puto
1197 1113 1420 1191 requirendum,

200 1242 205 1262 ι
257 1227 329 1288 rpere
350 1210 455 1288 utique
476 1208 571 1270 'aliud
596 1227 664 1270 essa
684 1208 910 1281 inveniendum,
933 1210 1014 1271 nuile
1029 1212 1120 1272 modo
1136 1220 1310 1291 speraturus
1327 1214 1419 1285 istud,

253 1309 299 1371 n'si
325 1310 394 1389 quia
421 1318 474 1371 aut
501 1328 563 1370 non
591 1308 789 1383 credideram,
827 1310 877 1388 qui
905 1309 1026 1371 videbar
1053 1311 1232 1385 credidisse,
1266 1321 1318 1373 aut
1343 1313 1420 1374 desii

216 1410 415 1471 'cedidisse
470 1410 515 1471 ita
541 1410 631 1471 tidem
660 1429 755 1471 meam
782 1410 926 1471 deserens
961 1420 1086 1489 negator
1118 1412 1264 1472 invenior.
1318 1412 1419 1473 Semel

246 1510 380 1571 inerim:
401 1510 498 1571 Nema
521 1510 652 1589 quaerit,
676 1510 732 1571 nisi
755 1511 804 1590 qui
826 1519 877 1572 aut
899 1529 961 1571 non
983 1510 1086 1572 habuit
1106 1519 1156 1572 aut
1169 1511 1309 1590 perdidit.
1340 1512 1416 1573 Per-

243 1611 353 1671 d'derat
383 1629 474 1671 unam
502 1629 537 1671 er
565 1610 667 1671 deeem
695 1611 860 1672 ⁴drachmis
889 1631 964 1673 anus
985 1590 1061 1685 iila,¹
1083 1619 1114 1673 et
1145 1612 1212 1673 ideo
1240 1611 1415 1690 quaerebat:
1430 1585 1529 1719 {33²2

241 1711 286 1773 dri
307 1721 410 1773 tamen
432 1711 562 1783 invenie,
590 1729 735 1790 quaerere
763 1713 859 1774 desiit.
915 1712 1025 1774 Panem
1054 1711 1169 1773 vicinus
1195 1731 1257 1773 nen
1280 1711 1415 1785 habebat,
1495 1706 1501 1727 '

241 1821 268 1873 et
286 1814 355 1873 ideo
378 1810 535 1892 pulsabat:
568 1811 620 1873 ubi
642 1821 739 1873 tamen
761 1822 897 1893 apertum
919 1823 966 1874 est
987 1814 1030 1886 ei,
1059 1813 1106 1874 'et
1136 1813 1264 1893 accepit,
1297 1812 1417 1891 pulsare

197 1913 199 1954 i
242 1914 377 1976 essene
410 1912 507 1973 Vidua
527 1912 657 1974 aiudiee
672 1913 790 1991 petebat
804 1913 916 1986 audiri,
940 1914 1008 1993 quis
1030 1931 1092 1975 nen
1113 1913 1338 1976 admittebatur:
1362 1912 1416 1974 s'ed

244 2013 286 2074 fi
307 2013 410 2076 audita
434 2021 498 2084 est,
526 2014 688 2074 haetenus·
714 2014 832 2075 institit.
881 2015 963 2076 Adeo
992 2015 1060 2077 finis
1083 2022 1131 2075 est
1153 2025 1182 2075 et
1203 2013 1364 2092 quaerendi
1388 2021 1417 2073 et

243 2115 374 2194 pulsandi
396 2122 429 2175 et
450 2113 581 2193 petendi.
618 2114 734 2176 Petenti
755 2117 835 2177 enim
857 2116 989 2188 dabitur,
1013 2114 1125 2194 inquit,
1148 2122 1178 2174 et
1199 2113 1328 2191 pulsanti
1344 2131 1416 2190 ape·
1431 2128 1529 2181 tuen,

197 2243 199 2262 ι
243 2217 345 2284 retur,
370 2223 401 2276 et
422 2214 578 2293 quaerenti
601 2214 777 2277 invenietur.
821 2218 934 2278 Viderit
961 2216 1013 2295 qui
1041 2214 1158 2293 quaerit
1185 2230 1320 2291 semper,
1350 2211 1417 2290 quia

198 2315 199 2384 j
246 2333 299 2377 ssa
320 2315 446 2377 invenit.
489 2315 552 2376 illic
572 2314 671 2377 'enim
692 2317 807 2394 quaerit
828 2316 879 2379 ubi
902 2335 962 2377 non
991 2314 1184 2376 'invenietur
1232 2312 1344 2373 Viderit
1365 2312 1414 2391 qui

198 2447 199 2474 t
247 2434 359 2495 seraper
384 2415 505 2495 pulsat,
540 2416 607 2495 quia
628 2434 777 2495 nunquam
803 2418 963 2497 aperietur.
1014 2415 1104 2476 ‘illue
1132 2414 1210 2475 euim
1239 2412 1338 2493 pulsat
1365 2412 1414 2474 ubi

249 2533 330 2576 uene
350 2527 407 2578 est.
453 2516 568 2578 Viderit
589 2517 640 2597 qui
662 2535 782 2597 semper
800 2519 892 2598 petit,
915 2516 982 2597 quia
1005 2534 1155 2595 nunquam
1176 2514 1339 2576 'audietur
1370 2514 1415 2575 tn

248 2633 281 2675 ea
299 2618 376 2678 enim
397 2618 474 2697 petit
497 2618 547 2697 qui
569 2635 630 2679 nen
653 2617 743 2680 audit

198 2707 199 2716 ¹
322 2718 417 2780 Nebis
434 2718 509 2780 ¹etsi
531 2718 734 2797 quaerendum
756 2727 803 2780 est
819 2717 916 2781 adhue
930 2725 960 2780 et
974 2735 1111 2797 semper,-
1134 2717 1183 2778 ubi
1198 2724 1295 2777 umen
1312 2715 1414 2794 quaeri
1432 2725 1485 2783 cap.
1496 2724 1529 2770 ¹¹¹

249 2818 380 2900 spertess
423 2818 528 2897 ’apud
551 2819 734 2892 haereticos,
764 2819 814 2880 ubi
837 2818 936 2879 emnia
957 2826 1095 2880 extranea
1118 2824 1148 2878 et
1169 2817 1334 2878 adversaria
1358 2834 1414 2877 ne·

249 3006 281 3055 te.
297 3017 319 3055 et
337 3008 402 3056 reiut
427 3006 448 3055 si
473 3020 593 3068 nusquam
618 3021 669 3067 eqo.
712 3013 735 3053 et
759 3005 823 3054 reiut
847 3007 866 3054 si
892 3019 1010 3069 nusquam
1035 3013 1059 3053 et
1077 3005 1100 3053 d.
1153 3012 1175 3052 et
1202 3002 1271 3052 veiim
1302 3004 1322 3051 si
1352 3018 1413 3051 nun-

248 3089 308 3135 qssm
325 3080 351 3124 Δ.
397 3082 423 3121 et
441 3073 515 3121 reiiut
533 3074 569 3122 sic
588 3087 706 3136 nusquam
727 3072 764 3121 Ga.
809 3081 833 3121 et
851 3073 921 3121 setim
945 3075 980 3121 sie
1004 3085 1121 3135 nusquam
1148 3071 1187 3120 Bb.
1234 3080 1257 3118 et
1280 3071 1352 3119 veiint
1377 3085 1414 3119 me

247 3156 342 3190 ncesse
365 3154 490 3203 nusquam
509 3156 529 3189 e.
590 3140 631 3190 19.
658 3140 721 3202 quod
746 3140 828 3202 quaeri
852 3147 957 3203 eportet,
982 3139 1047 3202 quod
1073 3138 1137 3186 credi
1163 3151 1263 3186 necessa
1288 3146 1324 3186 est
1341 3138 1414 3186 tuce.

199 3232 200 3272 ς
246 3210 300 3271 qued
318 3211 383 3259 credi
403 3221 507 3257 necesse
526 3213 571 3263 est,
590 3206 655 3270 qued
675 3207 756 3270 quaeri
774 3214 870 3270 eportet
890 3206 928 3256 Ge.
970 3206 1033 3269 quod
1059 3205 1142 3267 quaeri
1162 3219 1262 3253 neeesse
1281 3213 1326 3260 est,
1350 3204 1416 3265 quod

246 3278 300 3324 erede
318 3285 417 3338 opertet
434 3277 457 3324 d.
496 3274 560 3322 Ferte.
574 3275 673 3322 Ursinus
691 3276 749 3320 tune
767 3275 841 3321 terem
859 3276 892 3320 sie
904 3276 1039 3333 rescripsit:
1059 3272 1178 3316 addicant.
1205 3271 1318 3324 Quaerite
1338 3277 1361 3315 et
1379 3270 1415 3315 in·

199 3358 200 3367 ¹
245 3353 349 3403 ιεαιιιιιςΙ
365 3343 430 3390 reiut
449 3341 473 3389 si
491 3353 611 3403 nusquam
631 3346 655 3385 et
672 3340 739 3401 quasi
758 3339 796 3400 qui
816 3352 938 3401 nunqnam
958 3335 1161 3399 adprehenderim
1182 3334 1250 3392 iilud,
1269 3333 1332 3396 qued
1347 3333 1416 3382 Chri-

244 3420 287 3458 aas
302 3410 415 3467 institnit,
435 3407 503 3471 qnod
523 3406 589 3454 credi
609 3412 715 3468 opertet,
733 3405 795 3469 quud
814 3407 898 3469 quaeri
917 3417 1019 3452 necesse
1038 3408 1083 3450 est.

300 3495 357 3556 Cap.
377 3492 418 3542 nt.
464 3492 487 3539 l.
507 3498 532 3538 et
550 3504 633 3538 errare
651 3489 676 3538 t.
712 3503 792 3538 errare
808 3491 903 3553 reliqui.
956 3486 979 3535 2
999 3484 1102 3548 quodsi
1122 3484 1143 3534 G.
1197 3483 1221 3533 3.
1240 3493 1263 3534 et
1281 3483 1415 3535 atiudded.

241 3562 396 3611 senatuis
413 3561 468 3618 u,
490 3558 606 3607 Latinius.
644 3557 758 3616 drsqsuis
775 3556 799 3604 Β.
836 3556 968 3616 didragmis
985 3555 1078 3616 reliqui.
1135 3551 1159 3600 5.
1184 3560 1207 3601 et
1225 3561 1250 3600 ut
1268 3552 1414 3615 acceptae

199 3637 201 3766 ἱ
243 3629 360 3679 fumus.
417 3627 442 3677 ὅ.
463 3626 532 3674 esim
551 3639 597 3674 est.
616 3625 667 3687 Αφ.
720 3624 744 3672 t.
763 3624 919 3673 iuveniturd.
964 3620 988 3671 8.
1008 3621 1059 3670 itttc
1078 3622 1129 3671 ted.
1174 3619 1198 3668 9.
1217 3620 1327 3669 audietur
1345 3622 1414 3669 nara.
1518 3654 1529 3669 ..

241 3699 321 3746 utitur
338 3698 437 3759 retiqsr'.

236 3779 438 3914 Hotssappnutdssb
467 3776 490 3826 1.
513 3775 561 3823 etsi
582 3773 745 3838 quaerendum
764 3783 801 3823 est
818 3774 893 3833 (esset
912 3771 941 3830 e.)
965 3772 1035 3821 Adest.
1077 3779 1100 3820 et
1118 3769 1282 3833 quaerendum
1302 3778 1339 3817 est
1354 3769 1413 3818 aco.

231 3987 303 4049 sitque
328 3983 456 4035 eenrenio
484 3975 551 4027 iliad
582 3974 710 4032 Quaerite,
742 3973 800 4023 iilud
853 3971 956 4022 maxime
980 3979 1064 4033 optant
1088 3971 1211 4028 haeretici,
1242 3972 1274 4018 uti
1299 3982 1413 4032 quaeram

227 4058 303 4104 antiret
320 4056 352 4104 de
371 4066 425 4116 qno
447 4048 548 4096 dietum
570 4049 617 4099 est,
647 4042 761 4099 Quaerite
778 4049 802 4090 et
853 4055 951 4103 semper
969 4053 1022 4087 curn
1041 4038 1084 4094 eis,
1105 4039 1173 4100 quasi
1187 4038 1292 4084 nondum
1314 4049 1413 4096 repere-

227 4134 342 4172 tsresretrs.
368 4116 491 4180 titigait.)
538 4110 608 4159 Haec
633 4109 690 4157 mihi
715 4109 800 4157 fiducia
853 4109 898 4157 rim
912 4106 976 4169 quod
989 4106 1099 4153 Christus
1111 4106 1220 4160 institnit,
1238 4104 1302 4166 qued
1322 4103 1414 4177 quaeri,

224 4201 250 4238 rs
268 4203 291 4240 nt
314 4189 474 4240 essundam
511 4179 643 4239 antiquam
674 4175 800 4224 tectionem
853 4175 918 4238 quod
937 4174 1035 4222 eredere
1055 4187 1154 4220 neeesse
1174 4171 1236 4219 est.“
1255 4167 1398 4230 (tibasprnd

223 4244 801 4309 “⁶³⁰¹'⁰⁵¹⁵¹⁰²⁰d³m⁰⁵⁵⁶³mmmm
887 4276 909 4323 b.
935 4287 1035 4322 necesse
1068 4265 1131 4333 est]
1167 4268 1272 4317 instituit
1304 4268 1415 4317 Christus

218 4341 319 4393 ²1⁸⁰·
339 4331 401 4378 ἡ·
422 4311 674 4397 ''mmmm‘'
696 4312 802 4388 Omne.
854 4343 935 4406 quaeri
961 4340 1058 4403 quidem
1077 4345 1199 4400 oportere,
1226 4336 1268 4384 sed
1288 4334 1353 4383 credi
1372 4347 1414 4381 ne·

217 4401 367 4457 nmis,
390 4400 417 4444 ,a
434 4390 519 4440 petent
535 4395 578 4430 sre
590 4392 715 4440 nusquam,
735 4392 803 4440 quaer
855 4424 924 4459 cem
943 4423 1005 4457 em·

212 4444 803 4589 aemfflfffddddded'ddedddedzd
889 4509 948 4570 Cap.
966 4506 1005 4556 Xi.
1047 4522 1068 4555 a.
1088 4497 1216 4565 haetenus]
1242 4501 1416 4548 nucerinos

210 4596 251 4652 ts.
269 4615 301 4655 ιω
318 4620 349 4654 ,c
369 4599 458 4651 rantis
472 4590 623 4638 mentior
637 4579 801 4654 quaerendum
855 4577 967 4638 amptius.
1009 4573 1059 4622 vid.
1084 4573 1175 4621 sdnett.
1203 4569 1232 4617 ed
1262 4566 1296 4614 De
1319 4563 1416 4611 Exhort

210 4682 252 4732 «κ,
269 4671 410 4740 merendi
432 4666 528 4715 finem
556 4660 612 4698 nen
624 4645 720 4705 iseram,
738 4644 801 4708 qued
854 4644 920 4693 Cast
940 4656 992 4705 esp.
1005 4641 1026 4688 t.
