3242 5775
331 651 394 717 288
585 668 687 719 uurnrr
710 666 841 711 serrruu
862 666 1027 710 ruonssrrs
1049 665 1247 710 terruncium

332 818 444 880 scilicet
465 817 627 880 adversarii
650 817 773 879 stultitia
795 818 969 897 deputetur,
994 811 1206 896 ”ecquomodo
1221 822 1325 896 potest
1344 815 1483 896 aliquidt

330 937 448 981 crucem
469 919 577 981 Christi
600 937 661 979 non
684 919 731 980 sui
754 927 871 980 creator
891 917 1118 997 pronuntiasse,
1151 935 1239 996 quem
1261 917 1417 996 ignorabat
1438 936 1483 980 cru

330 1019 540 1099 praedicabat?
591 1020 649 1080 Sed
680 1028 710 1081 et
738 1038 790 1080 eur
817 1018 894 1099 apud
922 1018 1074 1079 dominum
1105 1017 1248 1096 optimum
1277 1018 1337 1079 ¹⁴et
1362 1019 1483 1098 prolusr

330 1120 550 1183 misericordiae
572 1120 621 1181 alii
642 1120 766 1182 salntem
794 1121 943 1192 relerunt,
976 1118 1131 1180 credentes
1159 1137 1277 1181 crucem
1305 1119 1449 1181 uirtutem
1478 1142 1483 1178 t

330 1222 505 1301 sapientiam
527 1222 575 1282 dei
598 1240 681 1293 csse,
711 1220 759 1280 alii
781 1219 994 1299 perditionem,
1023 1218 1131 1298 quibus
1154 1218 1265 1280 Christi
1287 1238 1359 1281 crux
1383 1219 1483 1282 stultih'

328 1330 499 1402 reputatur,
523 1322 550 1382 si
572 1339 633 1382 non
655 1320 799 1381 creatoris
821 1328 867 1380 est
881 1319 1007 1400 aliquam
1031 1328 1061 1380 et
1082 1319 1231 1399 ¹‘'’populi
1253 1328 1283 1382 et
1304 1320 1429 1382 humani
1451 1338 1483 1400 gr

328 1423 410 1486 neris
438 1423 582 1483 offensam
610 1420 788 1481 detrimento
817 1420 980 1501 sapientiae
1009 1428 1097 1500 atque
1125 1420 1300 1499 prudentiae
1333 1420 1483 1484 multasse

248 1599 254 1614 .
327 1523 394 1585 lloc
421 1521 576 1602 sequentia
603 1521 836 1604 confirmabunt,
869 1540 936 1583 carm
963 1519 1049 1592 dicit,
1086 1501 1191 1582 Nonne
1221 1521 1401 1584 ¹⁵inlatuarit
1430 1521 1483 1586 duo

214 1597 309 1701 rfdd'r'r.
328 1623 503 1704 sapientiam
531 1621 659 1684 mnndi?
694 1641 822 1701 cumque
850 1632 878 1684 et
905 1622 955 1683 hic
975 1621 1064 1682 adicit
1085 1640 1193 1701 qnare:
1228 1622 1378 1695 Quoniam
1401 1621 1483 1684 ind«

196 1741 200 1750 ·
329 1724 473 1804 sapientia
500 1741 561 1783 non
589 1722 733 1784 intellexit
759 1723 887 1784 mundus
914 1741 969 1803 per
996 1723 1172 1802 sapientiam
1201 1722 1399 1796 ¹⁰dominum,
1431 1723 1483 1786 bot

329 1824 428 1887 duxit·
455 1824 528 1885 deus
557 1842 612 1902 per
639 1823 794 1885 stultitiam
821 1823 1051 1904 praedicationis
1078 1823 1176 1885 salios
1208 1826 1304 1886 lacere
1333 1825 1483 1886 credentur

328 1927 386 1989 Sed
408 1925 493 2005 prius
517 1924 554 1985 de
575 1924 687 1986 mundo
715 1924 904 2006 disceptabo,
940 1925 1112 2004 ¹⁷qnatenus
1144 1924 1332 1986 subtilissimi
1360 1923 1483 1988 haereh'r

327 2028 376 2089 hic
396 2027 442 2088 rel
463 2025 589 2086 maxime
610 2024 753 2087 mundum
775 2043 830 2104 per
851 2025 1005 2087 dominum
1034 2026 1135 2088 mundi
1164 2026 1415 2105 interpretantur,
1443 2043 1483 2090 tto

328 2136 424 2191 autem
446 2125 598 2188 hominem
621 2126 671 2204 qui
693 2125 733 2186 sit
753 2113 918 2188 inmundo
940 2126 1156 2206 intellegimus,
1187 2145 1222 2188 er
1250 2128 1344 2189 lorma
1373 2125 1483 2206 simplic

326 2228 460 2308 loquelae
488 2227 649 2300 hnmanae,
681 2244 738 2306 qua
765 2226 941 2306 plerumque
967 2227 998 2288 id
1027 2227 1105 2307 quod
1128 2228 1261 2288 continet
1280 2228 1421 2308 punimus
1441 2245 1483 2308 prr

230 2342 233 2354 ¹
327 2349 363 2392 eo
385 2328 465 2408 quod
481 2328 657 2389 continetur.
692 2327 795 2389 Circus
811 2326 960 2400 clamarit,
984 2337 1014 2390 et
1035 2330 1130 2389 lorum
1153 2327 1284 2389 locutum
1306 2338 1369 2402 est,
1393 2337 1421 2390 el
1439 2327 1483 2390 br·

327 2430 408 2491 silica
436 2428 571 2500 lromuit,
605 2428 635 2488 id
665 2437 713 2490 est
739 2427 788 2507 qui
818 2429 851 2489 in
871 2428 920 2490 his
942 2428 1015 2490 locis
1038 2447 1100 2490 rem
1124 2436 1257 2507 egerunt
1311 2429 1404 2509 lgitur
1427 2427 1483 2510 qr'n

325 2529 432 2603 homo,
466 2546 527 2590 non
556 2529 646 2600 deus,
680 2530 782 2591 mnndi
803 2528 835 2589 in
858 2529 1003 2610 sapientia
1026 2547 1087 2590 non
1108 2528 1248 2607 cognorit
1269 2530 1375 2603 deum,
1407 2543 1483 2610 qun

326 2648 507 2709 cognoscere
543 2628 703 2703 debuerat,
746 2638 776 2691 et
810 2629 938 2692 Iudaeus
975 2630 1006 2690 in
1045 2630 1187 2710 sapientia
1224 2630 1432 2710 seripturarum
1455 2633 1483 2690 Ι

327 2730 425 2791 omnis
447 2746 520 2808 gens
548 2728 578 2789 in
606 2729 750 2809 sapientia
778 2749 920 2810 operum,
957 2730 1024 2791 ideo
1053 2731 1126 2792 deus
1155 2719 1233 2792 idem
1261 2732 1313 2810 qui
1340 2731 1415 2793 luin
1436 2745 1483 2790 rt·

324 2830 435 2911 pientia
464 2847 517 2891 sua
546 2847 608 2890 non
637 2838 701 2892 erat
727 2831 873 2912 ¹'agnitus
906 2831 1009 2894 statuit
1034 2831 1209 2911 saquientiam
1236 2832 1390 2895 hominum
1415 2827 1483 2894 stul·

326 2930 388 2992 titia
420 2940 624 3010 repercutere,
658 2931 757 2993 salvos
785 2932 920 2995 iaciendo
953 2933 1110 2994 medentes
1139 2951 1274 3013 quosque
1304 2932 1363 2995 ¹’in
1389 2928 1483 2995 ’aad

159 3046 310 3098 'taratra
324 3039 383 3092 tam
406 3031 502 3092 crucis
525 3031 781 3110 praedicationem.
828 3033 975 3105 Quoniam
999 3034 1099 3095 ludaei
1121 3034 1205 3112 signa
1227 3032 1409 3105 desiderant,
1437 3044 1483 3113 ql.

324 3131 379 3193 iarn
402 3132 439 3192 de
462 3131 518 3192 deo
549 3131 622 3192 certi
649 3150 718 3192 esse
745 3131 925 3206 debuerant,
954 3143 985 3195 et
1005 3134 1108 3195 Graeci
1137 3134 1312 3213 sapientiam
1339 3132 1483 3214 quaerito!

324 3231 374 3311 qui
396 3249 480 3291 suam
504 3231 629 3302 scilicet,
653 3249 714 3290 non
737 3231 802 3304 dei,
828 3231 1004 3310 sapientiam
1027 3233 1146 3294 sistunt.
1190 3233 1327 3295 Ceterum
1350 3234 1376 3295 si
1395 3242 1483 3294 nort!

323 3332 397 3394 deus
418 3331 654 3410 praedicaretur,
677 3329 747 3409 qnid
769 3329 955 3409 deliquerant
975 3331 1075 3394 ludaei
1098 3332 1181 3411 signa
1199 3332 1400 3395 desiderantes
1419 3326 1483 3415 qui-

319 3433 376 3493 bus
400 3431 569 3503 crederent,
592 3429 758 3492 autGraeei
780 3431 957 3510 sapientiam
980 3441 1127 3493 sectantes
1143 3432 1189 3493 cui
1205 3435 1300 3512 magis
1315 3422 1483 3501 eraderent*

319 3534 363 3593 lta
392 3541 422 3592 et
448 3531 648 3592 remuneratio
676 3531 742 3610 ipsa
771 3531 802 3592 in
830 3531 955 3594 ludaeos
987 3542 1016 3594 et
1043 3532 1172 3594 Graecos
1203 3543 1234 3595 et
1259 3530 1483 3607 zelotcndeu,

321 3631 476 3692 confirmat
498 3641 527 3691 et
549 3632 690 3704 iudicem,
723 3632 772 3710 qui
795 3650 831 3693 ex
853 3631 1076 3695 ²¹retributione
1103 3632 1217 3693 aemula
1246 3641 1277 3694 et
1296 3634 1391 3697 iudice
1408 3630 1483 3713 infir

321 3730 447 3791 tuarerit
467 3731 640 3810 sapientiam
662 3731 775 3793 mundi.
808 3731 926 3805 Quodsi
942 3733 1006 3795 eius
1028 3741 1099 3794 sunt
1119 3743 1150 3794 et
1170 3752 1278 3796 causac
1299 3735 1382 3797 οιιίιιι
1401 3724 1483 3807 athi,

318 3830 427 3891 hentur
447 3829 625 3909 scripturae,
654 3849 725 3910 ergo
747 3830 833 3894 ²¹¹'de
860 3841 995 3895 creatore
1024 3841 1152 3894 hastam
1180 3836 1337 3915 apostolus
1358 3852 1416 3897 non
1434 3830 1483 3893 in

179 3943 304 3995 iconias.
319 3929 436 3991 telleoto
468 3928 660 3992 2²creatorem
694 3932 794 4011 ntique
833 3933 920 3996 docet
956 3933 1226 4013 ¹'intellegendum
1283 3935 1378 3998 Etiam

318 4029 488 4090 scandalum
510 4029 627 4091 ludaeis
648 4031 798 4109 praedicat
820 4032 985 4107 Christum,
1014 4034 1204 4114 prophetiam
1231 4053 1323 4114 super
1342 3932 1483 4115 illua

165 4124 310 4227 Ῑὶῖἦῐυᾞᾎ·
319 4129 415 4207 signat
437 4131 598 4203 creaturis,
622 4130 747 4193 dicentis
769 4149 824 4211 per
843 4132 978 4207 Esaiam,
1006 4132 1082 4195 Ecca
1102 4134 1191 4214 posui
1213 4134 1244 4196 in
1267 4136 1342 4199 Sion
1360 4130 1483 4223 lapitas

318 4229 493 4290 offensionis
516 4238 545 4290 et
567 4238 680 4308 petram
702 4231 846 4306 scandali3
877 4241 961 4313 petra
995 4243 1093 4295 autem
1120 4234 1176 4296 luit
1197 4234 1345 4300 Christus.
1392 4224 1483 4323 ΕΜ

318 4346 357 4396 1³.
377 4350 527 4411 ecquomodo
546 4364 596 4411 epo.
637 4358 660 4398 et
678 4350 799 4412 quomodo
825 4352 880 4401 ttors·
898 4368 984 4403 omnes.
1043 4352 1082 4401 ll.
1108 4367 1135 4401 er
1159 4353 1274 4417 prulesro
1298 4354 1393 4405 trabere
1414 4340 1483 4403 w

318 4414 421 4463 sulutem
440 4417 465 4464 B.
521 4415 581 4464 ltu.
601 4415 684 4480 populi
703 4416 788 4468 liuhad.
807 4418 947 4469 doratensis.
989 4419 1081 4483 populo
1101 4419 1124 4468 C.
1178 4421 1217 4470 to.
1237 4420 1406 4473 infatuabitd.
1443 4406 1483 4463 Ψ

318 4480 407 4529 domini
427 4483 451 4530 u.
492 4481 563 4530 deum
587 4484 624 4531 cd.
679 4482 717 4532 l'l.
737 4485 849 4547 quatinus
870 4486 892 4535 C.
942 4486 1080 4550 quantisd.
1144 4486 1205 4536 l'lh.
1225 4487 1248 4536 in
1267 4476 1483 4553 sapientiam·¹

317 4548 455 4598 doratensis.
490 4548 652 4607 saptentiae.
697 4549 736 4599 18.
756 4551 882 4614 adagnitus
903 4553 1024 4604 Vaticanus
1040 4567 1110 4602 unus.
1154 4552 1193 4603 19.
1211 4568 1257 4618 per
1273 4556 1411 4606 Fuluius.
1440 4524 1483 4603 'd

315 4615 414 4664 stultitia
434 4616 547 4664 crucisB.
589 4613 628 4664 21.
648 4617 805 4668 retributione
823 4620 890 4669 obed.
910 4621 1049 4670 Gorsierrsir.
1084 4620 1271 4673 tributinnudc.
1313 4616 1483 4673 hlbdsffl

316 4688 421 4731 tractans
439 4685 472 4742 d.,
491 4683 556 4731 Folo.
565 4683 669 4731 Ursinus.
723 4682 763 4736 22.
783 4695 916 4737 creatorem
935 4703 985 4751 eqo.
1025 4686 1056 4737 de
1074 4696 1184 4738 creatore
1202 4690 1225 4739 d.
1270 4698 1380 4741 creatore
1393 4686 1434 4739 rell

235 4793 248 4819 0
316 4748 355 4798 23.
376 4749 538 4811 intellegendo
555 4749 582 4798 u.
817 4744 821 4759 '
1207 4786 1210 4791 -

350 4864 370 4898 c.
389 4851 448 4899 boni
464 4846 542 4916 duxit]
565 4839 729 4909 stotzam,
749 4860 775 4901 ut
793 4868 862 4918 capp.
879 4853 910 4903 tt
928 4862 952 4904 ut
971 4854 1010 4905 to.
1028 4854 1191 4917 (tutunus.)
1460 4822 1483 4911 ⁸³.
