3242 5775
651 652 690 695 na
713 650 807 696 sanun
829 639 954 696 cantori.
1315 637 1385 700 ’447

213 804 330 868 risibile
350 802 527 882 habebatur,
550 803 619 883 quia
640 820 698 866 nec
716 802 766 864 hic
786 802 971 865 mendacium
993 810 1045 865 aut
1057 802 1212 890 infirmitas
1228 803 1286 865 deo
1300 822 1386 867 com·

215 906 305 987 petit3
334 905 533 978 mendacium,
561 904 588 966 si
615 903 694 966 aliud
716 904 844 966 animam
865 890 953 985 quam
974 904 1055 985 quod
1077 912 1141 967 erat
1162 904 1386 981 demonstrarit,

219 1007 387 1079 infirmius,
416 1008 442 1070 si
464 1007 494 1069 id
517 1005 597 1087 quod
619 1014 683 1068 erat
702 1005 910 1068 demonstrare
937 1023 998 1068 non
1019 1005 1119 1068 valuit
1162 1005 1257 1068 Nemo
1280 1014 1387 1070 osten·

222 1108 285 1171 dere
306 1108 439 1171 ²¹volens
461 1107 614 1170 hominem
635 1106 809 1170 ”cassidem
840 1115 891 1170 aut
911 1125 1073 1188 personam
1095 1108 1121 1171 ei
1144 1108 1266 1171 inducit.
1300 1108 1390 1172 lloo

225 1218 315 1273 autem
337 1213 446 1272 lactum
468 1218 516 1272 est
535 1208 695 1281 ”animam
724 1209 751 1271 si
777 1209 809 1271 in
838 1227 926 1271 carue
946 1208 1118 1272 ²‘conversa
1146 1209 1272 1271 alienam
1293 1209 1391 1275 induit
1457 1249 1460 1264 ·

228 1312 417 1393 superficiem.
462 1311 522 1373 Sed
544 1320 574 1373 et
595 1311 628 1373 si·
642 1311 839 1392 incorporalis
861 1311 958 1373 anima
979 1311 1155 1390 deputetur,
1188 1302 1221 1374 ut
1234 1311 1340 1392 ‘aliqum
1360 1312 1391 1376 ri

229 1414 343 1476 nocuis
365 1413 480 1476 occulta
501 1412 542 1474 sit
561 1413 679 1493 quidem
697 1413 814 1486 anima,
837 1431 945 1492 eorpus
968 1421 1064 1475 tamen
1086 1431 1147 1476 non
1170 1413 1225 1488 sit,
1250 1413 1390 1495 quioquid

232 1524 268 1578 ut
285 1516 400 1591 anima,
429 1515 584 1596 ²‘proinde
604 1514 790 1595 impossibile
811 1513 868 1576 deo
897 1532 959 1576 nnn
987 1522 1066 1589 erat,
1095 1523 1125 1577 et
1145 1515 1302 1597 proposito
1325 1516 1391 1580 cius

233 1617 432 1698 congruentius
449 1616 655 1697 competebat,
677 1635 754 1678 nova
776 1616 871 1696 aliqua
893 1617 1029 1696 corporis
1044 1616 1143 1698 specie
1156 1616 1248 1680 ”mm
1263 1619 1391 1681 demon·

235 1727 316 1782 stare
337 1738 425 1799 quam
447 1718 506 1780 ista
526 1718 674 1780 communi
697 1718 845 1793 omnium,
869 1717 989 1780 alterius
1012 1718 1068 1780 iam
1091 1718 1232 1793 notitiae,
1265 1737 1305 1782 us
1324 1720 1391 1783 sino

237 1838 309 1908 oum
329 1820 478 1882 risibilem
499 1819 563 1881 ²'eu
583 1819 723 1882 invisibili
745 1822 842 1881 lacere
864 1819 1007 1899 gestisset
1024 1819 1167 1894 animam,
1189 1821 1258 1883 istis
1279 1821 1396 1886 scilicet

237 1922 445 1999 questionibus
466 1931 681 2002 opportunam,
704 1940 758 2003 per
780 1921 878 1983 carnis
900 1921 1061 1984 ”inillam
1076 1923 1221 1985 humanae
1236 1924 1390 1987 defensio·

237 2025 320 2086 nemi.
365 2024 425 2085 Sed
447 2041 510 2085 non
530 2031 648 2105 poterat
669 2023 804 2085 Christus
826 2023 904 2085 inter
924 2006 1077 2085 homines
1094 2024 1154 2085 nisi
1175 2025 1266 2087 homo
1288 2025 1390 2089 videri.

238 2123 323 2197 lladde
344 2125 435 2206 igitur
456 2125 574 2187 Christo
596 2126 684 2187 iidem
706 2144 807 2199 suam,
835 2133 869 2188 ut
895 2126 945 2204 qui
973 2126 1063 2186 homo
1090 2126 1218 2188 voluerit
1241 2128 1392 2203 incedere,

239 2228 349 2290 ammam
372 2246 491 2307 quoque
513 2228 658 2289 humanae
679 2227 864 2289 condicionis
879 2226 1088 2302 ”ostenderit,
1111 2245 1171 2289 non
1193 2227 1304 2291 indens
1327 2248 1391 2292 mm

241 2344 378 2401 umam,
400 2329 455 2390 sed
477 2328 604 2390 induens
626 2348 690 2391 eam
713 2348 812 2391 carne.

309 2431 440 2493 Ostensa
455 2431 495 2491 sit
509 2449 587 2492 nunc
601 2431 697 2492 anima
708 2450 763 2511 per
775 2449 904 2504 carnem,
918 2430 943 2492 si
956 2431 1124 2493 constiterit
1134 2430 1212 2494 illam
1229 2430 1392 2494 ostendeu-
1412 2449 1520 2511 cip-tu.

243 2528 294 2593 dsm
307 2533 439 2613 'quoquo
454 2533 544 2597 modo
560 2530 663 2605 luisse,
676 2532 722 2593 ’id
731 2541 777 2594 est
788 2532 967 2611 incognitam
981 2532 1038 2594 sibi
1053 2540 1083 2594 et
1094 2532 1191 2594 nobis.
1208 2532 1393 2614 Quamquam

243 2631 330 2696 inhoc
341 2652 417 2695 vana
439 2633 588 2696 distinctio
612 2641 674 2706 est,
698 2633 783 2712 quasi
799 2651 857 2694 nos
874 2652 1011 2696 seorsum
1028 2633 1063 2695 ab
1079 2635 1176 2697 anima
1191 2635 1303 2710 simus,
1325 2653 1393 2698 oum

245 2740 322 2796 totum
343 2736 423 2817 quod
446 2753 550 2815 sumus
572 2734 670 2796 anima
692 2734 741 2795 sit.
778 2734 911 2814 lienique
934 2735 999 2797 sine
1014 2737 1110 2798 anima
1125 2735 1198 2797 nihil
1213 2755 1335 2811 sumus,
1356 2755 1396 2800 no

244 2831 357 2901 luminis
380 2836 514 2918 quidem,
539 2836 593 2899 sed
616 2835 766 2898 cadaveris
781 2854 901 2900 nomen.
930 2837 961 2899 Si
976 2856 1047 2918 ergo
1063 2838 1235 2919 ignoramus
1258 2839 1395 2912 animam,

243 2932 339 3014 ipsese
353 2939 481 3018 ignorat
503 2939 561 3001 ³lta
577 2948 714 3018 superest
728 2938 786 2999 hoe
801 2939 989 3002 solummodo
1012 2941 1176 3021 inspicere,
1199 2960 1237 3003 an
1252 2960 1285 3004 se
1300 2942 1396 3004 anima

243 3035 294 3100 ‘lic
306 3040 457 3120 ignorarit,
470 3048 503 3102 ut
517 3049 586 3102 nota
602 3041 731 3120 ‘quoquo
745 3041 939 3129 modoplieret.
957 3042 1080 3122 Opinor,
1094 3042 1242 3104 sensualis
1253 3044 1317 3105 ‘est
1328 3044 1395 3106 ani·

241 3156 298 3200 mae
309 3150 420 3204 natura.
443 3143 523 3204 Adeo
539 3143 613 3203 nihil
628 3125 751 3204 animale
767 3144 833 3204 sine
848 3162 950 3214 sensu,
966 3144 1039 3205 nihil
1055 3144 1193 3205 sensuale
1209 3143 1275 3205 sine
1290 3144 1396 3206 anima.

241 3238 271 3302 u
281 3250 311 3302 ut
324 3242 514 3325 'impressius
527 3243 662 3317 dixerim,
679 3245 792 3305 animae
807 3245 904 3306 anima
920 3264 1028 3305 sensus
1045 3253 1100 3305 est.
1115 3243 1284 3322 lgiturcum
1296 3246 1396 3306 omni·

240 3339 284 3406 lus
304 3345 400 3407 anima
422 3346 534 3407 sentire
556 3355 703 3425 praestet,
734 3356 763 3407 et
785 3347 849 3425 ipsa
872 3345 980 3406 sentiat
1002 3343 1132 3405 omnium
1162 3344 1249 3405 etiam
1277 3363 1396 3417 sensus,

241 3447 337 3509 nedum
361 3447 531 3526 qualitates,
564 3448 627 3508 ⁸cui
648 3447 810 3509 verisimile
832 3457 879 3508 est
900 3455 933 3507 ut
954 3447 1018 3525 ipsa
1040 3464 1161 3507 sensum
1185 3445 1231 3505 sui
1255 3444 1289 3504 ah
1312 3444 1397 3505 initio

241 3550 332 3611 sortita
344 3548 480 3611 nonsit?
502 3549 586 3610 Unde
598 3549 639 3610 illi
650 3550 726 3611 scire
741 3547 838 3627 ”quod
854 3547 1000 3609 interdum
1013 3546 1069 3608 sibi
1082 3546 1121 3606 sit
1132 3547 1344 3620 necessarium,
1361 3565 1396 3608 ex

241 3648 433 3713 ”naturalium
454 3652 649 3724 necessitate,
672 3652 696 3711 si
720 3669 780 3711 non
803 3649 861 3711 soit
882 3667 965 3711 suam
987 3648 1168 3728 qualitatem,
1192 3648 1238 3709 cui
1254 3649 1323 3727 quid
1341 3667 1396 3710 ne-

240 3752 393 3813 cessarium
411 3751 480 3814 est?
502 3753 566 3814 lloo
581 3753 698 3831 quidem
710 3752 740 3812 in
756 3751 837 3812 omni
852 3751 947 3812 anima
964 3769 1177 3828 recognoscere
1192 3758 1248 3823 est,
1264 3749 1398 3811 notitiam

241 3855 277 3914 sui
297 3854 381 3927 dico,
404 3854 470 3915 sine
492 3874 548 3934 qua
570 3854 672 3915 notitia
690 3854 736 3914 sui
751 3853 829 3914 nulla
845 3852 968 3913 ”anima
983 3873 1016 3914 se
1032 3851 1217 3914 ministrare·
1240 3852 1398 3930 potuisset.

241 3969 372 4024 ttvuuu
391 3975 471 4024 omli.
524 3973 565 4022 22.
584 3974 701 4023 cassidem
720 3975 745 4022 Β.
797 3972 838 4023 23.
858 3972 961 4022 animale
980 3973 1040 4022 dcl).
1093 3972 1133 4021 24.
1153 3974 1176 4021 in
1195 3986 1398 4022 earnoeonrersa

242 4042 266 4102 d,
283 4058 312 4091 er
329 4044 442 4092 emendat.
462 4042 562 4091 Rleucui
581 4051 601 4092 et
620 4043 695 4090 Fuluii
714 4043 798 4091 Ursini.
844 4042 866 4090 in
886 4056 957 4089 carne
976 4055 1115 4089 coliversum
1135 4041 1160 4090 ll.
1202 4040 1225 4089 in
1251 4055 1322 4090 carne
1340 4055 1399 4089 con-

242 4121 323 4159 versam
342 4112 435 4174 reliqui.
472 4125 615 4158 conversans
627 4111 671 4159 lor.
684 4111 793 4172 Scaliger.
829 4111 852 4159 in
872 4124 967 4158 carnem
987 4123 1124 4157 conversam
1136 4109 1249 4158 latinius.
1284 4107 1324 4158 25.
1343 4124 1399 4171 per·
1508 4130 1510 4134 ³

242 4174 330 4227 indeG.
383 4176 423 4226 26.
443 4192 494 4226 eam
514 4179 680 4227 demonstrare
699 4178 778 4226 om.B.
831 4176 871 4227 tt.
892 4185 915 4226 ot
933 4177 1073 4225 invisibilem
1093 4177 1115 4225 C.
1168 4175 1399 4225 28.inillamhu-

243 4256 316 4294 manse
340 4245 508 4295 dolensionem
536 4249 612 4306 oded,
633 4262 662 4294 es
680 4247 747 4295 codd.
767 4247 885 4311 Gougueii.
929 4245 1047 4295 hnmanae
1071 4244 1236 4293 defensionem
1259 4245 1353 4309 reliqui,
1380 4253 1400 4293 ct
1470 4302 1472 4307 Ι

243 4315 306 4362 coda
321 4314 418 4363 Pitlcoei.
471 4313 510 4362 29.
530 4315 667 4363 ostenderet
685 4314 709 4361 lt.

301 4381 359 4445 Cap.
378 4382 428 4430 xlt.
475 4382 496 4429 l.
516 4398 562 4445 qno
583 4382 654 4430 modo
673 4381 837 4441 iuissoliw„
857 4381 993 4430 Fclunius.
1052 4378 1076 4430 2.
1095 4386 1118 4428 et
1136 4379 1278 4441 incognitam
1298 4381 1322 4429 B.
1365 4381 1399 4429 rel

244 4446 378 4510 incognitam
399 4450 423 4499 C.
485 4448 508 4497 ³.
528 4450 609 4513 ltaque
628 4451 672 4509 cd,
699 4466 727 4498 ec
744 4465 789 4499 uuo
811 4450 977 4499 Voticouorum.
1034 4447 1058 4496 4.
1083 4448 1122 4497 hic
1139 4448 1255 4510 ignorarit
1272 4450 1347 4510 clod„
1373 4464 1402 4497 er

244 4514 301 4566 liliis
320 4518 439 4580 Gongoeii.
493 4517 516 4565 5.
535 4534 583 4581 quo
602 4517 673 4566 modo
692 4517 764 4578 aco,
785 4517 921 4566 Fr.lunius.
973 4515 996 4564 6.
1016 4523 1053 4564 est
1070 4532 1114 4566 om.
1127 4516 1153 4565 B.
1204 4515 1229 4566 Ἰ.
1247 4517 1356 4580 pressius
1374 4517 1401 4566 li.

243 4580 262 4631 8.
279 4585 317 4649 qui
336 4587 364 4636 lt.
416 4585 442 4635 9.
461 4585 518 4648 quid
536 4587 579 4635 BC.
634 4585 671 4634 10.
691 4584 836 4634 nstirralinm
855 4586 948 4634 BCllod.
967 4585 1041 4635 endec
1056 4585 1151 4635 Pitlroei.
1194 4584 1296 4634 naturali
1315 4585 1401 4648 cugio.

246 4649 277 4701 ll.
296 4655 376 4703 anima
394 4669 407 4702 a
426 4668 453 4702 so
471 4656 529 4715 obe,
550 4670 579 4703 es
596 4654 662 4702 libris
682 4653 799 4716 Gougaeii.

272 4754 292 4803 b.
320 4757 344 4805 in
374 4754 441 4804 illam
464 4755 582 4804 humanae
608 4750 794 4819 defensionem]
846 4753 973 4803 uindicare.
999 4752 1277 4813 contenderunt.
1296 4751 1401 4813 V,9.10.

243 4817 405 4873 Detensionem
437 4823 495 4872 dicit
521 4824 690 4872 adsertionem.
734 4823 794 4872 llam
881 4821 999 4885 Capilll.
1027 4838 1048 4873 a.
1067 4819 1258 4885 seministrnre]
1276 4820 1303 4870 ld
1321 4827 1402 4870 estse

242 4889 355 4954 degerim
373 4892 491 4958 Septimio
510 4893 560 4942 lere
573 4899 610 4941 cst
618 4907 663 4956 pro
672 4891 794 4953 adserere,
845 4891 924 4955 ipsam
940 4904 985 4956 per
1001 4905 1029 4942 so
1041 4892 1159 4959 praebere
1177 4903 1230 4940 eom
1248 4889 1341 4940 radone
1358 4887 1402 4938 ad-
