3242 5775
580 646 618 688 ott
640 646 887 721 nesunnucrtotqtt
911 649 1025 693 GARMS·
1329 635 1394 698 505

214 792 415 867 dicationem
438 802 547 855 statum
571 795 649 857 enim
673 796 847 858 ludaeorum
866 798 1026 859 delormari
1049 796 1267 877 quodammodo
1290 818 1392 861 emor·

216 904 301 957 tuum
325 905 355 956 et
377 895 528 957 exaridum
551 904 582 956 et
603 896 772 974 dispersum
796 898 825 958 in
849 916 953 976 campo
976 898 1070 959 orbis.
1107 898 1226 978 ⁴ltaque
1241 908 1271 960 et
1285 900 1391 980 imagi-

214 1014 285 1057 nem
308 996 539 1057 resurrectionis
562 997 591 1057 in
620 997 702 1058 illum
724 998 941 1076 ⁵allegorirari,
976 998 1042 1076 quia
1071 999 1202 1077 recolligi
1229 999 1337 1061 habeat
1362 1011 1395 1062 et

215 1097 402 1176 recompingi
426 1116 460 1158 os
482 1097 518 1158 ad
542 1116 593 1168 os,
625 1096 653 1157 id
677 1107 724 1158 est
745 1098 859 1160 ⁰tribus
881 1098 918 1159 ad
940 1097 1048 1159 tribum
1072 1109 1101 1160 et
1122 1100 1253 1180 populus
1275 1100 1313 1162 ad
1334 1118 1392 1179 po-

213 1198 336 1278 pulum,
360 1205 391 1258 et
411 1197 597 1277 recorporari
619 1198 775 1260 'carnibus
797 1199 966 1259 facultatum
996 1206 1027 1259 et
1046 1198 1148 1260 nervis
1169 1200 1272 1279 regni,
1305 1208 1394 1281 atque

215 1299 256 1359 ita
279 1298 318 1359 de
340 1298 523 1377 sepulchris,
547 1298 576 1358 id
600 1305 647 1359 est
668 1298 704 1359 de
727 1283 900 1359 habitaculis
919 1298 1094 1378 captivitatis
1110 1300 1290 1362 tristissimis
1306 1311 1394 1381 atque

215 1398 412 1471 ‘teterrimis‚
445 1399 529 1460 educi
552 1407 583 1459 et
604 1399 750 1476 retrigerii
772 1399 894 1459 nomine
915 1398 1094 1479 uespirarib
1116 1409 1146 1461 et
1167 1400 1265 1463 vivere
1288 1402 1394 1465 exinde

215 1498 246 1559 in
269 1509 351 1560 terra
372 1517 425 1559 sua
449 1499 565 1587 ludaea.
610 1499 647 1559 Et
668 1500 739 1578 quid
761 1509 831 1579 post
858 1498 955 1561 haec?
998 1500 1165 1562 Morientur
1194 1501 1261 1563 sine
1290 1502 1393 1565 dubio.

216 1598 253 1660 Et
275 1600 346 1679 quid
368 1598 611 1679 postmortem?
654 1600 755 1672 Nulla,
779 1601 902 1678 opinor,
926 1600 1160 1674 ¹⁰resuseitatio,
1188 1603 1214 1663 si
1236 1621 1298 1663 nun
1320 1603 1394 1665 hacc

218 1700 274 1760 erit
295 1700 361 1780 ipsa
383 1718 457 1778 quae
480 1700 625 1761 Ezechieli
648 1699 805 1761 revelatur.
848 1701 935 1762 ¹'Sed
958 1701 1036 1761 enim
1060 1709 1089 1761 et
1111 1700 1183 1763 alias
1206 1702 1394 1782 praedicatur

219 1785 416 1874 resurrecti03
439 1818 509 1878 ergo
533 1800 592 1861 ¹'et
613 1800 685 1861 haec
707 1802 779 1873 erit,
804 1810 834 1861 et
855 1809 966 1862 temere
989 1801 1019 1861 in
1043 1811 1149 1863 statum
1174 1820 1238 1864 eam
1259 1802 1392 1865 ludaiea·

223 1918 282 1961 rum
305 1919 405 1961 rerum
422 1909 607 1962 convertunt.
639 1904 696 1961 hut
718 1901 743 1963 si
766 1901 821 1962 alia
844 1911 891 1962 est
912 1902 958 1962 illa
982 1920 1069 1980 quam
1092 1902 1296 1978 defendimus,
1318 1902 1393 1965 nibil

226 2018 284 2062 mea
317 2002 458 2069 interest,
490 2001 559 2061 dum
590 2002 628 2061 sit
656 2011 686 2061 et
712 2020 871 2081 corporum
901 2002 1097 2074 resurrectio,
1132 2002 1210 2063 sicut
1240 2011 1271 2065 et
1291 2022 1391 2065 rerum

229 2099 414 2163 Iudaicarum.
457 2102 590 2180 Denique
612 2101 670 2162 hoc
691 2102 774 2181 ipso,
804 2102 883 2181 quod
905 2103 1083 2163 recidivatus
1106 2103 1214 2164 tutatci
1238 2112 1334 2166 status
1356 2103 1393 2165 de
1478 2148 1488 2164 e

233 2198 488 2281 ”recorporatione
512 2202 568 2262 ¹⁴et
591 2201 828 2263 ¹⁵readunatione
851 2203 1003 2263 ¹⁶ossuum
1025 2203 1182 2279 liguratur,
1215 2203 1244 2263 id
1261 2221 1393 2282 ‘quoque

235 2310 392 2363 uenturum
416 2303 537 2363 ossibus
559 2302 713 2381 probatur.
753 2303 819 2362 Non
843 2303 921 2363 enim
945 2303 1077 2381 ¹'posset
1098 2303 1134 2363 de
1157 2302 1278 2364 ossibus
1300 2303 1393 2381 figura

238 2403 373 2482 componi,
397 2403 423 2464 si
446 2420 507 2462 non
530 2402 558 2462 id
581 2403 680 2482 ipsum
704 2410 732 2462 et
754 2402 875 2463 ossibus
899 2411 1072 2463 eventurum
1094 2411 1186 2491 esset.
1240 2402 1314 2462 Nam
1337 2401 1393 2464 etsi

240 2499 389 2578 figmentum
412 2502 544 2563 veritatis
568 2502 625 2563 ¹⁸in
648 2503 774 2581 imagine
797 2513 860 2577 est,
883 2503 980 2580 imago
1003 2502 1067 2581 ipsa
1088 2503 1119 2564 in
1134 2502 1257 2564 veritate
1272 2510 1319 2563 est
1333 2502 1393 2564 sui.

241 2598 349 2665 Necesse
371 2614 418 2665 est
440 2621 508 2663 esse
530 2602 614 2681 prius
637 2602 694 2663 sibi
717 2621 776 2680 quo
799 2602 848 2662 alii
871 2603 1081 2681 configuretur.
1126 2602 1169 2664 lle
1191 2621 1282 2664 vacuo
1306 2602 1392 2663 simi-

243 2697 314 2763 ltudo
334 2722 395 2764 non
419 2702 576 2781 competit,
599 2703 636 2763 de
659 2702 738 2763 nullo
761 2702 900 2780 parabola
923 2721 983 2763 non
1000 2704 1147 2764 convenit
1183 2703 1226 2764 lta
1243 2701 1394 2782 oportebit

245 2796 371 2864 ¹’ossuum
394 2821 513 2882 quoque
528 2803 607 2863 credi
623 2803 887 2863 reviscerationem
904 2812 931 2863 et
948 2804 1186 2882 respirationem,
1210 2804 1304 2882 qualis
1316 2802 1393 2864 dici·

245 2906 290 2973 tur,
319 2904 354 2964 de
376 2924 432 2983 qua
461 2905 558 2983 possit
587 2904 710 2981 exprimi
735 2904 916 2965 Iudaicarum
945 2924 1043 2966 rerum
1073 2905 1263 2977 reformatio,
1298 2902 1393 2983 qualis

244 2995 416 3084 ”adfingitur
451 3005 508 3064 Sed
533 3004 625 3082 magis
647 3006 819 3084 religiosum
842 3013 888 3066 est
909 3006 1062 3066 veritatem
1084 3005 1149 3067 ²¹de
1166 3024 1238 3067 suae
1259 3003 1392 3066 ''aucto-

245 3098 309 3164 tt'tate
327 3105 551 3182 ”simplicitatis
575 3105 709 3172 delendi,
733 3124 820 3183 quem
845 3125 953 3166 sensus
972 3106 1087 3165 divinae
1101 3105 1316 3184 propositionis
1339 3123 1392 3166 ex·

244 3205 358 3272 postulat.
410 3205 440 3264 Si
470 3205 547 3265 enim
578 3206 614 3265 ad
641 3224 690 3266 res
719 3206 851 3266 ludaicas
881 3215 1029 3283 spectaret
1063 3204 1136 3265 haec
1165 3206 1257 3274 visio,
1293 3204 1393 3265 stah'm

245 3303 348 3366 revelato
372 3306 432 3365 situ
454 3305 609 3366 ²‘ossuum
625 3306 818 3377 subiecisset,
842 3304 918 3365 Ossa
935 3306 991 3366 ista
1008 3306 1106 3366 omnis
1122 3305 1229 3364 rlomus
1244 3303 1394 3365 ¹‘Israelis

245 3409 290 3473 itt,
314 3415 344 3466 et
364 3416 462 3467 cetera
485 3406 636 3482 deinceps.
679 3409 716 3466 At
738 3424 804 3465 cum
828 3406 959 3466 ostensis
983 3404 1102 3466 ossibus
1130 3405 1168 3464 de
1196 3403 1317 3481 propria
1340 3421 1394 3481 spe

245 3516 324 3567 etnim
357 3505 456 3584 ²“quid
486 3506 672 3584 obloquitur,
706 3505 838 3566 nondum
872 3504 1026 3564 nominato
1055 3503 1182 3575 lsraele,
1217 3502 1277 3563 ²'et
1304 3501 1395 3564 fidem

244 3604 344 3683 temptat
365 3606 546 3685 prophetae,
568 3606 623 3665 Fili
645 3605 793 3677 hominis,
823 3604 849 3663 si
872 3603 969 3663 virent
991 3621 1060 3664 ossa
1083 3601 1208 3663 ²'haecl
1242 3611 1274 3662 ut
1295 3611 1325 3663 et
1346 3603 1395 3664 ille

243 3707 434 3782 responderet,
462 3705 603 3778 bomine,
632 3707 757 3767 tuscis.
801 3706 868 3765 Non
897 3704 999 3782 utique
1027 3703 1100 3763 deus
1121 3704 1285 3782 prophetae
1306 3703 1395 3763 tidem

242 3797 314 3867 daea
335 3826 369 3868 re
391 3814 567 3885 temptasset
588 3824 665 3884 quae
685 3806 783 3866 lutura
805 3824 867 3865 non
890 3812 986 3876 esset,
1020 3821 1107 3883 quarn
1131 3821 1280 3882 uunquam
1302 3802 1395 3864 lsrael

242 3949 339 4021 tuque
364 3960 395 4007 ite
414 3960 437 4008 Β.
496 3959 520 4006 5.
546 3957 704 4018 adlegorisari
727 3960 752 4006 t.
811 3956 836 4005 6.
861 3955 949 4004 tribum
969 3957 1012 4005 tn.
1069 3955 1094 4003 7.
1117 3955 1231 4004 carnibus
1255 3954 1395 4005 lecultatum

240 4018 366 4074 (laenitatem
385 4027 440 4079 Atti
463 4033 487 4074 et
512 4026 589 4073 nervis
607 4026 747 4086 Allomgbcd.
791 4024 871 4072 carnis
896 4023 1009 4071 facultate
1032 4022 1180 4081 (facultatem
1201 4024 1235 4080 0.)
1259 4023 1338 4071 nertio
1358 4023 1397 4072 ile.

241 4082 258 4132 θ’
270 4089 401 4142 deterrimis
420 4093 445 4141 t.
504 4092 527 4140 9.
547 4093 669 4156 respirare
687 4093 722 4141 cd.
785 4091 825 4139 tt).
844 4091 990 4140 resurrectio
1009 4090 1034 4139 B.
1093 4090 1133 4138 11.
1159 4089 1183 4138 Si
1208 4090 1272 4138 enim
1291 4089 1352 4139 aliae
1369 4089 1396 4138 B.

242 4150 271 4203 12
289 4168 327 4208 aut
350 4160 493 4209 Pelusiae.
548 4159 586 4207 13.
606 4159 776 4220 corporatione
795 4174 817 4206 o.
878 4157 917 4205 14.
937 4157 1007 4206 acl.
1069 4156 1107 4205 ts.
1127 4157 1300 4205 readunatione
1317 4172 1346 4217 c,
1367 4171 1397 4205 ea

239 4223 278 4270 M·
293 4226 323 4275 lo.
338 4227 467 4276 iteraretis.
503 4225 720 4275 redsmnutonett.
757 4226 947 4275 redanimatione
964 4225 1057 4286 reliqui.
1104 4222 1143 4272 tt.
1161 4238 1262 4272 ossuum
1274 4223 1332 4274 Aba
1350 4230 1396 4272 tres

241 4286 335 4342 Vaticani.
380 4295 472 4341 ossium
491 4295 582 4357 reliqui.
645 4293 682 4340 ll.
702 4292 780 4355 possit
797 4293 822 4341 A.
886 4290 926 4340 te.
945 4291 1054 4350 imaginis
1072 4291 1096 4339 A.
1157 4289 1196 4338 te.
1215 4304 1315 4338 ossuum
1338 4289 1396 4340 tte.

237 4362 273 4406 tter
292 4361 401 4410 Vaticani.
445 4361 537 4408 assium
555 4362 648 4423 reliqui.
706 4359 747 4407 20.
767 4359 889 4420 eltingitnr
907 4359 932 4407 t.
991 4357 1032 4405 21.
1056 4371 1115 4405 suae
1134 4356 1164 4405 de
1181 4357 1206 4406 ll.
1248 4357 1278 4406 de
1297 4371 1340 4404 sue
1359 4358 1398 4406 ab.

236 4419 269 4471 22
284 4426 450 4475 verterenet.
491 4426 532 4475 23.
551 4428 727 4475 etreritateob.
769 4425 810 4476 24.
829 4425 1157 4489 circumstreperent
1194 4423 1285 4472 casiam
1303 4424 1396 4486 reliqui.

234 4486 268 4538 25.
284 4491 356 4542 lsrael
376 4510 395 4542 c.
441 4492 481 4542 26.
501 4495 540 4554 qui
559 4495 597 4543 Ac.
650 4492 692 4542 27.
710 4500 734 4541 et
751 4492 847 4543 onice
896 4491 938 4541 28.
958 4491 1016 4540 baec
1035 4491 1154 4541 ΜΛΝ).
1188 4491 1284 4542 treton
1302 4491 1331 4540 de
1348 4491 1398 4538 reis

232 4559 291 4610 eret
305 4563 405 4624 primum
423 4561 561 4622 Gregorius.
953 4580 956 4584 ·

257 4690 279 4740 lr.
298 4688 428 4756 respirari]
458 4692 522 4742 llaec
545 4700 597 4741 erat
622 4699 784 4743 vestustorum
836 4700 885 4741 tem
915 4691 955 4740 Fr.
973 4691 1055 4739 lunius
1087 4692 1199 4755 respirari
1227 4689 1397 4751 interpretatur

226 4755 340 4809 librorum
358 4762 479 4821 scriptura
507 4775 577 4823 quam
597 4761 723 4808 immutare
742 4774 785 4808 eo·
838 4749 1062 4823 ἆναψυχοῦσθαι,
1088 4757 1118 4808 dc
1142 4759 1236 4823 integro
1254 4756 1340 4821 spirtu
1358 4753 1397 4802 iu·

224 4834 291 4875 natus
310 4834 347 4875 cst
364 4827 469 4889 primum
490 4827 617 4876 Psmclios.
653 4828 724 4875 Recte
742 4841 786 4875 au·
838 4826 898 4875 strui
918 4827 947 4875 ad
965 4825 1044 4875 ritem.
