3242 5775
289 657 291 662 .
313 606 377 670 474
566 618 669 670 norun
691 615 824 661 serriuu
846 611 1012 659 mensuras
1036 615 1234 659 renrnuauru

313 788 424 852 pessus
439 776 581 831 estesse.
614 766 695 828 Bene
710 775 808 828 autem
824 766 904 845 quod
927 765 984 827 ¹⁰et
1006 765 1107 845 plures
1130 772 1161 826 ct
1175 763 1312 826 duriores
1330 764 1350 797 ¹¹
1358 783 1491 845 quaeque

315 869 468 933 doctrinae
489 867 734 951 totamltomiuis
757 866 956 946 figulationem
982 866 1038 927 deo
1060 875 1166 939 nostro
1189 865 1308 927 cedunt
1354 865 1490 939 Quantus

315 970 365 1034 hic
386 970 427 1032 sit
448 970 521 1032 setis
544 970 640 1041 nosti,
673 969 724 1047 qui
746 968 867 1055 unicum
890 966 1050 1028 credidisti.
1101 966 1226 1046 incipiet
1254 966 1312 1027 iam
1342 967 1394 1028 tibi
1426 986 1489 1029 csro

315 1067 450 1152 plaeere,
473 1070 558 1133 cuius
580 1072 805 1132 artilcntantus
830 1077 885 1130 est.
919 1066 978 1129 Sed
1001 1077 1030 1128 et
1046 1068 1188 1139 mundus,
1212 1067 1328 1147 inquis,
1352 1068 1401 1129 dei
1418 1087 1488 1149 opus

114 1248 118 1254 ,
164 1184 379 1246 insanusnest,
402 1180 433 1233 et
454 1179 551 1233 tamen
573 1172 715 1251 praeterit
736 1170 853 1232 habitus
875 1169 963 1230 huius
985 1169 1104 1241 mundi,
1133 1168 1272 1247 apostolo
1294 1187 1417 1249 quoque
1437 1189 1488 1232 au·

317 1281 417 1346 olom
444 1292 501 1334 nec
520 1273 631 1334 idcirco
654 1272 803 1334 restitutio
828 1270 928 1331 mundi
952 1269 1226 1349 ¹'praeiudicabitur
1253 1270 1322 1348 quia
1344 1271 1393 1332 dei
1416 1288 1488 1351 opus

316 1383 373 1436 est.
416 1374 455 1435 Et
475 1373 577 1452 utique
598 1373 624 1435 si
647 1373 826 1434 universitas
854 1371 1085 1432 inreformabilis
1114 1380 1181 1449 post
1211 1371 1387 1445 decessum,
1423 1372 1486 1451 quill

311 1473 440 1556 portio?
482 1463 588 1546 Plane,
621 1472 647 1533 si
677 1472 776 1552 portio
806 1471 991 1532 universitati
1014 1472 1204 1551 adaequatur.
1247 1472 1291 1532 An
1320 1472 1487 1534 distantiam

215 1576 397 1645 .1o.1,a.enim
417 1592 623 1655 provocamus.
662 1573 762 1634 Primo
778 1573 916 1652 quidem,
940 1572 1047 1651 ¹’quod
1070 1573 1169 1633 omnia
1192 1590 1331 1634 sermone
1353 1573 1403 1635 (lei
1418 1575 1488 1635 iacta

317 1687 403 1749 sont,
432 1686 461 1738 et
488 1676 555 1737 sinc
583 1676 634 1737 illo
663 1673 745 1736 nihil.
797 1674 872 1735 Care
896 1681 994 1735 autem
1017 1674 1075 1735 ¹‘el
1098 1691 1238 1735 sermone
1259 1674 1307 1735 ‹lei
1331 1674 1489 1737 “constitit

186 1794 301 1848 santae
316 1785 440 1858 propter
460 1778 603 1850 lormam,
627 1795 665 1836 ne
687 1777 756 1855 quid
772 1775 838 1837 siue
852 1774 1023 1836 sermonel.
1055 1775 1209 1836 Faciamus
1232 1774 1311 1835 enim
1327 1775 1488 1847 hominem,

298 1885 385 1940 :ante
406 1877 575 1958 praemisit,
599 1876 793 1956 etamplius,
823 1894 926 1948 manu,
957 1884 1079 1955 propter
1100 1876 1331 1955 praelationem,
1359 1895 1400 1938 ne
1422 1878 1488 1939 uni·

182 1994 302 2047 esuum
315 1978 447 2040 versitati
463 1978 722 2058 ¹⁶compararetur.
751 1978 788 2038 Et
803 1978 901 2052 linxit,
925 1976 1064 2056 ¹’inquit,
1088 1977 1161 2038 deus
1177 1976 1341 2038 homiuem.
1368 1977 1491 2057 Magnae

317 2078 496 2156 sine-(lubio
518 2078 701 2140 dillerentiac
723 2078 816 2149 ratio,
839 2097 895 2158 pro
916 2078 1091 2139 condicione
1107 2079 1218 2139 scilicet
1232 2095 1343 2139 rerum.
1377 2078 1491 2140 llinora

317 2180 395 2243 cuim
417 2199 493 2259 quae
515 2180 625 2242 fiebant
646 2199 681 2241 co
704 2179 749 2240 etri
772 2178 897 2252 fiebant,
920 2180 1065 2258 siquidem
1082 2179 1195 2240 hoinini
1210 2178 1336 2252 fiebant,
1358 2180 1407 2241 cui
1423 2199 1490 2244 rnox

316 2281 412 2344 adeo
435 2281 548 2343 addicta
571 2289 651 2342 sunt.
695 2280 801 2341 llerito
825 2280 915 2358 igitur
942 2289 975 2341 ut
996 2281 1102 2342 famula
1132 2280 1217 2342 iussu
1245 2289 1276 2340 et
1302 2280 1433 2359 imperio
1461 2292 1491 2343 et

316 2382 380 2445 sola
402 2383 496 2444 vocali
516 2369 665 2462 potestate
687 2380 824 2442 universa
845 2390 1064 2461 processerant
1109 2381 1218 2442 Contra
1242 2382 1347 2454 homo,
1378 2393 1413 2444 ut
1433 2383 1490 2443 tlo-

203 2489 213 2497 '
316 2482 414 2544 minus
436 2501 556 2555 eorum,
580 2482 610 2542 in
633 2483 692 2543 hoc
712 2481 749 2543 ab
772 2484 837 2560 ipso
855 2474 917 2543 'deo
939 2490 1108 2543 exstructus
1132 2491 1191 2555 est,
1216 2491 1248 2543 ut
1262 2483 1405 2543 dominus
1422 2502 1491 2545 esse

315 2583 466 2661 ¹'posset,
500 2583 570 2642 (Ιυιιι
599 2585 632 2643 llt
658 2601 675 2643 a
702 2582 835 2643 donliuo.
885 2582 1042 2643 llominem
1071 2592 1168 2644 etitem
1197 2592 1346 2645 memento
1370 2603 1491 2646 caruem

189 2684 439 2764 casuspmpne
454 2682 527 2754 dici,
550 2701 625 2761 quae
639 2683 723 2763 pn‘or
737 2684 911 2744 vocabulum
930 2683 1059 2744 hominis
1075 2684 1242 2762 occupavit:
1265 2685 1302 2745 El
1316 2684 1492 2748 linxitdeus

315 2783 485 2856 hominem,
506 2783 609 2845 limum
631 2784 669 2845 de
691 2793 792 2862 terra..
812 2784 873 2843 lam
889 2784 994 2858 homo,
1017 2785 1066 2863 qui
1089 2786 1184 2846 adhuc
1205 2786 1305 2846 limus.
1339 2785 1377 2846 Et
1391 2787 1491 2849 insui-

165 2884 397 2955 esn.u,rsq.flavit
418 2884 449 2944 in
470 2882 573 2946 faciem
597 2882 662 2944 eius
683 2884 784 2945 ilatum
806 2883 898 2956 vitae,
921 2894 951 2946 et
973 2888 1067 2947 lactus
1090 2894 1137 2978 est
1151 2887 1258 2957 homo,
1280 2887 1310 2947 id
1326 2896 1375 2949 est
1389 2888 1491 2960 liniue,

315 2985 347 3048 in
362 2984 489 3046 animem
504 2985 609 3057 viram,
632 2963 867 3064 et'posuit'cleus
883 2985 1044 3060 hominem,
1066 3006 1153 3065 quem
1173 2987 1265 3060 linxit,
1287 2987 1316 3048 in
1337 2989 1491 3067 paradiso.

316 3085 398 3146 Adeo
422 3085 511 3145 homo
534 3085 704 3164 ligmentum
726 3084 841 3165 primo,
865 3086 972 3148 dehinc
993 3094 1083 3149 totus.
1113 3071 1178 3149 lloc
1193 3108 1228 3150 eo
1244 3090 1490 3158 commendarim,

271 3224 278 3236 ·
316 3185 359 3247 uti
380 3184 520 3264 quicquid
542 3186 664 3248 omuino
687 3185 800 3247 homini
829 3204 846 3247 a
869 3187 924 3248 deo
947 3197 1138 3267 prospectum
1168 3198 1255 3268 atquc
1277 3189 1490 3269 ⁸⁰premissnm

317 3295 380 3360 est,
402 3302 464 3346 non
484 3285 569 3347 ”soli
592 3286 721 3358 ammae,
735 3305 845 3348 aeram
868 3296 898 3348 et
920 3289 1000 3348 carni
1022 3290 1098 3350 scias
1121 3288 1268 3364 debitum,
1296 3289 1359 3352 ''ut
1380 3293 1409 3354 si
1430 3310 1489 3353 non

316 3405 352 3449 ex
374 3386 528 3448 consortio
551 3388 685 3465 generis,
709 3397 789 3449 certe
812 3388 857 3449 vel
880 3406 914 3449 ex
937 3388 1091 3467 privilegio
1114 3391 1254 3451 nominis.

175 3498 297 3557 ,capvt
399 3484 565 3567 Persequar
586 3487 685 3568 itaque
707 3489 912 3569 propositum,
947 3490 972 3550 si
1002 3498 1100 3551 tamen
1128 3500 1241 3553 tantum
1269 3493 1388 3571 possim
1409 3494 1489 3555 carni

314 3587 480 3650 ¹rintlicare
503 3597 645 3668 quantum
666 3588 790 3674 eontulit
810 3589 860 3650 illo
882 3589 933 3669 qui
956 3607 1018 3650 eam
1035 3591 1120 3667 lecit,
1143 3591 1200 3652 iam
1217 3600 1287 3653 tunc
1301 3593 1488 3672 gloriantem,

314 3689 395 3769 quod
417 3688 465 3750 illa
487 3689 650 3768 pusillitas,
673 3688 794 3761 'limus,
822 3689 854 3751 in
876 3709 981 3752 manus
1004 3690 1051 3752 dei
1073 3711 1271 3770 quaecunque,
1287 3702 1358 3755 sunt
1379 3712 1488 3774 perve-

313 3789 375 3861 nit,
398 3788 468 3859 setis
490 3788 595 3850 beatus
618 3790 675 3851 etsi
698 3790 885 3852 solummodo
908 3786 1074 3854 conmotus,
1115 3793 1193 3865 Quid
1222 3794 1317 3867 onim,
1349 3793 1378 3855 si
1406 3794 1489 3857 nullo

314 3888 441 3967 amplius
465 3906 556 3967 opere
579 3890 678 3951 statim
702 3891 872 3969 figmentum
896 3891 932 3953 de
948 3901 1085 3956 contactu
1101 3894 1148 3954 dci
1163 3891 1373 3957 constitisset?
1406 3894 1488 3958 Adeo

312 3987 436 4068 'magna
457 4006 507 4049 res
530 3988 686 4068 agebatur,
709 4010 766 4072 qua
789 3992 846 4054 ista
868 3994 990 4054 materia
1013 3993 1227 4056 exstruebatur.
1259 3995 1362 4074 ltaque
1377 3997 1489 4057 totierm

315 4106 356 4158 10.
374 4116 397 4157 et
414 4124 459 4158 ona.
470 4109 520 4158 tel.
575 4109 614 4160 il.
634 4111 805 4175 qnoquelcc
860 4111 898 4162 ta.
917 4112 1095 4176 praeiudicstor
1114 4113 1152 4164 Co.
1205 4113 1243 4163 13.
1263 4115 1345 4164 omnia
1363 4116 1489 4178 necilli.

316 4175 357 4225 tl.
375 4190 402 4225 ex
422 4176 445 4224 ll.
501 4176 538 4225 15.
557 4180 670 4227 constetit
688 4180 762 4228 endec
780 4181 811 4229 le.
823 4178 950 4229 Clementis.
1011 4180 1049 4229 16.
1069 4189 1223 4243 comparetur
1246 4181 1289 4232 AB.
1308 4189 1354 4231 tres
1377 4183 1488 4232 Vaticani.

316 4242 356 4292 17.
374 4244 434 4293 «lens
452 4244 574 4294 homiaem
598 4246 767 4308 inquietata.
828 4246 866 4296 18.
886 4247 1055 4310 poscitABt'o.
1080 4255 1127 4298 tm
1148 4249 1259 4298 Vaticani.
1323 4247 1362 4299 ll).
1379 4252 1489 4312 pernis·

314 4324 368 4360 mm
387 4312 412 4360 B.
464 4309 505 4360 2⁰.
524 4313 603 4362 solam
623 4314 648 4363 B.
701 4312 866 4364 alesia.
1332 4326 1342 4341 ·

276 4421 282 4432 .
382 4378 496 4442 Capill.
541 4380 563 4429 l.
582 4380 740 4431 vindicarit.
791 4379 816 4430 2.
834 4380 905 4431 huius
924 4382 1022 4431 immani
1040 4383 1066 4434 ll.
1101 4383 1174 4432 homo
1193 4383 1217 4433 in
1236 4397 1307 4433 manu
1325 4385 1352 4435 t.
1405 4383 1430 4433 ³.
1449 4399 1488 4433 res

313 4458 399 4506 uagus
418 4451 444 4495 l.

347 4544 369 4592 tl.
388 4553 489 4607 propter
507 4546 617 4601 lerinam,
636 4563 666 4597 ae
684 4547 740 4611 quill
753 4549 872 4598 sineser-
922 4549 971 4598 ltoc
994 4564 1067 4600 senso
1092 4554 1207 4614 usurpate
1232 4550 1262 4600 el.
1287 4550 1380 4600 adnott.
1405 4551 1436 4600 ad
1454 4551 1490 4601 lle

313 4607 438 4677 mone.]l·l
449 4622 486 4662 est
497 4623 597 4676 propter
606 4617 718 4672 turmam,
732 4617 746 4664 i.
755 4633 775 4671 s,
784 4616 872 4676 legen,
921 4614 1009 4666 idolol.
1029 4632 1081 4679 cap.
1091 4617 1129 4668 18.
1155 4619 1267 4668 Ceterum
1278 4633 1308 4666 nc
1325 4618 1419 4668 taedeat
1433 4630 1490 4669 ran

312 4693 383 4742 quem
412 4682 484 4729 molo
509 4681 658 4741 laudaverat,
685 4698 714 4731 ue
743 4685 870 4746 quiequam
921 4683 961 4732 nis
980 4684 1120 4735 Tcrlirllisni
1138 4686 1218 4734 verbis
1242 4697 1400 4749 comparasse
1417 4689 1491 4738 rema

311 4745 421 4795 videlicet
439 4747 506 4796 lieret
523 4749 576 4795 sine
593 4749 631 4797 dei
649 4762 771 4799 sermone.
801 4750 871 4808 osred
920 4751 1032 4812 Gregorii
1051 4753 1120 4814 nyss.
1139 4754 1171 4802 lle
1191 4753 1252 4817 Opil.
1274 4752 1344 4802 liam.
1363 4769 1418 4819 cap.
1430 4753 1456 4804 1.

311 4814 358 4862 lem
378 4815 580 4876 comprobaturus
598 4825 641 4864 est.
678 4818 712 4865 lle
730 4831 780 4866 voe.
797 4822 872 4881 sorno
