3242 5775
705 621 743 663 nu
764 622 864 665 anina.
1291 607 1369 676 ·581

197 770 247 831 red
270 769 302 829 in
326 768 398 828 ''eis
421 769 587 830 rationibus
612 789 686 848 quae
709 771 906 834 interveniant
928 792 984 835 suo
1007 773 1153 836 nomine?
1185 774 1277 855 Atque
1298 776 1371 840 adeo
1472 831 1477 838 .

197 871 292 932 icebit
316 889 367 930 eas
389 871 575 948 recognosci.
610 871 681 931 Nam
705 872 788 932 utin
811 892 885 951 aqua
909 892 1008 935 remus
1025 875 1151 936 inflexus
1167 876 1211 937 rel
1228 876 1370 940 infractus

200 979 350 1051 ppareat,
382 990 455 1050 aqua
484 971 513 1031 in
543 990 630 1054 causa
661 979 721 1043 est,
755 972 882 1052 denique
912 984 992 1035 entra
1022 995 1127 1055 aquam
1158 977 1273 1056 integer
1293 978 1370 1040 visui

198 1091 304 1134 emus.
336 1072 491 1133 Teneritas
514 1082 611 1133 autem
635 1072 819 1134 substantiae
842 1075 936 1148 illius,
959 1094 1015 1154 qua
1039 1077 1190 1155 speculum
1210 1097 1246 1139 ex
1259 1077 1371 1141 lumine

202 1174 335 1244 fficitur,
358 1182 448 1251 prout
470 1174 525 1234 icta
549 1192 603 1233 seu
628 1183 706 1234 mota
730 1182 791 1245 est,
825 1175 864 1234 ita
888 1184 918 1235 et
940 1176 1097 1255 imaginem
1120 1178 1241 1239 vibrans
1265 1180 1372 1241 evertit

197 1275 301 1335 ineam
318 1274 400 1333 recti.
435 1274 506 1334 ltem
532 1282 564 1335 ut
585 1275 676 1335 turris
700 1274 817 1335 habitus
837 1275 948 1343 eludat.
972 1276 1115 1337 intervalli
1131 1278 1267 1340 condicio
1283 1297 1368 1341 com-

197 1376 275 1436 tellit
298 1375 327 1435 in
351 1384 471 1455 apert03
494 1375 654 1453 aequalitas
678 1375 754 1435 enim
779 1376 949 1436 circumfusi
972 1377 1050 1438 aeris
1073 1377 1137 1456 pari
1159 1378 1224 1439 luce
1240 1380 1369 1442 vestiens

198 1476 318 1554 ngulos
342 1476 479 1536 obliterat
500 1475 604 1535 lineas.
643 1476 692 1536 Sic
714 1486 743 1536 et
766 1477 953 1538 uniformitas
976 1478 1109 1557 porticus
1125 1478 1240 1540 acuitur
1254 1479 1284 1540 in
1299 1480 1369 1554 liue,

197 1578 262 1638 lum
286 1576 366 1636 acies
389 1577 418 1636 in
442 1577 583 1637 concluso
608 1577 713 1655 stipata
738 1577 795 1637 illic
819 1588 956 1639 tenuatur
978 1598 1035 1658 quo
1060 1587 1089 1639 et
1105 1580 1281 1642 extenditur.
1320 1579 1370 1642 Sic

197 1689 217 1741 rt
241 1678 358 1739 caelum
381 1679 453 1738 nrari
477 1678 591 1748 unitur,
626 1677 674 1738 ubi
705 1677 779 1737 visio
807 1678 996 1756 absumitur,¹
1022 1699 1096 1758 quae
1118 1679 1257 1759 quamdiu
1280 1680 1368 1760 riget,

198 1780 305 1841 amdiu
329 1779 440 1839 dividit.
484 1779 621 1838 Auditum
645 1798 715 1838 rero
740 1778 836 1858 ¹²quid
866 1780 942 1839 aliud
967 1780 1092 1860 decipiet
1115 1799 1200 1859 quam
1224 1799 1368 1842 sonorum
1429 1837 1432 1853 ,

197 1879 381 1942 rimilitudof
426 1880 508 1939 Etsi
532 1888 636 1958 postea
660 1880 757 1940 minus
780 1882 875 1959 spirat
896 1890 1094 1959 unguentum,
1118 1889 1148 1941 et
1170 1880 1267 1941 minus
1291 1881 1370 1962 sapit

197 1983 312 2052 tinum,
336 1990 366 2041 et
387 1980 484 2039 minus
509 1981 587 2041 lacus
611 1984 718 2052 ferret,
742 1982 770 2040 in
795 1981 933 2042 omnibus
957 1985 1047 2041 ferme
1063 1982 1156 2060 prima
1172 1982 1217 2042 vis
1234 1991 1295 2043 tota
1312 1990 1367 2050 est.
1401 2056 1408 2064 ι

197 2083 331 2144 Ceterum
355 2082 391 2141 de
415 2082 519 2141 scabro
543 2102 576 2142 ac
600 2082 670 2141 laeri
695 2082 800 2141 merito
834 2101 939 2142 manus
962 2101 995 2142 ae
1016 2083 1109 2161 pedes
1133 2090 1234 2144 tenera
1257 2082 1370 2144 seilicet

198 2192 224 2243 et
250 2184 357 2243 callosa
386 2182 516 2242 membra
548 2183 739 2243 dissentient.
795 2182 885 2259 Igitur
913 2182 970 2242 lroc
999 2183 1087 2243 modo
1116 2184 1194 2245 nulla
1225 2201 1369 2244 sensuum

201 2284 346 2344 lmstratio
370 2302 457 2343 causa
481 2283 600 2343 carebit.
645 2284 760 2355 Quodsi
784 2302 891 2343 causae
914 2284 1016 2344 fallunt
1039 2302 1147 2344 sensus
1170 2292 1199 2344 et
1221 2274 1275 2364 per
1296 2301 1368 2344 sen·

204 2401 249 2444 sus
270 2385 444 2464 opiniones,
474 2384 532 2444 iam
560 2403 616 2444 neo
644 2385 672 2444 in
703 2384 843 2444 sensibus
867 2384 1072 2445 constituenda
1096 2384 1205 2445 fallacia
1229 2392 1291 2453 est.
1320 2383 1369 2463 qui

207 2501 297 2546 causas
322 2485 529 2564 ¹³sequuntur‚
554 2486 657 2545 necin
683 2484 890 2563 opinionibus,
914 2504 988 2563 quae
1010 2505 1026 2545 a
1049 2485 1187 2545 sensibus
1203 2484 1370 2563 diriguntur

209 2586 389 2664 sequentibus
406 2605 518 2646 causas.
554 2586 610 2657 Qui
628 2586 794 2657 insaniunt,
819 2586 892 2646 alios
917 2588 945 2647 in
969 2586 1034 2647 aliis
1056 2587 1171 2657 vident,
1195 2593 1228 2646 ut
1244 2585 1368 2647 Orestes
1401 2642 1403 2646 .

211 2696 317 2748 matrem
347 2689 378 2747 in
408 2705 528 2757 sorore,
563 2696 592 2747 et
613 2686 683 2746 Aiax
707 2686 837 2747 ¹‘Ulixen
868 2687 896 2747 in
926 2697 1077 2759 armento,
1111 2696 1143 2747 ut
1172 2686 1311 2748 Athamas
1340 2694 1370 2746 et

212 2784 290 2863 lgaue
313 2790 343 2849 in
368 2788 436 2849 liliis
459 2788 580 2847 bestias.
626 2788 765 2848 Oculisne
793 2788 851 2848 boc
880 2788 1063 2850 mendacium
1087 2786 1299 2867 exprobrabis,
1332 2803 1370 2847 au

213 2884 301 2952 furiis?
342 2890 399 2962 Qui
428 2889 619 2950 redundantia
654 2890 729 2949 fellis
763 2890 969 2969 auruginantl,
1004 2891 1127 2951 ¹lamara
1158 2896 1228 2949 sunt
1259 2884 1369 2948 omnia.

215 2983 270 3051 Num
291 3010 362 3070 ergo
386 2991 484 3069 gustui
508 2991 785 3068 praevaricationem
816 2991 1026 3070 exprobrabiS,
1060 3011 1096 3051 an
1121 2985 1371 3050 ”valetudinemi

216 3085 306 3152 Onnes
330 3094 428 3170 itaque
451 3111 558 3151 sensus
583 3101 752 3152 evertuntur
774 3092 818 3152 vel
842 3094 1112 3152 circumveniuntur
1128 3091 1162 3151 ad
1180 3080 1315 3168 tempus,
1337 3096 1371 3149 ut

216 3194 376 3271 proprietate
406 3193 533 3252 fallaciae
562 3201 704 3251 careant·
745 3194 837 3252 lmmo
867 3194 923 3252 iam
954 3212 991 3252 ue
1020 3192 1093 3270 ipsis
1122 3190 1241 3268 quidem
1270 3188 1368 3249 causis

217 3289 420 3355 tlscribendum
444 3302 490 3353 est
512 3294 639 3353 fallaciae
662 3294 799 3370 elogium.
834 3294 864 3353 Si
889 3294 967 3352 enim
991 3292 1106 3352 ratione
1129 3290 1201 3350 lraee
1223 3287 1369 3357 accidunt,

217 3393 272 3453 talio
293 3397 312 3427 ¹⁷
323 3395 433 3456 fallacia
457 3394 605 3473 perhiberi
629 3414 688 3453 non
713 3403 852 3453 rueretur.
888 3393 974 3465 Quod
991 3393 1034 3452 sie
1049 3391 1112 3451 fieri
1129 3395 1258 3466 oportet,
1282 3404 1368 3446 miru-

218 3487 309 3557 larium
325 3516 386 3556 non
404 3504 458 3555 est.
493 3496 592 3573 ltaque
616 3496 641 3554 si
666 3505 694 3554 et
710 3495 791 3572 ipsae
807 3512 913 3553 causae
930 3493 1047 3553 infamia
1063 3489 1235 3560 liberantur,
1259 3494 1369 3565 quanto

218 3597 287 3674 uagis
310 3616 435 3666 sensus,
459 3596 567 3673 quibus
591 3596 646 3655 iam
671 3604 700 3654 et
722 3613 827 3653 causae
848 3593 941 3652 libere
962 3599 1122 3670 praeeunt,
1146 3607 1213 3649 cum
1228 3587 1297 3649 binc
1312 3605 1368 3665 po-

219 3691 342 3759 tissimum
367 3706 397 3758 et
419 3697 526 3755 veritas
555 3705 584 3755 et
614 3696 685 3753 feles
717 3705 745 3753 et
771 3694 924 3770 integritas
954 3690 1091 3751 sensibus
1121 3688 1291 3750 vindicanda
1320 3688 1369 3760 sit,

218 3801 275 3870 uod
297 3819 357 3859 non
383 3799 468 3857 aliter
491 3797 660 3855 renuntient
684 3795 797 3872 '³quam
829 3794 876 3853 illa
899 3793 974 3853 ratio
998 3790 1145 3852 mandarit
1167 3809 1242 3869 quae
1265 3789 1372 3849 efficiat

216 3895 280 3961 tliler
303 3901 402 3979 'lquid
426 3917 440 3957 a
464 3897 601 3957 sensibus
626 3895 787 3954 renuntiari
810 3894 928 3972 ”quam
952 3894 990 3953 sit
1012 3894 1041 3952 in
1064 3893 1165 3953 rebus.
1202 3891 1278 3963 Quid
1296 3891 1370 3968 agis,

216 3993 379 4062 ”audemia
402 3997 638 4077 procacissima?
673 3998 782 4056 'fotum
804 3995 881 4055 vitae
897 4002 1004 4055 statmo
1022 3993 1147 4066 evertis,
1173 4010 1291 4052 omnem
1315 4011 1368 4052 na-

216 4149 291 4203 fleis
308 4158 349 4205 Ab.
386 4154 423 4201 bis
443 4154 533 4213 rolloni.
591 4149 626 4197 12.
648 4151 717 4211 qniad
738 4149 801 4197 aliud
821 4152 845 4198 l.
901 4147 939 4196 13.
959 4155 1074 4196 secuntur
1092 4147 1133 4205 Αβ.
1187 4145 1226 4193 ll.
1246 4146 1326 4194 Ulixen
1346 4145 1371 4193 Δ.

216 4216 304 4282 lllpssem
323 4224 417 4284 reliqui.
476 4221 512 4266 15.
532 4234 596 4265 moro
616 4221 731 4280 fonpr.
788 4216 826 4265 16.
845 4215 979 4264 valetudine
997 4217 1046 4279 dap.
1061 4230 1090 4262 nr.
1104 4229 1138 4275 pr.
1174 4212 1303 4260 valetudini
1321 4214 1371 4274 lp.

215 4291 461 4348 ¹.ree.,sedeudrrn.
517 4285 815 4342 lttattacialttchan.
859 4284 967 4331 fallaciae
986 4283 1011 4330 B.
1065 4280 1261 4342 18.quamepo.
1299 4292 1370 4342 quom
1450 4292 1451 4297 ¹

215 4358 264 4413 quod
287 4359 341 4407 libri
360 4372 446 4405 omnes.
508 4354 546 4401 19.
573 4355 681 4416 qrtitrlfi.
741 4351 781 4400 20.
807 4350 970 4415 quamACnb.
1014 4348 1122 4412 quodll.
1179 4347 1219 4396 21.
1245 4348 1371 4395 academia

214 4426 369 4480 procadssima
388 4426 428 4472 Ab.
464 4422 603 4470 Academico
623 4421 795 4484 procacissime
813 4420 903 4483 reliqui.

238 4559 257 4607 d.
275 4551 600 4621 auruginant1'lnreprtiot.
637 4556 695 4605 Nam
716 4572 758 4603 ou·
810 4554 890 4604 Gloss.
910 4553 960 4600 Lat.
980 4551 1041 4614 apud
1056 4551 1157 4599 eundem
1173 4549 1228 4598 ibid.
1247 4546 1371 4621 toml'lll,

214 4637 257 4688 repo
275 4636 310 4677 est
328 4627 429 4676 morbus
449 4627 536 4685 regins.
566 4625 645 4674 Gloss.
666 4624 715 4671 bat.
735 4626 758 4671 in
811 4621 889 4685 pat:
906 4621 1011 4680 „fruge
1032 4620 1132 4667 morbus
1145 4619 1232 4679 regius,
1252 4618 1284 4660 rol
1298 4623 1372 4689 pestis

213 4694 258 4754 lug.
276 4696 327 4743 llaii
347 4699 422 4743 Auett.
443 4694 520 4742 Closs.
540 4692 644 4749 toml'l,
664 4691 759 4753 pato:
811 4704 837 4737 en
857 4689 1012 4750 corruptione
1024 4689 1112 4735 oerisf‘
1139 4686 1259 4735 Glossema
1274 4683 1372 4729 lanno-

213 4762 308 4825 „lnrupo
337 4764 437 4810 morbus
451 4762 568 4822 regius.“,
587 4769 609 4808 et
624 4760 695 4822 paulo
714 4773 758 4821 po·
812 4758 916 4807 Graeca:
935 4756 1055 4832 „llurnpol
1077 4745 1213 4818 ἶκτερίς.““,
1236 4760 1259 4798 et
1276 4750 1373 4808 „turre

214 4834 267 4878 sna:
283 4804 464 4894 „iuripinosns
485 4829 621 4878 arcuatus.“
653 4828 759 4875 Alterum
812 4828 915 4888 pinosus,
937 4813 1095 4891 istepmocst‘
