3242 5775
316 641 379 707 200
486 654 489 662 ·
520 709 522 714 ,
568 651 669 704 amnas
692 649 825 698 ssrrxrrrt
847 650 1014 694 rsonnnrrs
1037 647 1236 696 rmruutmrtr

316 803 544 876 nexsoluturo,
566 819 632 864 cum
655 798 772 881 reposci
796 804 914 878 retat)⁸,
936 798 1006 879 quid
1030 797 1108 862 aliud
1129 798 1216 860 donet
1237 815 1330 877 quam
1344 815 1408 864 non
1423 796 1464 860 'er

317 897 452 970 'soluturo
486 905 672 974 feneremus,
700 902 752 980 qui
772 900 904 963 ”tantum
925 900 1136 962 detrimentum
1157 898 1254 960 tenori
1282 896 1414 960 indixit?
1454 899 1464 968 Ι

164 1025 296 1076 tuat-'tu
316 1004 399 1068 eritis
422 1004 474 1068 titii
496 1002 555 1066 dei.
597 1001 677 1066 Nihil
698 1001 917 1082 impudentius,
945 999 971 1062 si
999 999 1049 1062 iiie
1075 1018 1132 1062 nos
1154 999 1212 1062 sibi
1234 999 1313 1061 filios
1334 998 1464 1080 sacietrp

316 1105 404 1173 nobis
426 1105 504 1168 ulios
527 1104 622 1167 iacere
644 1121 705 1166 nen
727 1101 864 1182 permisit
885 1100 1047 1163 auferendo
1076 1099 1286 1163 connubium&
1332 1096 1464 1173 Quomni

316 1207 347 1268 in
369 1205 400 1268 id
422 1223 531 1270 nomen
553 1204 711 1267 allecturus
735 1212 783 1265 est
804 1222 878 1266 suos
901 1202 980 1284 quod
1003 1201 1060 1263 iam
1082 1200 1198 1265 erasit?
1233 1200 1328 1264 Filius
1349 1199 1464 1281 spadoni

316 1325 386 1370 esso
408 1324 469 1368 non
490 1324 631 1385 possum,
653 1305 780 1368 maxime
803 1305 825 1336 ¹⁰
834 1323 900 1368 cum
923 1311 1036 1385 patrem
1054 1303 1179 1365 habeam
1201 1303 1328 1364 eundern
1350 1287 1464 1382 quint

317 1406 426 1470 omnia.
469 1403 542 1468 Nam
570 1414 629 1467 tam
662 1414 747 1485 pater
769 1404 902 1468 omnium
930 1404 980 1484 qui
1008 1403 1144 1466 conditor
1172 1403 1374 1466 universitatis
1404 1421 1464 1484 qun

317 1509 410 1587 spado
432 1507 481 1587 qni
504 1506 612 1568 nuliius
635 1505 819 1568 substantiae
841 1506 986 1568 conditor.
1036 1505 1075 1566 Et
1101 1504 1129 1566 si
1156 1523 1269 1566 marem
1297 1523 1332 1566 ac
1351 1504 1464 1566 remma

317 1626 378 1670 non
401 1608 572 1670 miscuisset
593 1616 727 1680 creator,
751 1615 781 1668 et
802 1607 828 1669 si
844 1624 905 1669 non
921 1605 1070 1669 universis
1085 1624 1202 1685 qnoque
1219 1605 1397 1668 animalibus
1412 1603 1464 1668 tiiio

316 1708 532 1781 concessisset,
561 1708 619 1770 boc
640 1726 720 1770 cram
744 1708 809 1770 eius
832 1716 900 1770 ante
921 1706 1105 1787 paradisum,
1139 1715 1206 1768 ante
1235 1706 1391 1778 delictum,
1423 1717 1464 1784 an

316 1810 451 1883 exilium,
479 1816 546 1870 ante
568 1807 662 1882 duos,
691 1820 811 1870 unum·.
865 1809 969 1872 Denuo
991 1809 1084 1870 tactus
1112 1807 1190 1870 tilius
1212 1807 1271 1881 sui,
1303 1807 1405 1869 statim
1424 1825 1464 1870 cru

316 1910 522 1974 mamanibus
544 1910 650 1974 enixus
673 1919 735 1983 est,
769 1928 836 1972 cum
859 1910 896 1971 de
917 1928 972 1971 suo
1005 1908 1097 1969 balitu
1124 1908 1226 1970 movit.
1269 1908 1321 1969 lile
1343 1928 1392 1970 me
1414 1927 1464 1972 nur

317 2029 423 2076 rursus
446 2011 537 2076 tilium
560 2019 727 2090 nuncupat,
756 2010 816 2090 iam
837 2011 951 2072 nonin
972 2010 1115 2079 animam,
1148 2010 1201 2072 sed
1224 2009 1254 2072 in
1276 2009 1414 2090 spiritum
1437 2027 1464 2089 pt

168 2123 298 2175 tue-Vtar.
318 2112 410 2173 niens.
456 2112 532 2184 Quia
555 2111 637 2191 ipse,
667 2110 777 2189 inquit,
807 2112 909 2173 suavis
938 2121 985 2174 est
1012 2111 1156 2174 adversus
1178 2109 1312 2190 ingratos
1334 2121 1365 2173 et
1387 2109 1464 2174 nata

318 2212 414 2292 Euge,
443 2211 590 2285 Marcion,
620 2212 693 2275 satis
715 2212 871 2291 ingeniose
893 2211 1046 2276 detraxisti
1068 2211 1108 2272 ilii
1131 2210 1245 2292 pluvias
1275 2220 1305 2272 et
1326 2212 1427 2284 soies,
1454 2231 1464 2276 1

318 2323 434 2377 creator
455 2314 613 2378 rideretur.
657 2314 718 2375 Sed
739 2313 806 2392 quis
830 2313 888 2374 iste
910 2313 1025 2385 suavis,
1060 2313 1110 2392 qni
1141 2331 1179 2374 ne
1207 2314 1344 2392 cognitus
1373 2311 1464 2394 quida

318 2433 413 2498 peque
435 2412 553 2478 adbuc?
597 2413 756 2487 Quomodo
780 2415 897 2487 suavis,
929 2433 946 2475 a
975 2432 1034 2493 quo
1056 2412 1135 2475 nulla
1158 2413 1301 2476 beneficia
1324 2413 1464 2494 ”praeest

319 2523 419 2577 serant
446 2516 504 2578 boc
530 2533 624 2593 genus
646 2514 799 2578 suavitatis
823 2534 880 2595 qun
908 2514 990 2577 soles
1013 2525 1044 2576 et
1070 2514 1179 2577 imbres
1208 2515 1259 2594 qui
1286 2517 1464 2578 feneraverat

318 2633 379 2678 non
403 2613 603 2693 ¹'recepturus
626 2613 663 2675 ab
684 2615 814 2678 humano
838 2633 960 2695 genere,
984 2625 1016 2676 ut
1037 2625 1169 2688 creator,
1192 2616 1241 2696 qui
1256 2636 1311 2696 pro
1332 2623 1414 2678 tanta
1429 2615 1464 2680 eit

317 2723 485 2780 mentorum
506 2713 681 2778 iiberalitate
703 2716 818 2779 facilius
840 2715 928 2778 idolis
956 2735 1044 2795 quam
1073 2716 1132 2779 sibi
1154 2716 1287 2778 debitum
1308 2718 1420 2796 gratiae
1440 2735 1464 2782 rt

318 2816 446 2880 terentes
468 2814 606 2879 homines
628 2834 723 2897 usque
745 2817 841 2879 adbuc
863 2816 1001 2879 sustinet.
1038 2817 1114 2879 Vere
1136 2816 1236 2878 suasis
1259 2818 1348 2880 etiam
1371 2818 1464 2898 spiriti

165 2926 305 2980 ramat·
320 2916 396 2978 libus
411 2916 588 2981 commodis.
622 2917 746 2999 Eloquia
769 2919 849 2981 enim
871 2918 982 2981 domim
1007 2918 1137 2981 dulciora
1159 2938 1252 2998 super
1273 2920 1332 2981 mei
1354 2928 1385 2983 et
1398 2922 1464 2983 isra

316 3016 369 3079 ille
390 3016 480 3096 igitur
501 3026 532 3080 ct
545 3017 676 3097 ingratos
692 3020 860 3099 suggillavit
873 3019 924 3100 qui
939 3028 1039 3099 gratos
1055 3020 1183 3101 experiri
1198 3020 1384 3095 merebatur,
1405 3020 1464 3085 cuit

321 3115 443 3179 ¹³solem
466 3128 496 3183 ct
517 3118 627 3182 imbres
650 3129 681 3182 tu
703 3139 823 3201 quoque
843 3120 973 3185 Marcion
997 3121 1157 3200 ¹‘ingratus
1179 3121 1332 3193 habuisti.¹
1354 3122 1464 3187 Cetonu

318 3227 387 3281 tuus
415 3237 477 3280 non
505 3228 623 3299 poterat
650 3221 709 3284 iam
737 3221 821 3301 queri
850 3223 1000 3301 ingratos,
1031 3223 1081 3302 qni
1115 3241 1176 3284 non
1204 3231 1360 3302 paraverat
1380 3230 1464 3302 pat«

165 3331 299 3385 anemio.
318 3318 552 3385 Misericordiam
584 3340 702 3403 quoque
734 3322 936 3404 praecipiens,
973 3322 1095 3396 Estote,
1128 3323 1238 3402 inquit,
1271 3322 1464 3387 misericorde

164 3420 397 3486 natumnsicut
418 3431 503 3502 pater
526 3424 660 3487 ¹⁵rester.
673 3423 815 3487 misertus
838 3432 885 3487 eet
905 3424 1008 3487 vestri.
1042 3423 1106 3485 Hor
1120 3423 1190 3498 erit,
1214 3424 1325 3486 Panem
1339 3422 1464 3504 infringit

318 3504 476 3593 esurienti,
500 3524 557 3587 ¹⁸et
578 3531 608 3589 si
627 3526 693 3587 sine
714 3533 810 3598 tecto,
838 3525 870 3587 in
891 3525 1013 3589 domum
1037 3533 1116 3587 tuam
1145 3524 1292 3596 inducito,
1321 3536 1352 3588 et
1380 3524 1464 3595 nudu

196 3636 303 3689 reru.
319 3623 345 3683 si
367 3622 491 3695 rideris,
515 3626 622 3702 tegito,
647 3633 692 3702 et,
715 3625 844 3689 iudicate
858 3624 988 3705 pupilio,
1012 3634 1042 3687 et
1056 3626 1212 3689 iustificate
1228 3627 1356 3689 viduam.
1387 3628 1464 3707 Agat

182 3739 301 3791 nesus.
319 3739 371 3783 sco
393 3722 558 3787 doctrinam
580 3726 644 3789 eius
665 3735 795 3789 vaterem
815 3726 866 3805 qui
881 3726 991 3789 mavult
1012 3727 1246 3790 misericordiam
1267 3746 1356 3808 quam
1376 3722 1464 3795 nait

318 3823 406 3887 aium.
449 3824 508 3886 tut
529 3824 556 3887 si
580 3824 681 3889 ¹⁷alius
709 3844 789 3891 nuno
815 3827 1051 3890 misericordiam
1078 3828 1244 3908 praecepit,
1277 3829 1346 3910 quia
1374 3839 1404 3893 et
1422 3828 1464 3911 ipt

316 3973 362 4023 tu.
381 3973 526 4024 exsolvitnro
545 3976 667 4028 Vaticanus
684 3979 753 4029 aiter.
800 3977 825 4029 8.
843 3978 1077 4031 exointnrosBCabc.
1114 3981 1273 4031 exsolvituros
1294 3978 1464 4033 resonasti

316 4040 339 4090 9.
359 4048 451 4091 tsntnm
467 4042 579 4093 hierius.
614 4045 662 4094 iam
679 4046 816 4095 Fr.1uniss.
852 4054 901 4096 tum
919 4047 1022 4098 BCaicd.
1075 4046 1116 4098 to.
1134 4049 1174 4112 qui
1196 4049 1318 4100 Vaticanus
1335 4064 1402 4100 ow·
1445 4044 1464 4105 Ε

334 4118 503 4160 raeeesserunt
520 4113 552 4172 d,
564 4112 678 4162 Latinius.
721 4112 760 4163 12.
778 4122 920 4178 recepturus
938 4122 975 4165 est
985 4117 1014 4164 sb
1027 4116 1065 4166 Fr.
1076 4117 1164 4166 iunius.
1207 4114 1247 4167 1³.
1266 4117 1332 4167 soles
1350 4120 1374 4168 d.
1407 4108 1464 4167 sati

315 4122 357 4224 ii.
376 4177 483 4237 ingratos
501 4178 554 4229 libe.
607 4178 646 4229 ib.
666 4189 734 4242 poter
751 4189 830 4230 aester
848 4183 894 4243 cd,
913 4197 943 4233 ea
960 4185 1051 4234 duobos
1071 4182 1194 4234 Vaticanis.
1229 4191 1298 4246 pater
1314 4185 1406 4250 reiigsi.
1444 4178 1457 4233 i

316 4244 448 4361 {tmtisssiznde
461 4261 516 4361 ἥρ
551 4255 575 4296 et
592 4248 634 4312 qni
651 4249 705 4297 sine
723 4249 862 4313 ieopoidus.
897 4256 921 4298 et
938 4251 991 4300 siue
1007 4250 1082 4302 ucat.
1117 4258 1141 4300 et
1159 4252 1283 4302 mendicos
1301 4253 1355 4303 eine
1372 4257 1464 4303 rauna

350 4458 371 4492 r„
390 4443 446 4522 pins
464 4446 528 4496 enim
546 4453 583 4496 est
600 4448 646 4496 etsi
656 4448 805 4511 exsoluturo,
824 4464 879 4501 enm
928 4465 1024 4517 qnoque
1042 4452 1081 4502 dei
1100 4452 1243 4515 impugnans
1256 4453 1354 4517 nuptias
1366 4466 1414 4503 nou
1426 4460 1464 4503 cst

316 4524 412 4589 reposci
444 4509 612 4629 sletgtldiiaec
640 4518 711 4565 rerba
737 4519 877 4579 parenthesi
928 4520 1012 4581 iungit,
1039 4519 1179 4570 coniunctus
1206 4533 1255 4569 non
1282 4520 1413 4571 admittit⁸‘
1433 4518 1464 4583 (Ι

315 4592 415 4699 ioniiiinni
433 4589 650 4712 isitiibaareiitim’
677 4597 707 4633 ne
725 4590 799 4634 noum
818 4600 876 4636 m·
927 4587 1056 4704 vilense
1067 4654 1138 4715 dnos,
1156 4655 1253 4715 unum]
1270 4658 1403 4720 Antequam
1411 4652 1464 4705 atri

330 4714 373 4793 .⁶·
391 4716 524 4767 auterendo
549 4711 709 4794 connubium]
738 4718 809 4777 Orod
837 4720 876 4770 ts·
926 4731 964 4772 sot
987 4722 1056 4781 dens,
1082 4722 1110 4773 Et
1133 4730 1204 4771 erunt
1226 4722 1274 4773 dno
1300 4725 1324 4774 in
1341 4738 1388 4775 uos
1405 4734 1464 4777 est!

315 4782 394 4833 arebat
410 4784 504 4836 settieet
521 4783 648 4834 Marcionis
665 4785 734 4836 deus.
757 4787 798 4836 Sic
810 4789 877 4839 enim
925 4789 1031 4850 (Rigalt.)
1059 4790 1101 4839 ini
1119 4798 1215 4841 orestus
1233 4798 1260 4839 nt
1276 4792 1360 4852 Adam,
1378 4800 1464 4855 not}

314 4864 388 4915 supra
406 4845 471 4918 [rap.
484 4846 527 4919 tt]
551 4852 631 4914 „taes
655 4853 720 4904 enim
744 4853 822 4929 legem
840 4856 876 4907 tui
926 4859 1051 4909 neritinae
1068 4864 1225 4922 propagatus.
1242 4858 1404 4921 (Fr-lunius.)
