3242 5775
616 592 766 637 inversus
789 594 961 641 moronus
983 600 1042 643 nnn.
1058 602 1079 643 1.
1171 586 1175 595 '
1399 598 1440 661 55

247 740 351 801 suntin
373 740 424 803 cui
448 741 612 816 adscribo,
635 742 748 805 nomini
771 762 820 806 mc
842 746 1012 810 adscribere
1025 757 1132 827 putas,
1154 753 1222 831 quia
1244 773 1371 820 necesse
1393 770 1441 823 cst

247 860 297 922 per
317 861 433 903 nomen
456 843 621 905 ostendam
643 842 689 905 cui
712 843 880 907 adscribam
900 847 1098 925 substantiae,
1121 852 1236 916 scilicet
1249 874 1306 935 qua
1322 868 1439 923 constat

248 944 295 1022 qni
316 943 394 1006 deus
417 943 545 1019 dicitur,
576 955 607 1005 et
628 963 778 1006 summum
800 964 939 1026 magnum
963 968 998 1009 ex
1019 950 1202 1027 substantia,
1232 972 1294 1017 non
1317 977 1355 1023 cx
1375 978 1434 1021 no·

247 1046 342 1116 mine,
363 1044 540 1124 deputatur.
572 1045 707 1125 Denique
729 1045 805 1108 ⁹hoc
827 1055 857 1108 et
877 1048 1007 1111 Marcion
1030 1069 1086 1112 suo
1109 1052 1165 1113 deo
1188 1053 1357 1133 vindicans,
1381 1079 1432 1122 se-

247 1146 375 1231 cundum
397 1155 527 1220 statum,
551 1165 614 1207 non
637 1147 800 1208 secundum
823 1148 995 1211 vocabulum
1018 1152 1155 1213 vindicat.
1197 1153 1231 1214 ld
1253 1173 1323 1235 ergo
1345 1146 1430 1221 sum·

249 1264 329 1307 mm
351 1266 511 1327 magnum,
542 1247 621 1326 quod
644 1247 700 1308 deo
722 1248 920 1310 adscribimus
943 1269 978 1311 er
1001 1251 1187 1314 substantiae
1209 1253 1287 1334 lege,
1301 1232 1370 1320 ‘non
1395 1279 1431 1322 ex

247 1349 377 1410 nominis
399 1358 502 1419 sorte,
532 1349 738 1411 contendimus
762 1368 798 1410 ex
820 1351 885 1429 pari
909 1369 977 1413 esse
999 1352 1108 1414 debere
1131 1354 1162 1413 in
1183 1353 1300 1418 duobus
1322 1358 1372 1437 qui
1395 1378 1429 1420 ea

249 1448 414 1511 absonus
436 1457 577 1511 constant
601 1450 684 1529 ¹⁰qna
706 1451 780 1512 deus
801 1450 925 1525 dicitur,
956 1453 974 1484 ¹¹
983 1453 1051 1532 quia
1079 1455 1110 1514 in
1139 1465 1280 1533 quantum
1309 1457 1350 1518 dii
1372 1478 1427 1520 vo-

249 1561 365 1620 cantur,
390 1551 422 1611 id
444 1560 494 1613 est
514 1568 630 1613 summa
652 1570 773 1631 magna,
797 1551 980 1614 substantiae
995 1554 1107 1615 scilicet
1128 1556 1236 1615 merito
1258 1555 1376 1618 innatae
1398 1568 1429 1621 et

248 1661 385 1712 aeternae
407 1670 443 1713 ac
463 1670 520 1731 per
540 1652 599 1712 boc
620 1670 742 1732 magnae
773 1651 829 1713 ''et
856 1671 1005 1724 summae,
1036 1655 1067 1714 iu
1096 1662 1209 1716 tarrtum
1238 1675 1298 1716 non
1327 1659 1428 1737 possit

248 1770 396 1813 summum
420 1770 560 1831 maguum
582 1753 681 1814 minus
705 1762 734 1814 et
756 1753 887 1814 deterius
910 1753 967 1815 alio
990 1772 1107 1816 summo
1123 1773 1230 1833 magno
1244 1756 1359 1817 baberi.
1393 1758 1426 1819 Si

248 1853 353 1914 summi
376 1854 479 1932 magni
501 1853 628 1915 felicitas
651 1864 680 1914 et
700 1853 867 1915 sublimitas
890 1864 918 1915 et
939 1854 1094 1933 integritas
1116 1854 1207 1916 stabit
1227 1855 1257 1916 in
1273 1856 1330 1918 deo
1344 1857 1425 1918 blar-

248 1954 355 2025 donis,
380 1954 475 2014 stabit
495 1948 588 2033 aeque
611 1954 690 2014 etin
712 1962 837 2028 nostro,
868 1955 894 2015 si
917 1973 978 2016 non
1001 1964 1031 2015 et
1052 1955 1082 2015 in
1104 1962 1349 2035 nostro,acque
1371 1975 1427 2019 nec

248 2055 276 2115 in
296 2055 469 2116 biarcionis.
496 2040 581 2133 Ergo
603 2072 659 2115 nec
679 2055 761 2133 paria
783 2064 871 2116 eruut
898 2055 956 2117 duo
980 2073 1096 2115 summa
1118 2073 1238 2134 magna,
1260 2057 1328 2137 quia
1349 2077 1423 2137 pro-

249 2156 326 2216 bibet
346 2155 495 2234 disposita
517 2156 576 2216 iam
597 2156 696 2234 regula
720 2156 826 2216 summi
849 2156 947 2235 magni
970 2156 1305 2235 comparationemnon
1328 2158 1422 2218 susti-

250 2257 358 2328 nentis,
393 2275 452 2318 nec
483 2256 628 2335 disparia,
660 2256 727 2335 quia
756 2264 786 2316 et
812 2256 867 2317 alia
898 2256 1008 2318 summi
1036 2257 1133 2335 magni
1161 2256 1261 2334 regida
1284 2256 1423 2328 occurrit,

250 2357 558 2419 luninutionem-non
580 2356 748 2417 admittens.
792 2355 968 2430 ¹⁸Haesisti,
990 2356 1139 2429 Marcion,
1163 2355 1193 2417 iu
1216 2355 1315 2417 medio
1336 2355 1424 2416 Ponti

251 2459 286 2519 tsi
307 2459 433 2521 ¹*aestu
471 2457 614 2536 Utrinque
636 2466 666 2517 te
687 2458 793 2518 fluctus
817 2457 968 2518 involvunt
989 2457 1132 2519 veritatis.
1175 2456 1237 2518 Nec
1258 2474 1345 2536 pares
1368 2474 1424 2517 nec

252 2557 374 2639 &putes
398 2560 475 2620 deos
500 2549 727 2636 sistere'potes.
776 2558 841 2620 Duo
864 2558 943 2620 enim
966 2577 1024 2620 non
1049 2566 1135 2633 sunt3
1168 2558 1248 2637 quod
1275 2557 1423 2638 pertineat

198 2729 199 2738 χ
255 2661 361 2738 proprie
385 2660 425 2719 ad
449 2659 565 2721 numeri
588 2667 787 2720 retractatum.
832 2660 1044 2738 ¹⁶Quamquam
1066 2666 1128 2721 tota
1150 2659 1273 2721 materia
1290 2659 1327 2720 de
1342 2659 1432 2735 duo-,

198 2743 199 2814 l
254 2757 299 2819 bns
317 2760 385 2821 dcis
409 2759 583 2831 dimicetur,
613 2759 659 2819 bis
681 2759 799 2820 iuterim
820 2758 906 2820 lineis
936 2758 1226 2831 eam.¹⁸clausimus,
1248 2759 1326 2821 intra
1347 2776 1420 2838 quas
1479 2805 1488 2824 ,,

251 2859 280 2922 dc
298 2861 504 2941 singularibus
526 2860 584 2921 iam
607 2859 838 2940 proprietatibus
861 2860 1115 2940 congrediemur·.

320 2964 443 3034 Primo,
469 2960 629 3040 supercilio
653 2970 804 3040 stuporem
821 2980 907 3022 suum
923 2961 1094 3022 aedificant·
1108 2961 1314 3035 Marcionitae,
1337 2961 1416 3040 quod
1435 2980 1529 3039 canvu

247 3082 345 3125 norum
370 3065 464 3125 decim
489 3062 495 3091 ¹
505 3063 676 3140 proterant,
711 3061 794 3140 quasi
824 3081 880 3122 nos
908 3063 1016 3123 veteris
1045 3062 1092 3123 dei
1115 3062 1233 3141 pudeat.
1278 3062 1422 3141 Inflantur

246 3165 374 3244 etpueri
397 3162 488 3225 novis
509 3160 634 3234 calceis,
659 3162 747 3222 seda
771 3170 870 3223 vetere
891 3162 1060 3241 paedagogo
1084 3161 1202 3223 calceati
1227 3180 1296 3221 mox
1318 3179 1421 3221 vanam

241 3266 357 3343 gloriam
383 3260 599 3342 vapulabuntb.
634 3248 747 3322 Novum
769 3263 857 3340 igitur
879 3262 1003 3322 audiens
1027 3262 1114 3322 deum
1137 3262 1168 3322 in
1189 3271 1289 3322 vetere
1311 3263 1421 3323 mundo

240 3368 313 3427 etin
337 3374 448 3426 vetere
476 3382 551 3424 aevo
582 3373 613 3423 et
641 3362 697 3423 sub
724 3371 823 3423 vetere
850 3362 906 3422 deo
935 3362 1087 3439 ignotum,
1121 3360 1301 3431 inauditum,
1334 3379 1422 3438 quem

236 3470 318 3528 tantis
343 3475 435 3527 retro
453 3462 581 3524 saeculis
598 3463 755 3535 neminem,
778 3471 808 3524 et
822 3462 903 3541 ¹ipsu
919 3459 1102 3537 ³ignurantia
1118 3457 1280 3535 antiquum,
1304 3457 1421 3535 qnidam

234 3568 333 3629 *lesus
359 3565 527 3635 Christus,
557 3571 588 3624 ot
609 3563 658 3622 ille
680 3562 709 3622 iu
732 3562 880 3623 veteribus
904 3557 1075 3620 numinibus
1098 3575 1210 3629 novus,
1239 3556 1421 3630 revelaverit,

229 3688 282 3730 nec
303 3669 384 3729 atius
408 3664 560 3735 antebac,
584 3662 691 3740 gratias
713 3681 767 3741 ago
790 3662 861 3723 huic
882 3660 993 3739 gloriae
1017 3676 1135 3730 eorum,
1169 3658 1312 3719 ⁵marimo
1336 3657 1421 3719 adiu·

229 3772 303 3831 torio
326 3770 397 3829 eius
422 3765 503 3826 hinc
523 3764 584 3823 iam
608 3762 751 3823 haeresim
774 3763 971 3841 probaturus,
999 3778 1093 3819 nuvae
1121 3759 1234 3820 scilicet
1260 3758 1422 3819 divinitatis

224 3869 467 3951 professionem.
516 3863 617 3923 ⁶Hacc
639 3863 695 3922 erit
716 3863 831 3923 novitas
854 3880 928 3940 quae
951 3860 1038 3921 etiam
1062 3860 1186 3921 ethnicis
1210 3859 1283 3918 deos
1305 3857 1423 3936 peperit

222 4058 349 4108 §.etboc
369 4067 452 4115 aa
465 4051 598 4098 Vaticanis.
647 4047 820 4110 tuquiatll.
870 4045 908 4095 tt.
928 4045 983 4107 quir
1002 4045 1082 4107 quiin
1101 4051 1215 4108 quantum
1234 4043 1295 4092 Asc.
1340 4041 1379 4090 12.
1398 4049 1423 4090 et

222 4130 322 4176 subc.
384 4121 431 4172 13.
455 4118 564 4167 nescisti
583 4114 627 4163 AB.
671 4115 709 4162 il.
729 4115 852 4163 estuiAB.
901 4112 940 4160 15.
960 4112 1100 4175 Quicunque
1118 4111 1161 4161 AB.
1204 4108 1243 4158 16.
1263 4109 1379 4157 clusimus
1398 4109 1421 4156 d.

280 4195 341 4257 Cap.
362 4190 433 4239 tttt.
489 4185 512 4232 1.
534 4184 661 4244 proterant
688 4184 724 4232 cd.
748 4182 858 4230 i'uticnni.
901 4179 1039 4241 praeierunt
1061 4179 1153 4241 reliqui.
1213 4175 1237 4224 2.
1262 4177 1341 4239 ipsum
1360 4173 1421 4222 nnc.

219 4260 428 4324 dignorantiam
452 4261 481 4301 et
503 4248 668 4314 quidumdlt.
725 4248 749 4296 t.
768 4247 848 4296 lesum
869 4247 991 4295 Christum
1010 4245 1052 4294 BG.
1111 4244 1136 4292 5.
1154 4244 1256 4292 maxime
1275 4259 1304 4304 c,
1330 4256 1358 4289 es
1380 4241 1422 4289 i'o·

218 4334 299 4380 w.
356 4327 384 4377 6.
408 4325 466 4373 hoc
489 4318 538 4368 ts.

242 4481 259 4514 ι
278 4468 351 4515 fini,
373 4485 415 4498 --
437 4481 481 4493 -
512 4453 581 4500 intra
608 4463 667 4511 ques
690 4474 724 4484 -
749 4462 807 4496 con·
894 4446 916 4495 b.
936 4444 1035 4494 calceati
1053 4457 1108 4491 mox
1126 4454 1209 4490 vonum
1228 4441 1329 4501 gloriam
1348 4452 1423 4502 rapu·

215 4528 363 4598 ww]
386 4528 432 4579 ct.
459 4535 537 4586 quae
558 4516 667 4564 rduotcri
686 4514 716 4564 ed
734 4516 808 4563 Scor·
859 4507 964 4576 tabunt]
990 4510 1138 4560 subauditur
1162 4509 1294 4557 secundum.
1329 4505 1423 4582 'Figurc

212 4603 356 4668 rucupi.
377 4595 466 4648 Adde
477 4586 597 4637 Salmas.
606 4583 629 4631 in
639 4582 713 4631 Solin.
724 4581 807 4645 nott.
861 4581 959 4631 Grueco.
978 4574 1104 4636 (ltlrenon.)
1131 4575 1248 4623 Dicuntur
1265 4586 1334 4636 pueri
1353 4570 1423 4629 „cal-

235 4670 285 4735 (ζψ,
306 4669 371 4719 vm,
418 4678 446 4711 ι,
475 4664 617 4716 stuporem
636 4664 704 4698 sunm
724 4649 806 4698 aedili·
862 4648 921 4697 cesti
940 4660 1021 4694 vanam
1041 4641 1161 4706 gloriam‘
1182 4644 1255 4701 ligura
1268 4641 1358 4688 Graeca
1377 4648 1423 4698 pro

210 4735 259 4802 nrt]
283 4741 321 4789 ct.
345 4730 460 4798 Rigalt.
496 4721 602 4771 aunon.
626 4717 655 4766 sd
679 4718 712 4766 lle
737 4715 809 4766 Cultu
862 4713 974 4791 eoquod
993 4721 1030 4788 est
1048 4712 1114 4760 novis
1139 4708 1226 4757 calceis
1250 4701 1369 4778 instructi,
1394 4699 1425 4748 de

208 4803 277 4856 lenio.
296 4809 318 4867 i,
331 4805 359 4854 6.
862 4780 949 4845 qutbtts
967 4779 1102 4842 gloriantur
1120 4790 1186 4826 ncnc.
1205 4773 1253 4831 (rr.
1266 4765 1368 4824 lunius.)
