3242 5775
623 578 784 624 namma.
1141 541 1144 546 ⁵
1230 565 1294 634 68³

109 727 277 808 'qnoniam
305 745 367 791 non
394 736 443 790 est
470 721 506 790 cx
534 727 658 792 arbitrio
686 728 838 792 somniare
864 731 945 802 tuam
966 729 1017 792 ‘et
1036 729 1232 812 Epicharmus
1253 730 1294 798 ita

109 829 239 905 sentit),
260 828 411 908 quomodo
434 828 499 910 ipsa
522 829 580 893 erit
600 829 658 892 sibi
680 847 768 892 causa
790 827 913 892 abcuius
935 829 1085 894 visionis?
1122 831 1200 894 Num
1221 851 1294 913 ergo

110 933 192 994 haec
214 929 331 1010 species
353 929 479 992 naturali
501 928 632 992 ⁷iormae
647 930 839 1010 relinquenda
857 938 912 1005 est,
936 927 1060 994 servans
1075 931 1191 995 animae
1206 932 1294 998 etiam

110 1032 145 1093 in
169 1029 297 1094 ‘ecstasi
319 1047 369 1091 res
392 1049 462 1093 suas
484 1029 626 1112 perpeti?
661 1030 703 1092 Ea
725 1040 840 1104 numm,
863 1049 939 1110 quae
959 1049 1057 1112 neque
1077 1049 1095 1093 a
1116 1031 1174 1096 deo
1195 1051 1294 1114 neque

109 1130 307 1194 adaemonio
329 1149 426 1210 nequo
448 1130 485 1193 ab
507 1132 605 1194 anima
627 1130 806 1194 ridebuntur
821 1131 969 1205 accidere,
992 1140 1023 1193 et
1036 1140 1157 1212 praetor
1171 1132 1292 1215 opinio·

108 1251 185 1295 nem
209 1241 240 1294 et
260 1240 378 1312 praeter
399 1231 674 1313 interpretationem
696 1239 727 1293 et
748 1231 1116 1312 praeter⁰enarrationem
1133 1234 1292 1312 taculum,

108 1333 174 1415 ipsi
197 1333 322 1414 proprie
344 1332 451 1394 ecstasi
475 1342 505 1394 et
526 1332 634 1394 satiem
657 1332 721 1394 eius
743 1331 969 1412 separabuntur.
1409 1400 1414 1414 ,

202 1433 337 1496 Certiora
360 1443 390 1494 et
413 1432 586 1495 ¹colatiora¹
608 1431 751 1495 somniari
773 1434 919 1494 affirmant
934 1432 991 1495 sub
1005 1434 1123 1498 extimis
1138 1434 1444 1514 romense-ussus·

106 1535 202 1617 quasi
224 1535 282 1597 iam
305 1519 475 1612 emergente
497 1533 661 1597 animarum
683 1534 786 1611 rigore
807 1533 968 1613 'prodacto
991 1551 1112 1612 sopore.
1147 1535 1191 1598 Ex
1213 1543 1291 1600 tom·
1337 1586 1342 1594 .

109 1636 242 1718 poribus
264 1636 380 1698 'autem
408 1635 477 1698 anni
506 1653 598 1696 verno
626 1634 720 1714 magis
748 1634 864 1714 quieta,
897 1634 978 1715 quod
1004 1633 1119 1700 ‘aestas
1147 1635 1294 1700 dissonas

110 1736 232 1800 animas
255 1745 286 1798 et
306 1736 418 1797 ⁸hiems
449 1735 668 1815 quodammodo
697 1734 840 1808 obduret,
870 1744 900 1796 et
920 1743 1097 1811 autumnus,
1128 1743 1291 1818 temptator

110 1837 189 1900 alias
209 1831 438 1909 'valetudinum
469 1835 569 1898 “sucis
597 1854 755 1918 pomorum
777 1836 978 1898 vinosissimis
1000 1836 1102 1899 diluat.
1150 1837 1225 1900 item
1255 1855 1292 1902 ex

112 1938 212 2019 ipsius
235 1938 342 2018 quietis
364 1939 439 2012 situ,
463 1938 489 1999 si
511 1955 607 2017 neque
629 1936 770 2017 resupina
792 1955 890 2016 nequo
912 1938 1033 2000 dextero
1055 1937 1150 2002 tatere
1167 1938 1290 2004 demm-

114 2038 183 2114 bat,
211 2057 309 2119 neque
331 2038 568 2117 conresupinatis
591 2038 734 2112 internis,
766 2038 853 2117 quasi
874 2037 1168 2123 'refusisiioeulim
1201 2041 1291 2106 statio

116 2141 278 2203 sensuum*
300 2139 426 2214 ⁹ssuitet,
449 2148 500 2200 aut
515 2140 731 2218 ¹⁰c0mpressa·
753 2140 862 2201 iecoris
880 2139 898 2172 ¹¹
907 2139 1013 2219 angina
1027 2139 1068 2201 sit
1082 2140 1200 2204 mentis.
1229 2140 1291 2204 Sed

118 2237 189 2302 haec
208 2240 364 2319 ingeniose
386 2239 536 2301 aestimari
557 2240 658 2319 potius
681 2257 768 2317 quam
783 2247 955 2303 constanter
968 2240 1089 2320 probari
1103 2250 1203 2321 putem
1219 2241 1291 2318 (etsi
1404 2253 1429 2278 ·'

122 2335 199 2402 i‘iato
221 2341 334 2420 estqui
349 2359 384 2402 ea
399 2339 613 2417 aestimamur,
636 2347 666 2400 et
679 2339 847 2401 fortassean
863 2359 933 2402 casu
948 2342 1130 2420 procedant..
1150 2341 1290 2423 Alioquin
1322 2423 1325 2428 ι

124 2456 157 2502 ex
176 2442 297 2505 arbitrio
321 2450 409 2504 eruut
430 2442 561 2514 somnia,
584 2441 611 2502 si
634 2439 720 2519 dirigi
741 2447 892 2520 poterunt.
923 2441 996 2504 Nam
1018 2442 1097 2521 quod
1119 2451 1149 2504 et
1163 2443 1200 2506 de
1214 2442 1289 2506 cibis

127 2537 335 2622 distinguendis
357 2542 403 2604 vel
426 2541 649 2620 ¹'derogandis‘
680 2559 760 2602 nnnc
786 2543 991 2624 praesumptio
1013 2561 1093 2608 nuno
1114 2543 1289 2623 superstitio

129 2637 301 2724 disciplinam
322 2643 448 2705 somniis
469 2641 662 2722 praeseribit,
684 2640 910 2703 examinandum
933 2651 989 2705 est
1037 2643 1234 2724 Superstitio,
1256 2653 1292 2710 ut

132 2755 184 2806 tum
204 2745 282 2825 apud
305 2743 422 2806 oracula
443 2743 627 2804 incubaturis
650 2741 791 2804 ieiunium
820 2742 975 2818 indicitur,
994 2742 1064 2806 ·¹³ut
1084 2745 1291 2808 castimoniam

135 2837 278 2919 “inducam
300 2823 522 2927 praesumptio,
552 2851 584 2906 ut
605 2861 671 2905 cum
693 2843 877 2924 Pythagorici
906 2844 944 2906 ob
972 2845 1049 2907 banc
1075 2863 1196 2928 quoque
1216 2865 1289 2929 spe·

137 2941 192 3007 deni
212 2947 310 3008 tabani
332 2955 476 3026 respuunt
497 2963 658 3007 onerosum
681 2954 712 3006 et
734 2946 873 3008 ¹⁵intlatui
888 2944 1071 3026 pabulumt·
1090 2948 1198 3027 Atquin
1213 2948 1291 3011 trina
1321 2936 1324 2941 ¹

139 3041 252 3111 tumn
276 3047 396 3108 Daniele
418 3047 586 3108 fraternitas
609 3045 756 3126 legumine
779 3046 845 3108 soio
875 3049 1023 3123 contenti,
1050 3066 1088 3109 ne
1116 3049 1206 3129 regiis
1226 3051 1290 3112 ier·
1305 3036 1417 3145 ,Rigffl

139 3146 193 3209 ou
213 3150 496 3221 contaminarentur,
517 3155 637 3228 praeter
651 3147 825 3227 sapientiam
841 3147 982 3229 reliquam
999 3149 1184 3213 somniorum
1199 3168 1289 3231 prae·

140 3246 204 3328 tipue
224 3250 347 3331 gratiam
370 3269 386 3311 a
409 3250 464 3311 deo
486 3249 676 3310 redemerunt
699 3257 729 3309 et
752 3248 1032 3328 ¹⁶impetrandorum
1050 3260 1080 3310 et
1094 3249 1290 3312 disserendo·

140 3414 272 3499 iunoniam
291 3438 322 3498 6.,
343 3438 371 3485 de
389 3438 501 3486 emendat.
519 3437 613 3486 beticii.
659 3448 705 3497 qus
724 3433 907 3484 Fuluiirmnus.
950 3448 1021 3552 tuam
1038 3434 1115 3485 usca.
1167 3434 1192 3485 6.
1210 3441 1234 3486 ct
1251 3436 1291 3501 pi·

140 3498 229 3553 darmm
245 3505 288 3564 Λβ.
341 3503 366 3552 i.
384 3505 461 3552 torma
479 3504 521 3563 Αβ.
574 3502 597 3551 8,
617 3502 690 3550 extasi
708 3499 770 3550 ABG.
808 3501 902 3565 titique.
973 3502 1160 3551 marritionem
1178 3506 1204 3553 Δ.

187 3570 241 3635 esp.
259 3571 359 3621 xtvttt.
406 3571 427 3620 1.
446 3570 572 3620 coitatiora
589 3570 614 3618 6.
668 3567 829 3630 aprorum
848 3570 900 3618 edd.
919 3569 1191 3633 Senterterteopotci.
1225 3570 1291 3620 ntes·

140 3632 184 3686 isse
222 3636 246 3688 3.
264 3641 344 3688 antem
363 3641 441 3688 onst.
484 3638 508 3687 4.
528 3645 607 3687 aestas
626 3635 707 3686 omi.
749 3634 773 3683 5.
792 3635 887 3699 hiemps
904 3636 929 3686 t.
965 3636 1048 3700 hyems
1065 3636 1091 3685 B.
1136 3634 1160 3685 6.
1179 3640 1290 3690 ιηοπιΔ.

140 3706 247 3755 md.
299 3705 324 3754 i.
343 3704 449 3768 repulsis
466 3706 548 3768 temp.
606 3702 630 3752 8.
650 3701 795 3752 iocansne,
854 3700 1109 3754 hbuitetantdd.
1163 3703 1290 3755 theom·
1359 3720 1365 3731 ¹

141 3779 205 3828 nuru
223 3774 262 3823 Co.
316 3771 356 3821 ii.
375 3773 457 3833 sagina
475 3773 556 3835 ABmp.
603 3769 848 3819 indecentibus.
883 3770 1026 3821 decorandis
1045 3772 1066 3820 b.
1115 3769 1154 3820 ¹³.
1174 3779 1199 3820 ut
1217 3772 1290 3822 casti-

142 3840 222 3907 ¹traiani
240 3840 337 3890 indurat
354 3842 434 3891 emb
489 3839 528 3888 14.
546 3839 638 3888 inducit
653 3838 680 3887 6.
732 3836 772 3886 16.
790 3837 881 3886 inflatui
898 3838 958 3891 aut.
994 3839 1102 3888 inflatum
1118 3839 1213 3905 retipus'.
1249 3838 1289 3893 16.

141 3907 316 3967 hpmndomm
333 3907 359 3957 Α.
1231 3940 1234 3945 -

164 4037 329 4104 tspxhttit.
370 4056 392 4090 a,
420 4036 549 4104 cotatiora]
581 4040 621 4089 Sic
646 4038 679 4089 nd
729 4038 838 4102 ticipium
857 4038 921 4102 quod
939 4040 1059 4090 referatur
1075 4039 1105 4090 ad
1120 4054 1290 4105 praegressum

143 4099 186 4155 im
203 4106 246 4167 t,5
273 4109 331 4157 dun
353 4110 473 4169 „cototom
496 4106 678 4158 serenitatem.“
731 4108 821 4167 „statio
840 4107 982 4156 sensuum.“

143 4166 286 4226 sthronorii
306 4176 440 4226 Observata
460 4176 489 4235 u,
502 4175 526 4224 7.
765 4174 788 4223 d.
807 4174 853 4222 etsi
878 4174 944 4224 Plato
969 4181 1005 4224 est
1028 4174 1069 4239 qui
1095 4188 1123 4223 ea
1147 4170 1293 4243 aestimarit]

730 4240 845 4304 Respicit,
864 4242 887 4290 ui
908 4241 986 4302 iaitor,
1004 4242 1046 4291 itta
1059 4256 1120 4305 quaa
1138 4242 1168 4291 da
1185 4243 1293 4293 iecinore

143 4333 375 4419 hunnosque,
403 4348 545 4405 ⁸³¹¹ss¹¹i¹¹⁰¹¹¹
577 4346 680 4421 “fimi
731 4308 1292 4442 ‘minbiriiiiirbimriigirbbi'iimi'sbb'pu

143 4407 259 4536 mm·
281 4416 312 4463 ⁶⁸
336 4428 384 4478 ‘1¹¹⁰
409 4428 482 4476 supra
501 4427 554 4476 ⁰⁸⁹·
570 4411 608 4460 ¹⁵·
627 4411 678 4470 (ω’
729 4445 828 4507 scripsit
846 4445 992 4505 decorandis,
1018 4444 1083 4508 quod
1106 4446 1209 4509 explicat
1226 4445 1293 4508 „mi-

730 4513 794 4561 nime
812 4512 934 4570 curandis,
953 4511 1119 4561 omittendis.“

164 4271 264 4326 tueris
282 4272 411 4340 sensnum]
434 4277 546 4338 intelligit
565 4290 679 4339 praecor·

159 4588 182 4622 's
196 4575 343 4648 compressa]
370 4581 411 4630 Sic
434 4580 521 4641 tegitur
547 4581 570 4629 in
598 4593 678 4629 erem·
764 4580 780 4627 t.
800 4579 891 4629 inflatui
915 4576 1043 4643 pabutum]
1067 4580 1108 4630 Sic
1131 4580 1218 4645 scripsi
1237 4590 1291 4627 eum

145 4636 189 4698 titii
209 4648 331 4708 agobardi.
373 4650 528 4712 Compressan
553 4647 609 4696 dicit
633 4662 678 4711 pro
729 4645 832 4708 Rigattio
865 4661 892 4695 ex
919 4648 1059 4699 auctoritate
1086 4647 1140 4697 cod.
1164 4642 1290 4708 Agebardi.

145 4715 309 4775 mensione,
327 4724 354 4765 nt
371 4731 416 4780 pro
436 4718 578 4765 remissione
596 4718 678 4763 remis·
730 4714 776 4763 Sed
798 4713 895 4764 maliem
922 4730 1070 4777 „onerosum
1094 4731 1124 4767 ec
1146 4716 1228 4776 inlinis
1244 4724 1291 4775 ps·

145 4782 186 4827 tn
198 4780 299 4846 (Rigalt)
323 4783 398 4834 immo
417 4800 547 4849 compresso
565 4790 602 4834 est
620 4798 678 4847 par·
728 4779 840 4831 bulum.“
