3242 5775
197 700 201 708 ,
273 627 345 694 'iio
406 598 422 676 ff
532 642 635 696 cotnra
657 639 789 686 ommia
810 638 976 684 ruoasnris
999 635 1196 682 rraromimi

282 793 362 857 enim
383 789 616 871 ¹'unusquisque
637 789 684 853 vel
704 798 804 854 motus
826 787 863 850 de
885 788 978 868 gradu
1000 787 1064 849 eius
1086 785 1150 866 spei
1172 803 1258 864 quam
1283 792 1458 863 susceperat

283 889 360 976 apud
382 901 547 954 creatorem
569 891 653 953 lacile
673 891 732 953 iam
755 889 917 952 declinatur
934 889 970 950 ad
986 888 1105 950 alterius
1122 885 1186 966 spei
1201 893 1354 947 auctorem
1371 884 1457 947 etiarn

283 993 390 1057 ⁸‘ultro
419 993 640 1073 suspicandum.
690 991 748 1053 Per
770 990 969 1052 diversitatem
999 989 1079 1050 enim
1100 986 1334 1066 promissionum
1358 986 1458 1047 direr-

285 1095 358 1159 aitas
380 1093 548 1157 insinuatur
562 1093 697 1154 deorum.
731 1092 781 1154 Sic
802 1090 913 1152 multos
934 1089 1100 1172 ²{inretitos
1122 1087 1273 1158 ridemus,
1297 1087 1368 1149 dum
1391 1094 1460 1147 ante

284 1196 322 1259 de
342 1193 563 1257 resurrectione
585 1191 683 1254 carnis
705 1191 884 1253 ”eliduntur
906 1209 991 1270 quam
1014 1191 1051 1251 de
1072 1190 1183 1250 unione
1199 1188 1359 1249 divinitatis
1373 1186 1459 1248 ”eli-

284 1295 386 1359 duut·.
429 1295 521 1373 igitur
542 1301 683 1372 quantum
705 1293 741 1355 ad
763 1292 945 1365 haereticos,
979 1289 1247 1351 demonstravimus
1276 1308 1335 1368 quo
1364 1306 1460 1349 cuneo

283 1393 529 1458 ¹'occurrendum
558 1377 642 1455 sit'a
670 1393 768 1454 nobis.
824 1392 861 1452 Et
886 1409 1043 1475 occursum
1071 1400 1119 1452 est
1146 1389 1231 1451 ”iam
1260 1407 1317 1451 suo
1340 1406 1463 1468 quoque

284 1495 386 1570 titulo,
409 1494 447 1555 de
470 1495 525 1555 deo
548 1493 667 1572 quidem
690 1494 778 1556 unico
800 1500 831 1553 et
852 1492 972 1553 Christo
1000 1489 1082 1551 eius‘
1102 1491 1243 1551 adversus
1266 1489 1457 1561 Marcionem,

286 1595 432 1657 decarne
454 1612 524 1655 vero
546 1593 658 1654 domini
681 1594 768 1656 etiam
791 1593 933 1654 adversus
954 1600 1090 1671 quatuor
1112 1592 1282 1664 haeresesi,
1316 1591 1354 1651 ad
1383 1590 1464 1650 lianc

285 1695 412 1757 maxime
433 1694 637 1773 quaestionem
660 1693 920 1773 praestruendam
942 1692 984 1754 uti
1007 1712 1087 1753 nunc
1108 1692 1145 1753 de
1161 1692 1224 1753 sola
1239 1690 1337 1753 carnis
1354 1709 1459 1752 resur·

285 1794 419 1857 rectione
440 1794 481 1855 ita
503 1793 723 1872 ”digerendum
747 1794 801 1865 sit,
831 1802 969 1873 tanquam
999 1812 1092 1873 penes
1115 1812 1172 1854 nos
1194 1811 1314 1872 quoque
1336 1792 1461 1864 incerta,

285 1893 317 1956 id
338 1902 386 1956 est
405 1911 498 1974 penes
520 1903 693 1956 creatorem.
737 1894 809 1955 Nam
832 1894 966 1956 etmulti
989 1895 1094 1966 rudes,
1118 1904 1146 1954 et
1168 1893 1301 1974 plerique
1325 1911 1379 1953 sua
1404 1892 1464 1953 lide

287 1992 385 2067 dubii,
408 2001 439 2055 et
460 1981 609 2073 simplices
632 1994 748 2074 plures,
778 2014 853 2073 quos
875 1994 1000 2066 instrui,
1030 1994 1132 2073 dirigi,
1160 1994 1269 2058 muniri
1298 1994 1458 2073 oportebit,

287 2093 355 2173 quia
377 2100 407 2155 et
428 2093 486 2155 lioe
507 2092 597 2155 latere
619 2095 691 2156 unio
712 2093 874 2156 divinitatis
889 2092 1101 2157 ³¹defendetur.
1135 2093 1247 2156 ³'Sicut
1261 2094 1340 2156 enim
1356 2103 1460 2172 negata

288 2192 386 2256 carnis
408 2194 628 2256 resurrectione
650 2196 831 2268 concutitur,
854 2194 893 2255 ita
910 2193 1052 2255 vindicata
1067 2194 1309 2256 ”constabilitur
1339 2194 1460 2256 Animae

287 2301 385 2367 autem
409 2294 533 2354 salutem
556 2294 644 2355 credo
666 2302 826 2357 retractatu
848 2314 959 2357 carere.
1000 2295 1111 2357 Omnes
1134 2296 1213 2356 euim
1235 2297 1297 2356 lere
1320 2296 1458 2357 haeretici

288 2410 354 2456 eam
379 2391 529 2473 ’'quoquo
559 2394 648 2456 modo
676 2394 823 2469 “volunt‚
855 2404 952 2457 tamen
981 2414 1042 2456 non
1073 2404 1190 2474 negant.
1240 2395 1356 2457 Viderit
1383 2415 1461 2458 unus

287 2489 406 2572 ¹'aliqui
430 2493 597 2565 inanum,
620 2513 676 2556 nec
697 2495 767 2557 huic
787 2494 906 2574 quidem
929 2496 1111 2557 substantiae
1133 2515 1273 2575 parcens,
1298 2515 1385 2575 quam
1409 2516 1458 2558 se-

288 2590 416 2653 cimdum
438 2591 625 2653 Aristotelem
648 2595 831 2655 dissolvensi
854 2594 931 2656 aliud
953 2593 1051 2674 ⁸⁷quid
1074 2614 1128 2675 pro
1151 2616 1185 2658 ea
1209 2596 1331 2669 subicit,
1364 2595 1461 2659 ”ter-

286 2689 361 2754 tium
382 2690 520 2769 quiddam
541 2705 783 2767 resurrecturus,
806 2714 902 2775 neque
924 2696 1020 2757 anima
1043 2715 1138 2776 neque
1161 2716 1246 2771 caro,
1276 2697 1306 2758 iil
1330 2707 1462 2759 estnon

286 2789 395 2864 liomo,
418 2792 472 2853 sed
493 2810 583 2854 ursus
606 2795 747 2869 forsitan,
770 2795 855 2875 ⁸⁹qua
877 2795 1047 2857 Lucanus¹.
1087 2797 1182 2859 Habet
1203 2809 1233 2859 et
1253 2799 1311 2861 iste
1333 2818 1350 2860 a
1372 2798 1463 2860 nobis

287 2941 330 2992 23.
348 2943 521 3007 unoaqoisquia
538 2946 564 2994 i.
615 2945 657 2996 ai.
676 2947 740 2996 ultro
759 2948 830 2999 caii.
848 2950 963 3010 laurent,
984 2952 1048 3000 fiili.
1060 2952 1164 3002 Ursinus.
1200 2953 1262 3001 ultra
1280 2951 1338 3002 Ado.
1355 2959 1403 3002 traa
1418 2954 1464 3002 Va·

287 3010 367 3058 tieaai.
419 3007 458 3058 25.
479 3010 641 3063 hereticoad.
694 3013 734 3062 io.
754 3014 846 3064 elidunt
864 3016 889 3065 it.
943 3015 983 3066 ai.
1003 3019 1135 3068 elidantd.
1171 3035 1197 3067 sc
1216 3019 1308 3068 elidunt
1327 3020 1414 3069 Ludos.
1433 3022 1465 3069 de

280 3075 313 3125 ia
331 3074 411 3126 cuae
463 3074 503 3127 28.
530 3081 705 3130 occurrendum
730 3083 780 3133 lird.
821 3083 997 3133 decurrendum
1021 3087 1115 3151 reliqui,
1140 3094 1161 3136 et
1179 3087 1285 3136 locarent.
1346 3086 1387 3136 29.
1413 3087 1463 3135 iam

288 3143 391 3205 apicii.
426 3144 496 3193 etiam
514 3147 590 3197 Addo.
610 3149 716 3198 laurent.
774 3149 816 3198 ³0.
834 3151 990 3212 digerendum
1009 3155 1049 3214 sit,
1074 3163 1186 3218 tanquam
1206 3169 1281 3217 penes
1300 3159 1345 3202 nos
1362 3169 1463 3217 quoque

288 3209 379 3259 iucaita
397 3208 588 3272 (incertumdll.)
606 3215 684 3264 idest
702 3217 747 3276 (iel
763 3216 834 3266 eald.
861 3233 890 3266 ue
908 3226 945 3267 est
962 3222 1114 3280 dicarent.)
1133 3235 1207 3285 penos
1227 3229 1360 3270 creatorem
1372 3222 1465 3271 Adule.

288 3277 397 3328 deam
436 3278 498 3355 lieet
521 3283 635 3345 scripturo
650 3285 749 3346 primani
772 3283 885 3334 emanarit
910 3287 939 3335 de
956 3289 1024 3336 codd.
1043 3289 1162 3350 Ginpaeii.
1214 3288 1320 3350 digeram
1346 3296 1464 3352 tanquam

287 3357 365 3408 petrea
381 3358 427 3393 noa
445 3354 570 3406 incertum,
588 3349 644 3398 dum
660 3351 692 3399 sit
709 3366 805 3415 quoquo
823 3359 914 3403 serlum
933 3367 1008 3416 penei
1026 3365 1159 3404 creatorem
1180 3354 1219 3405 dd.
1251 3357 1358 3405 Proiecit
1371 3357 1408 3405 Fr.
1421 3358 1465 3405 iii-

287 3411 350 3461 aiaia.
391 3409 432 3461 ai.
450 3412 587 3463 deieidiior
604 3423 651 3467 trec
672 3419 781 3468 Vaticani.
826 3418 865 3468 32.
885 3421 959 3469 Sicuti
979 3423 1030 3471 led.
1074 3421 1114 3471 33.
1134 3423 1296 3472 stabilituri.
1338 3421 1380 3472 34.
1398 3436 1465 3487 quo-

288 3477 362 3527 ndo
381 3478 406 3528 G.
423 3479 459 3535 (ii
476 3481 502 3527 in
517 3496 589 3543 nori.
608 3491 642 3533 eat
660 3499 757 3548 quoquo
776 3487 867 3540 model.
911 3489 993 3538 nitu
1011 3490 1147 3539 dilanias.
1210 3490 1251 3539 35.
1269 3489 1343 3539 relint
1361 3492 1394 3549 d,
1414 3491 1465 3540 le—

288 3546 370 3621 tiaiaia.
412 3542 453 3593 36.
472 3544 545 3610 aliqui
563 3549 696 3608 (alicuid.)
714 3553 819 3603 iaciat.
855 3553 941 3617 aliquis
960 3573 982 3605 o.
1024 3555 1065 3605 37.
1084 3557 1140 3620 quid
1159 3558 1257 3608 onudd.
1301 3555 1343 3606 38.
1363 3559 1464 3607 tertium

289 3609 402 3673 quiddam
421 3621 600 3664 resurrecturos
618 3619 652 3667 lc.
692 3621 787 3669 teriiuin
807 3621 920 3684 quiddam
939 3631 1130 3672 resurrecturum
1154 3642 1185 3685 o,
1205 3627 1233 3674 de
1251 3625 1319 3674 codd.
1339 3625 1463 3688 Gonpneii.

323 3676 402 3727 iddaio
421 3688 611 3730 resurrecturum
629 3678 690 3734 iiic.
709 3687 816 3737 Limen.
858 3691 925 3751 quasi
952 3692 983 3738 iit
1007 3691 1102 3739 ieitium
1128 3692 1240 3756 quiddam
1266 3701 1465 3742 resurrectorum

289 3691 322 3807 du,
343 3759 373 3795 ee
390 3747 501 3796 emeadm.
519 3746 680 3800 filitiani.
733 3742 839 3818 39.'qua
858 3758 909 3805 led.
945 3758 1057 3821 tanquam
1075 3761 1168 3823 reliqui,
1187 3767 1208 3810 et
1226 3760 1334 3809 inurent.

323 3889 345 3926 e.
363 3888 434 3956 qqaiq
453 3877 483 3927 de
499 3879 587 3957 unione
598 3881 726 3933 diiioiiatia
736 3883 849 3953 elidunt]
898 3888 1075 3952 Pseudo-orig.
1094 3891 1276 3956 Philosophum.
1294 3893 1399 3957 papii.
1422 3896 1466 3946 ed.

289 3938 367 4002 Quam
384 3953 409 3993 ia
427 3956 480 4009 ipsa
491 3944 667 3997 haeretieorum
677 3958 754 4001 castra
765 3962 848 4016 aperta
899 3955 989 4007 ldiller:
1013 3951 1060 4014 „⁸0
1078 3953 1201 4024 μὲνγὰρ
1221 3955 1337 4007 Πλάτων
1355 3952 1466 4009 ‹idcirc-

288 4004 424 4086 diaeadunt,
444 4011 584 4090 deprime
609 4016 744 4078 divinitatis,
770 4020 792 4068 id
811 4030 849 4069 eii
898 4035 960 4084 rorl
983 4016 997 4071 ὁ
1024 4020 1053 4074 δὲ
1068 4017 1252 4090 {ipiorotidns
1274 4021 1367 4078 Inidia
1403 4020 1466 4079 ›itia-

288 4072 409 4139 duplicem
428 4074 573 4155 divinitatem
591 4083 724 4145 suadendo,
742 4087 788 4134 iam
808 4101 847 4136 ie·
898 4084 944 4137 acii
960 4086 1029 4154 μετὰ
1047 4093 1134 4141 ταῦτα
1159 4087 1205 4141 acii
1231 4086 1333 4155 ταύτην
1368 4110 1464 4162 rapa·

287 4153 330 4191 rae
340 4147 364 4191 et
374 4153 491 4204 genuinae
505 4150 603 4209 regulae
613 4159 746 4201 sectatores
756 4153 848 4203 elisuri.
898 4151 1023 4211 vidradus
1045 4158 1084 4224 τῷ
1102 4156 1331 4227 πεμτῷ.σώματι,
1362 4152 1465 4212 ia'i‘irio·

321 4209 339 4257 i.
364 4206 397 4287 da·
417 4212 463 4261 deo
488 4215 585 4276 quidem
610 4218 680 4267 unico
704 4227 728 4268 et
752 4219 848 4270 Christo
899 4217 1007 4272 τίθεται
1024 4214 1095 4276 εἶναι
1115 4224 1185 4292 ’μετὰ
1210 4228 1265 4277 τῶν
1289 4224 1378 4278 ἄλλων
1402 4242 1465 4280 iio·

288 4269 353 4337 eiua]
371 4272 450 4327 Libris
468 4279 490 4328 ii
508 4289 532 4330 et
549 4280 582 4331 iii
600 4282 652 4333 adi.
669 4285 825 4337 llareionem.
900 4283 1003 4354 ripun,
1024 4292 1072 4341 τοῦ
1090 4308 1119 4343 τε
1136 4289 1222 4358 πυρὸς
1238 4291 1284 4344 καὶ
1300 4292 1463 4363 ιῆςγῆςκαὶ

322 4352 344 4403 a.
363 4339 393 4407 d'a
417 4357 489 4394 earne
512 4363 568 4398 raro
593 4350 683 4401 domini
708 4354 778 4403 atiani
803 4354 847 4403 ad·
899 4357 948 4406 τοῦ
966 4350 1065 4414 diarii
1087 4355 1133 4409 καὶ
1157 4360 1206 4409 τοῦ
1231 4355 1311 4428 ἀέρος
1335 4361 1466 4415 itarita-

287 4412 624 4524 arpqq·qaatuorhaereaes]
642 4416 848 4502 LibroDeCarqc
899 4439 958 4502 por,
985 4413 1045 4475 aior
1066 4427 1206 4513 nqaipmn
1255 4432 1292 4480 Cf·
1314 4430 1410 4497 pem
1430 4434 1464 4483 ‚p

286 4486 707 4618 llart'eiddisffuaitegidsapim&
724 4488 847 4605 diutini?
897 4492 1225 4629 nippqqppchpqsipth
1235 4556 1308 4615 Vario
1323 4564 1359 4623 De
1369 4564 1464 4630 lingua
1477 4535 1486 4542 ⁵

286 4605 484 4659 iiiiiiiiaorim.
897 4627 948 4676 iii.
967 4629 991 4685 v,
1011 4629 1059 4678 100
1084 4632 1159 4690 „tirsi
1184 4633 1279 4681 ticina
1305 4635 1389 4695 origo,
1423 4635 1462 4684 iii

281 4733 285 4741 Ι
320 4674 345 4723 h.
363 4673 486 4793 included
512 4680 544 4729 ila
562 4679 609 4732 boo
632 4685 663 4732 ai.
681 4686 737 4735 iii.
755 4688 846 4739 Omnes
898 4696 960 4743 iiie
980 4695 1023 4754 illi,
1042 4700 1127 4756 iiosii‘i,
1152 4696 1283 4762 ii'ipsiis
1301 4703 1387 4750 νοθεῖ·
1424 4701 1465 4751 ld·

282 4736 385 4818 flaerea.
404 4756 490 4807 cap..
549 4814 554 4823 .
713 4816 721 4830 .
764 4816 766 4821 Ι
895 4758 987 4820 Villo
1006 4756 1099 4828 „dique
1118 4769 1167 4814 ursi
1184 4768 1265 4831 potina
1277 4768 1366 4817 Lucani
1386 4783 1464 4832 quana

319 4822 335 4857 i.
359 4811 491 4861 secundom
516 4812 668 4868 Aristotelem
697 4816 845 4890 dissolvens]
896 4826 981 4877 iucif‘
