3242 5775
688 475 725 516 ll!
748 474 847 516 sum.

1233 452 1236 457 ¹
1292 460 1354 523 559

164 620 337 702 'ingentes
359 618 539 682 sures'suas
561 622 655 682 blidas
677 621 824 694 tradidit·,
853 631 886 683 ut
905 620 1167 695 'Hermotimum‘,
1188 623 1235 684 cui
1250 622 1353 684 Clazo-

162 722 272 784 menii
294 729 414 783 mortuo
437 721 577 800 templum
601 722 803 793 contulerunt,
829 731 861 781 ut
882 720 1051 801 Orpheum,
1078 732 1111 784 ut
1131 722 1299 796 Musaeum,
1321 734 1355 784 ut

158 820 381 901 Pherecydem
409 820 590 899 Pythagorae
623 822 805 899 magistrum.
862 820 939 892 Quid
973 831 1086 895 autem,
1124 823 1150 883 si
1183 822 1353 902 philosophi

158 924 268 983 etiam
291 922 339 982 illa
363 921 588 981 incursaverunt
609 939 683 1000 quae
703 940 796 1000 penes
827 939 883 980 nos
907 921 1140 1000 apocryphorum
1163 924 1355 984 confessione

157 1021 372 1086 damnantur.
397 1029 494 1081 certos
518 1021 591 1080 uihil
613 1021 814 1100 recipiendum
838 1021 917 1100 quod
940 1039 1000 1081 non
1023 1021 1174 1100 conspiret
1195 1041 1352 1100 germanae

154 1131 204 1182 et
226 1122 300 1201 ipso
322 1121 379 1181 iam
402 1138 473 1180 aero
495 1131 638 1199 pronatae
658 1122 849 1200 propheticae
870 1130 1040 1199 paraturae,
1069 1121 1186 1199 quando
1209 1130 1352 1200 etpseu·

151 1221 433 1301 doprophetarum
456 1221 676 1282 meminerimus
700 1230 730 1280 et
744 1223 836 1282 multo
851 1222 934 1300 prius
949 1229 1146 1300 apostatarum
1165 1221 1351 1301 spirituumv,

148 1323 225 1398 qui
250 1321 426 1383 huiusmodi
447 1340 565 1399 quoque
588 1322 773 1399 ingeniorum
796 1322 952 1382 ealliditate
974 1339 1092 1382 omnem
1114 1323 1218 1383 laeiem
1241 1320 1351 1384 saeculi

145 1419 419 1482 instruxerint?
462 1421 618 1482 Postremo
641 1422 666 1482 si
690 1422 776 1482 etiam
806 1423 842 1483 od
870 1421 953 1499 ipsos
975 1422 1136 1500 prophetas
1160 1423 1260 1483 adisse
1282 1440 1359 1483 cre-⁸

145 1518 270 1582 dibile
293 1529 339 1582 est
359 1521 560 1599 indagatorem
583 1540 728 1600 quemque
757 1522 918 1599 sapientiae
947 1540 982 1581 ex
1009 1521 1127 1598 negotio
1158 1521 1351 1593 curiositatis,

148 1624 280 1682 lamen
302 1620 370 1699 plns
393 1622 573 1683 diversitatis
597 1622 729 1682 invenias
752 1622 829 1682 inter
850 1621 1044 1699 philosophos
1074 1640 1160 1698 quain
1190 1619 1351 1693 societatis,
1375 1649 1384 1662 ·

145 1735 246 1783 cum
271 1730 302 1782 et
323 1720 353 1780 in
375 1720 439 1799 ipsa
461 1722 603 1782 societate
626 1721 782 1782 diversitas
805 1740 908 1782 eorum
924 1721 1170 1799 deprehendatur.
1200 1719 1352 1799 Siquidem

143 1833 249 1882 vera
272 1839 406 1899 quaeque
428 1831 458 1881 et
479 1823 673 1881 consonantia
695 1822 850 1900 prophetis
873 1831 924 1882 aut
944 1821 1060 1882 aliunde
1075 1820 1283 1881 commendant
1303 1828 1353 1881 aut

143 1920 324 1982 aliorsum
348 1920 528 1992 subornant,
562 1940 627 1981 cum
649 1924 774 1983 maxima
797 1922 904 1983 iniuria
927 1921 1073 1991 veritatis,
1105 1938 1191 1998 quam
1221 1919 1354 1981 efficiunt

145 2032 230 2082 aut
252 2020 384 2082 adiuvari
406 2019 487 2081 salsis
510 2030 560 2081 aut
587 2022 775 2099 patrocinari.
821 2022 884 2082 lloc
912 2022 1011 2099 itaque
1039 2019 1221 2081 commiserit
1243 2036 1299 2078 nos
1322 2026 1351 2078 et

144 2121 381 2199 philosophos
404 2120 433 2180 in
457 2122 513 2181 ista
536 2123 711 2198 praesertim
734 2123 871 2192 materia,
901 2122 979 2198 quod
1009 2119 1156 2181 interdum
1179 2134 1353 2180 communes

146 2218 345 2280 sententias
377 2221 509 2298 propriis
543 2221 846 2298 argumentationibus
879 2222 1020 2290 vestiant,
1057 2218 1214 2280 contrariis
1246 2216 1352 2277 alicubi

144 2319 300 2397 regulae
328 2329 468 2390 nostrae,
503 2322 650 2381 interdum
681 2322 844 2381 sententias
874 2323 1011 2398 proprias
1034 2319 1241 2380 communibus
1263 2334 1351 2394 argu-

148 2419 412 2480 mentationibus
446 2422 593 2488 muniant,
624 2421 832 2479 consentaneis
864 2419 970 2479 alicubi
1002 2420 1121 2498 regulae
1153 2419 1287 2488 illorum,
1320 2425 1354 2478 ut

147 2524 276 2598 Prope
298 2512 416 2579 exclusa
438 2519 478 2578 sit
499 2519 606 2578 veritas
629 2537 644 2577 a
667 2518 854 2596 philosophia
882 2537 936 2597 per
965 2520 1103 2578 veneficia
1131 2517 1161 2576 in
1189 2516 1267 2577 illam
1288 2534 1352 2588 sua,

152 2629 214 2680 et
241 2620 309 2680 ideo
337 2626 466 2695 utroque
495 2617 579 2678 titulo
609 2619 759 2679 societatis
786 2619 957 2679 adversario
986 2617 1118 2678 veritatis
1152 2634 1290 2694 urgemur
1323 2626 1354 2677 et

154 2727 355 2781 communes
379 2718 542 2779 sententias
565 2718 601 2777 ab
623 2718 925 2797 argumentationibus
958 2718 1203 2797 philosophorum
1225 2717 1354 2778 liberare

155 2828 214 2880 et
233 2837 406 2880 communes
428 2819 697 2897 argumentationes
719 2838 735 2877 a
759 2819 915 2879 sententiis
943 2836 1044 2879 eorum
1074 2836 1228 2896 separare,
1261 2834 1351 2879 revo-

156 2922 276 2981 cando
300 2920 490 2998 quaestiones
513 2920 547 2978 ad
572 2919 618 2978 dei
640 2919 770 2990 litteras,
800 2920 930 2998 exceptis
954 2920 1038 2997 plane
1062 2937 1137 2996 quae
1159 2920 1224 2980 sine
1245 2918 1351 2996 laqueo

153 3021 306 3081 alicuius
328 3018 499 3098 praeiudicii
522 3019 557 3077 ad
581 3019 703 3096 simplex
734 3020 935 3080 testimonium
958 3018 1057 3079 licebit
1078 3018 1252 3087 adsumere,
1286 3019 1353 3095 quia

156 3129 213 3181 et
234 3139 269 3180 ex
292 3119 415 3180 aemulis
431 3137 643 3196 nonnunquam
660 3119 861 3179 testimonium
877 3120 1089 3183 necessarium,
1114 3118 1138 3175 si
1155 3135 1214 3175 non
1230 3115 1367 3190 aemulis,

157 3221 287 3288 Prosit.
331 3218 392 3278 Nee
414 3219 518 3295 ignoro
543 3228 650 3296 quanta
673 3220 711 3277 sit
734 3219 805 3277 silva
830 3216 981 3276 materiaei
1008 3215 1094 3274 istius
1117 3216 1192 3290 apud
1216 3214 1353 3291 philoso-

160 3320 261 3388 phos
282 3337 338 3397 pro
361 3337 485 3378 numero
509 3319 595 3377 etiam
619 3319 752 3396 ipsorum
776 3324 1057 3383 commentatorum,
1092 3323 1164 3390 quot
1197 3313 1353 3375 varietates

163 3418 410 3488 Sententiarum,
434 3426 506 3494 quot
527 3418 690 3495 palaestrae
706 3417 895 3493 opinionum,
921 3423 992 3491 quot
1007 3412 1184 3491 propagines
1201 3413 1352 3489 quaestio-

167 3516 284 3589 numl,
308 3527 380 3594 quot
401 3517 616 3594 implicationes
634 3517 863 3595 expeditionum.
898 3514 955 3573 Sed
980 3523 1008 3573 et
1031 3512 1204 3571 medicinam
1226 3512 1353 3589 inspexi,

176 3661 207 3715 8.
225 3670 345 3729 ingentem
365 3667 390 3715 B.
442 3666 465 3714 9.
485 3667 658 3715 hermotimum
678 3670 723 3725 ch,
744 3683 773 3715 ex
791 3667 902 3716 emendet.
916 3667 979 3714 Pauli
992 3666 1104 3726 leopardi
1123 3664 1248 3712 Emendctt
1265 3662 1351 3725 Vhtu

181 3732 216 3797 Cp.
234 3737 297 3796 intro
315 3750 365 3796 cop.
377 3734 418 3782 44.
454 3734 610 3796 Hermippum
631 3734 673 3781 BC.

216 3851 237 3883 e.
256 3849 328 3883 iores
338 3848 395 3882 suas
407 3834 480 3882 blidas
495 3832 603 3895 tradidit]
614 3833 688 3882 Cuius
698 3847 741 3894 per

186 3912 253 3949 teres
272 3909 376 3950 mentem
396 3909 492 3962 ceperat
510 3900 606 3948 Silenus
631 3899 741 3961 philoso-

190 3969 253 4028 phus.
271 3969 360 4017 Notum
379 3968 437 4015 illud
448 3967 552 4015 Zenonis
563 3967 591 4014 ad
604 3968 740 4015 Craterem·

190 4035 304 4090 ,dnnbns
328 4035 404 4082 teneri
432 4048 547 4112 possum,
575 4048 624 4081 non
652 4032 740 4108 pallio:

106 4090 114 4168 ’Β
189 4094 258 4179 Δαβὴ
270 4093 440 4166 φιλοσόφων
454 4092 611 4154 ἒιιιδέξιις“
598 4115 612 4157 η
624 4092 670 4146 διὰ
686 4097 742 4144 τῶν

106 4220 112 4230 ,
186 4161 296 4214 ὄπωπ’(
336 4169 413 4217 Aures
437 4169 533 4216 tradidit
557 4170 642 4215 eodem
668 4180 741 4213 sensu

186 4236 271 4284 diuum
290 4250 338 4298 quo
357 4249 431 4296 sopra
450 4249 501 4296 cap
516 4234 540 4282 5.
564 4234 617 4281 libri
646 4232 678 4280 lle
697 4232 741 4280 Pa·

184 4303 263 4352 tientia
282 4302 417 4361 „Adsmom
437 4301 542 4349 nondum
562 4315 632 4349 aures
651 4299 742 4348 deben-

182 4380 228 4419 tem
248 4368 336 4417 Evae.“
355 4367 462 4428 (Rigalt.)

215 4437 233 4484 l.
248 4429 437 4496 Hermotimum]
452 4433 484 4481 lle
493 4435 563 4482 hosv
572 4433 693 4496 inlvacap
700 4431 742 4481 44.

181 4504 218 4552 ct
238 4502 299 4551 Plio.
319 4504 347 4551 Η.
366 4501 392 4550 n'.
413 4501 461 4557 Vll,
472 4501 512 4548 52

214 4585 237 4647 g.
258 4564 574 4633 apostatarumspiruuum]
593 4566 743 4627 Angelosin-

179 4638 243 4696 nnit,
267 4640 309 4700 qni
338 4637 367 4685 de
392 4636 459 4685 cerlo
485 4637 513 4684 ad
532 4635 594 4685 tiliis
618 4635 742 4683 bominum

792 3840 900 3889 ruerunt,
920 3839 945 3879 nt
963 3833 1014 3893 ipsc
1026 3830 1058 3879 sit
1070 3829 1140 3878 libii
1160 3829 1193 3877 lle
1204 3830 1272 3878 Cultu
1288 3831 1352 3880 Fem.

793 3897 857 3961 [cap.
869 3894 904 3961 21.
941 3899 1053 3946 lreoasua
1071 3896 1120 3953 l,2
1144 3896 1202 3945 dixit
1218 3897 1351 3959 spiritualis

794 3967 912 4027 nequities
938 3973 961 4013 st
979 3963 1078 4024 angelos
1098 3974 1263 4023 transgressos
1281 3974 1352 4027 itqne

793 4041 917 4094 apostotos
942 4032 1026 4079 laetos.
1049 4029 1155 4091 (Rigalt.)
1200 4029 1237 4078 Cl.
1261 4030 1352 4080 adnott.

794 4099 823 4147 ad
842 4099 875 4147 lle
893 4099 955 4147 idol·
972 4097 1055 4160 capo.

828 4191 954 4238 homnem
966 4188 1049 4237 taciem
1063 4187 1152 4237 saeculi
1166 4183 1354 4252 instruxerinti]

793 4258 884 4307 Feeievn
908 4255 965 4304 dicit
988 4261 1099 4317 respectu
1131 4256 1223 4303 lormre
1250 4255 1351 4304 tiliarum

793 4324 926 4382 hominnm,
945 4336 1006 4384 quse
1024 4322 1124 4383 angelos
1142 4322 1275 4370 seduxerit.

828 4416 843 4462 i
862 4414 919 4462 silva
939 4408 1064 4476 materiae]
1095 4412 1130 4462 Cl.
1155 4413 1245 4461 adnott
1270 4413 1300 4462 sd
1318 4413 1353 4462 us

794 4482 887 4530 Cornua
908 4495 959 4542 cap.
977 4479 1012 4527 ld.

828 4565 849 4612 l.
876 4564 1020 4625 propagines
1047 4557 1227 4626 quaestionum]
1252 4563 1352 4638 Gregor-

793 4632 902 4681 Narimr.
928 4631 993 4682 Orat.
1012 4630 1031 4679 ΙΙ
1057 4631 1114 4680 dicit
1139 4640 1290 4697 ιιεριιιιις
1305 4639 1353 4674 και
