3242 5775
315 636 381 700 690
558 643 660 695 obturt
684 640 815 685 snrrttut
837 636 1004 682 ruolandus
1026 627 1237 682 TERTULUAM

316 816 404 881 quam
427 791 638 857 ¹⁶snbstantiva
660 809 726 863 res,
755 807 817 850 non
839 786 896 849 erit
918 785 1011 865 ¹⁷ipse
1038 784 1131 856 deus,
1166 784 1223 846 sed
1254 783 1410 849 hactenus
1430 790 1495 854 deu.

280 945 283 967 ,
318 900 401 978 ¹‘qua
425 895 578 974 exipsius
602 892 649 953 dei
672 889 854 961 substantia,
875 886 973 966 ¹¹⁹qua
996 894 1026 947 ct
1053 884 1279 947 ”substantiva
1312 907 1367 950 res
1397 901 1498 966 est,et

316 1008 351 1062 ut
371 996 470 1077 portio
493 995 587 1074 aliqua
610 994 714 1054 totius.
757 989 849 1052 llulto
871 987 964 1067 magis
986 986 1079 1048 rictus
1101 985 1248 1048 altissimi
1280 1006 1350 1050 non
1374 992 1433 1056 erit
1450 996 1498 1076 ipse

316 1098 494 1171 altissimus,
515 1096 535 1130 ²¹
544 1096 611 1175 quia
634 1112 690 1155 nec
712 1090 897 1154 substantiva
919 1107 969 1150 res
992 1096 1053 1160 est,
1076 1087 1155 1167 quod
1180 1096 1230 1149 est
1253 1089 1408 1169 spiritus,
1440 1100 1499 1162 simi

316 1218 373 1262 nec
394 1198 554 1277 sapientia,
576 1213 632 1256 nec
652 1192 856 1272 providentia3
878 1199 908 1251 et
929 1190 1002 1251 baec
1024 1189 1101 1251 enirn
1124 1188 1323 1251 substantiae
1346 1208 1414 1252 non
1436 1197 1499 1256 sunt,

284 1269 291 1370 l
317 1299 370 1363 scd
399 1298 562 1362 accidentia
591 1284 1045 1372 uniuscuiusquc‘substantiae.
1100 1288 1201 1351 Virtus
1237 1291 1370 1369 spiritui
1402 1289 1500 1360 aoca'dl

232 1421 242 1436 ⁴
295 1377 373 1463 ‘u'ec
393 1399 460 1477 ipsa
482 1397 538 1458 erit
560 1395 694 1474 spiritus.
739 1393 793 1454 llis
817 1393 915 1471 itaque
937 1391 1044 1463 rebus,
1066 1389 1305 1470 ”quodcunque
1329 1401 1426 1465 sunt,
1451 1390 1500 1469 spi·

316 1500 377 1562 ritu
399 1496 447 1558 dei
469 1506 499 1557 ct
520 1513 660 1557 sermone
683 1505 713 1555 et
734 1495 858 1567 virtute,
893 1491 1018 1553 conlatis
1048 1491 1078 1551 in
1100 1491 1269 1569 virginem,
1306 1493 1398 1572 quod
1422 1492 1458 1553 de
1476 1509 1501 1551 ea

316 1598 465 1671 nascitur,
487 1596 566 1657 lilius
581 1594 629 1656 dei
645 1603 708 1655 est·
738 1593 833 1655 ”Hoc
853 1612 887 1655 se
910 1600 940 1654 et
962 1593 992 1653 in
1014 1592 1083 1653 istis
1105 1590 1271 1669 evangeliis
1295 1593 1370 1673 ipse
1386 1601 1501 1655 usum

176 1724 303 1775 ucenae
318 1700 418 1763 statim
441 1717 457 1759 a
479 1715 584 1776 puero.
627 1695 694 1756 Non
722 1695 821 1767 scitis,
855 1694 966 1773 inquit,
1000 1692 1078 1772 quod
1106 1692 1136 1752 in
1158 1691 1253 1770 patris
1280 1694 1344 1755 mei
1371 1713 1423 1756 me
1445 1712 1502 1756 esse

186 1840 190 1850 ·
216 1791 299 1894 {2¹3¹}
319 1796 461 1882 oportet?
497 1798 562 1859 lloc
583 1804 613 1857 et
634 1803 753 1857 satanas
775 1812 843 1855 eum
866 1794 895 1855 in
912 1792 1156 1873 temptationibus
1171 1791 1272 1853 novit:
1298 1794 1334 1856 Si
1359 1796 1444 1857 lilius
1464 1794 1502 1857 dei

177 1892 307 1986 1Ἳῇςῇ
318 1919 363 1963 es.
403 1899 468 1961 lloc
488 1898 547 1960 ¹‘et
568 1896 673 1958 exinde
695 1894 851 1956 daemonia
873 1894 1068 1956 confitentur:
1097 1893 1214 1955 Scimus
1243 1894 1301 1972 qui
1332 1896 1401 1968 sis,
1434 1896 1502 1957 lilius

199 1993 305 2086 ,mm
320 1999 377 2062 dei.
416 2000 534 2060 Patrem
562 2006 592 2057 et
618 1997 685 2076 ipse
711 1995 825 2061 adorat.
869 1994 1019 2056 Christum
1049 2013 1082 2054 se
1109 1992 1156 2054 dei
1185 2012 1201 2053 a
1224 1993 1320 2056 Petro
1344 1994 1502 2076 ”agnituu

159 2073 163 2081 ¹
213 2054 305 2188 ff}
318 2118 380 2164 non
394 2106 492 2178 negat.
524 2097 703 2159 ”lnsultans
725 2096 756 2156 in
778 2095 884 2174 spiritu
906 2096 942 2156 ad
964 2103 1094 2175 patrem,
1118 2094 1288 2168 Confiteor,
1314 2095 1435 2176 inquit,
1456 2095 1502 2157 tibi

256 2174 263 2195 ⁸
316 2209 419 2282 poter,
452 2198 532 2279 quod
555 2196 747 2259 absconderis
770 2196 843 2257 baec
869 2215 887 2256 a
909 2195 1102 2275 sapientibus.
1153 2194 1208 2255 llic
1235 2212 1364 2276 quoque
1394 2207 1501 2278 patrem

157 2299 432 2380 'uarruxmnemini
453 2307 558 2361 notum
580 2298 639 2360 nisi
666 2297 726 2357 lilio
754 2296 897 2369 affirmat,
932 2304 962 2357 et
987 2296 1008 2327 ¹²
1017 2296 1110 2374 patris
1138 2295 1228 2357 filium
1256 2294 1501 2361 ²⁸confessurum

317 2402 508 2464 confessores
531 2407 561 2460 et
581 2398 783 2477 ”negaturum
807 2406 965 2476 negatores
990 2414 1062 2490 suos
1085 2396 1162 2475 apud
1184 2405 1320 2475 patrem,
1357 2399 1499 2463 inducens

163 2493 487 2598 ¹¹,fgqlgqparabolam
510 2498 662 2577 lilii,·non
685 2498 793 2578 patris,
817 2498 847 2557 in
870 2498 984 2559 rincum
1008 2497 1092 2558 missi
1113 2505 1184 2576 post
1198 2497 1316 2576 aliquot
1330 2517 1453 2574 servos,
1474 2508 1500 2561 et

194 2594 303 2694 xffffiq
317 2598 409 2661 occisi
431 2617 447 2659 a
469 2597 554 2658 malis
575 2597 711 2668 rusticis,
742 2606 807 2658 eta
830 2606 914 2678 patre
937 2598 1068 2669 dolensi,
1103 2599 1243 2676 ignorem
1272 2607 1304 2660 ct
1334 2600 1405 2679 ipse
1428 2602 1499 2663 dien

315 2707 348 2768 ,et
368 2697 472 2758 boram
496 2696 626 2758 ultimam
650 2696 707 2759 soli
729 2697 805 2775 patri
828 2707 944 2771 notam,
968 2698 1133 2777 disponens
1154 2716 1280 2777 regnum
1303 2699 1498 2781 ”discipulis

201 2774 305 2895 x'ffi
318 2796 471 2877 quomodo
493 2805 524 2857 et
544 2795 602 2856 sibi
624 2795 803 2874 dispositum
820 2796 890 2857 dicit
910 2808 1041 2875 epatre,
1064 2797 1175 2859 babens
1197 2807 1382 2877 potestatem
1407 2803 1498 2882 legio·

194 2894 373 2994 ,fpfjlgques
396 2897 567 2976 angelorum
589 2895 759 2974 postulandi
782 2895 818 2957 ad
841 2895 979 2957 auxilium
1003 2918 1018 2959 a
1041 2907 1124 2978 patre
1146 2899 1172 2960 si
1195 2899 1304 2973 vellet?
1331 2903 1499 2966 exclamans

186 2994 306 3086 ssfflefl·
321 2997 401 3077 quod
423 3015 457 3058 sc
479 2996 552 3056 deus
575 2995 759 3074 reliquisset,
793 2995 823 3056 in
853 2996 945 3076 patris
973 2999 1109 3061 manibus
1137 3000 1275 3079 spiritum
1297 3019 1442 3080 ponens,
1474 3012 1502 3066 et

191 3092 305 3189 {2¹32ss
318 3103 391 3179 post
411 3095 660 3158 resurrectionem
684 3094 835 3173 spondens
858 3096 1019 3160 missurum
1042 3119 1075 3161 se
1095 3100 1246 3179 discipulis
1262 3104 1499 3181 promissionem

177 3194 306 3298 mfffffi
320 3196 430 3279 patris,
460 3207 491 3258 et
511 3196 674 3257 novissime
696 3196 839 3257 nandans
862 3205 895 3258 ul
916 3198 1083 3278 tinguerent
1111 3202 1141 3262 in
1163 3209 1276 3280 patrem
1299 3205 1452 3268 etlilium
1473 3213 1500 3268 et

318 3298 456 3380 spiritum
480 3306 631 3368 sanctum,
664 3314 725 3358 non
748 3298 777 3356 in
807 3316 909 3359 unum.
959 3300 1031 3360 Nam
1060 3321 1115 3371 nec
1142 3303 1249 3375 semel,
1282 3304 1338 3365 sed
1369 3317 1431 3379 ter,
1465 3305 1499 3369 ad

283 3434 288 3446 ·
316 3399 431 3480 singula
453 3398 574 3461 nomina
597 3398 627 3458 in
649 3415 794 3477 personas
817 3398 949 3478 singulas
972 3399 1143 3479 tinguimur.

166 3520 310 3579 uiuunt.
401 3499 439 3560 El
465 3500 534 3578 quid
563 3517 618 3578 ego
647 3499 676 3559 in
705 3507 763 3559 tam
795 3500 976 3597 ¹manilestis
1005 3501 1177 3573 ’morabor,
1215 3521 1282 3564 cum
1311 3521 1349 3565 ea
1378 3507 1497 3587 aggredi

317 3599 438 3663 debeam
462 3599 628 3679 dequibus
651 3600 805 3661 manilesta
839 3599 1016 3661 obumbrare
1046 3601 1214 3680 quaerunt?
1258 3603 1397 3685 Undique
1420 3609 1497 3670 eninr

317 3698 436 3762 obducti
459 3699 513 3761 'de
533 3699 741 3761 distinctione·
761 3700 855 3779 patris
878 3709 908 3760 et
930 3700 997 3772 lilii,
1020 3720 1107 3781 quam
1130 3713 1268 3766 manente
1283 3706 1497 3771 coniunctione

316 3798 521 3878 disponimus,
554 3807 588 3858 ut
614 3799 688 3860 solis
717 3808 746 3860 et
772 3800 846 3861 radii
875 3807 905 3861 ct
926 3801 1016 3863 lontis
1046 3810 1076 3864 et
1095 3804 1193 3875 fluvii,
1226 3823 1282 3884 per
1309 3806 1494 3872 individuum

315 3903 414 3959 tumen
435 3914 593 3958 numerum
616 3896 742 3960 duorum
765 3908 795 3961 et
817 3900 921 3973 trium,
946 3901 1031 3963 aliter
1049 3921 1113 3964 eam
1136 3905 1172 3965 ad
1194 3923 1278 3966 suam
1299 3905 1495 3972 nibilominus

241 4082 250 4099 ·
318 4078 358 4129 16.
377 4081 511 4130 substantia
528 4082 554 4132 l.
573 4085 636 4134 leid.
698 4085 737 4135 17.
755 4086 808 4150 ipsa
826 4086 879 4150 ipsc
897 4086 957 4137 deus
979 4089 1004 4139 l.
1024 4090 1086 4140 leid.
1149 4090 1188 4141 18.
1214 4106 1260 4155 qna
1280 4093 1398 4144 latinius
1440 4096 1494 4160 quia

319 4146 374 4196 libri
392 4157 504 4198 omues·
533 4148 570 4199 19.
590 4165 636 4214 qua
656 4159 679 4200 et
697 4154 729 4213 d„
750 4169 800 4203 cam
818 4154 1001 4206 Fulaiollrsino.
1036 4159 1328 4220 querelabantur.
1374 4160 1418 4213 20.
1436 4163 1494 4213 anb-

315 4215 444 4266 nuntiat.
464 4217 529 4267 leid.
582 4217 623 4268 21.
642 4220 697 4282 quia
715 4221 801 4271 dolcd.
837 4223 876 4284 qui
897 4222 922 4271 ll.
941 4224 1006 4272 leid.
1029 4223 1091 4273 .22.
1110 4235 1264 4290 quotcunque
1282 4244 1304 4276 a.
1347 4227 1390 4278 2³.
1410 4233 1431 4279 ri
1450 4232 1493 4280 boe

316 4296 344 4330 re
362 4281 404 4330 tt.
424 4283 488 4333 leid.
540 4283 581 4334 24.
600 4295 623 4336 et
641 4289 719 4337 cml.
738 4288 801 4336 Laid.
844 4288 884 4337 25.
905 4291 1025 4352 cognitum
1044 4293 1069 4339 t.
1088 4293 1151 4341 leid.
1196 4293 1236 4343 26.
1256 4293 1366 4345 exultans
1380 4297 1407 4347 l.
1420 4299 1491 4357 leid,

217 4349 222 4354 “
314 4356 335 4398 et
357 4348 516 4399 latiomorum
533 4369 601 4403 unm.
654 4352 695 4402 27.
713 4356 775 4417 patri
793 4359 819 4404 t.
839 4356 903 4405 Laid.
954 4355 995 4407 28.
1015 4359 1171 4410 confessurus
1189 4362 1253 4410 leid.
1286 4360 1343 4412 ‚²9.
1362 4373 1493 4427 negaturos

315 4416 343 4466 l.
363 4416 426 4464 Laid.
479 4416 520 4465 31).
539 4418 714 4485 discipulorum
731 4423 757 4472 Α.
776 4423 840 4472 leid.
1452 4438 1459 4447 ¹

382 4483 441 4546 Cap.
460 4483 546 4536 111111.
583 4489 605 4537 1.
625 4489 784 4538 manifestatis
800 4490 826 4540 l.
845 4491 909 4540 leid.
962 4490 986 4541 2.
1008 4493 1122 4542 morabor
1139 4494 1182 4545 AB.
1201 4496 1266 4546 leid.
1302 4501 1492 4565 mororreliqui.

314 4548 338 4599 3.
357 4549 387 4599 da
405 4549 559 4602 distinctions
576 4570 626 4618 eqo.
662 4556 816 4606 distinctions
834 4557 920 4609 dobcd.
954 4559 1132 4611 distinctionem
1151 4564 1176 4612 l.
1195 4564 1259 4613 beid.

347 4682 406 4746 Cap.
424 4682 511 4733 xxvii.
561 4699 583 4736 a.
607 4687 704 4751 obduqti
732 4691 762 4740 de
789 4690 875 4741 distin·
928 4692 998 4742 verbi
1025 4696 1138 4746 obducere
1164 4659 1227 4760 apud
1246 4697 1425 4750 Tertullianum
1443 4702 1492 4750 iero

313 4746 465 4816 ctioncJJta
484 4753 607 4801 emenoni
626 4756 708 4805 rocula
727 4759 875 4822 derepente
928 4774 973 4823 pro
1006 4766 1139 4817 conciscere
1167 4765 1202 4813 rel
1234 4770 1355 4828 contulere
1382 4769 1491 4832 usurpati

311 4829 339 4865 er
358 4817 444 4869 initiali
470 4819 619 4884 insequentis
642 4824 750 4874 vocabuli
774 4826 876 4889 syllaba.
928 4829 1036 4892 exempla
1056 4830 1143 4892 collegi
1162 4833 1191 4880 ad
1210 4831 1244 4882 lle
1261 4833 1339 4883 leion.
1358 4848 1412 4898 cap.
1425 4836 1464 4885 11.
