3242 5775
537 675 687 719 mvsasus
710 677 883 721 nmmosnrr
904 679 962 722 urs.
978 680 1016 723 tv.
1312 675 1373 739 187

268 826 360 889 Certe
389 826 573 908 evangelizat
598 826 672 887 Sion
701 833 732 887 et
752 826 941 890 Hierusalem
968 849 1071 911 pacem
1104 843 1132 895 et
1159 834 1238 897 bona
1261 842 1371 916 omnis,
1389 860 1507 918 escun.

197 937 266 989 ceste
287 928 424 990 ascendit
446 928 476 990 in
500 936 633 990 montem
661 936 692 988 et
718 927 778 989 illic
804 939 961 1008 pernoctat
988 931 1019 992 in
1048 934 1183 996 oratione
1213 947 1242 998 et
1269 920 1510 1020 utique¹⁴”⁰''¹·¹²

197 1028 303 1092 nitur
324 1050 342 1092 a
364 1039 460 1110 patre.
505 1029 615 1091 Evolve
637 1029 728 1108 igitur
748 1030 927 1108 prophetas,
954 1041 985 1093 et
1006 1033 1141 1095 ordinem
1164 1043 1260 1100 totum
1281 1060 1370 1103 reco-

200 1147 307 1210 μαε.
350 1131 386 1193 ln
408 1140 542 1193 montem
566 1131 747 1204 ’excelsum
770 1130 867 1210 lnquit
887 1131 1003 1207 Esaias,
1038 1136 1181 1210 ascende,
1205 1138 1503 1227 quianon-1„‚¹1,‚,‚

203 1231 295 1311 fixas
318 1232 412 1305 Sion,
435 1231 543 1294 extolle
565 1250 632 1293 curn
654 1232 756 1310 vigore
777 1250 881 1293 vocem
903 1241 1000 1307 tuam,
1023 1235 1073 1314 qui
1096 1238 1280 1316 evangelizas
1294 1240 1368 1303 llie·

204 1332 327 1394 ulan.
372 1333 478 1395 Adhuc
505 1334 536 1394 in
562 1333 664 1412 vigore
685 1331 958 1412 'obstupescebant
978 1336 1010 1396 in
1032 1335 1167 1397 doctrina
1190 1338 1272 1414 eius3
1307 1352 1370 1404 erat

209 1431 271 1494 ἡ
289 1434 402 1496 docens
425 1448 566 1514 tanquam
587 1434 726 1496 virtutem
748 1433 873 1495 habens.
922 1435 960 1496 Et
981 1454 1101 1499 rursus:
1129 1437 1292 1517 Propterea
1314 1460 1368 1504 co·
1383 1469 1502 1526 rectus.

212 1545 312 1614 prees
324 1535 456 1616 populus
478 1554 587 1597 nomen
603 1554 703 1598 meum
718 1536 747 1596 in
763 1535 811 1596 illa
827 1535 885 1596 die.
914 1537 1002 1608 Quod
1017 1556 1138 1613 nornen,
1160 1538 1218 1600 uisi
1235 1540 1368 1605 Christi?

216 1633 281 1708 Μ
300 1655 356 1730 ego
380 1656 448 1700 sum
470 1637 537 1717 ipse
558 1636 608 1716 qui
622 1637 757 1715 'loquon
793 1637 879 1697 'lunc
900 1636 979 1699 enim
1001 1637 1068 1716 ipse
1089 1645 1153 1699 erat
1174 1640 1224 1719 qui
1247 1641 1277 1702 in
1292 1662 1367 1723 pro-

218 1733 291 1816 ἡ
309 1737 502 1817 loquebatur,
525 1757 644 1811 sermo,
666 1738 744 1799 lilius
767 1738 922 1800 creatoris.
957 1738 1087 1812 Adsum,
1110 1739 1181 1800 dum
1195 1740 1286 1803 ‘hora
1309 1752 1366 1818 est,
1380 1767 1500 1822 regnu,

220 1833 410 1913 hiantibus,
445 1848 478 1900 ut
510 1839 714 1916 evangelizans
742 1840 926 1901 auditionem
953 1839 1052 1919 pacis,
1086 1840 1138 1901 ⁶ut
1164 1842 1366 1920 evangelizans

223 1931 285 2000 h
322 1939 395 2001 ltem
417 1926 512 2001 Naum
536 1960 571 2002 ex
594 1941 768 2014 duodecim,
797 1940 964 2013 ⁶Quoniam
993 1959 1061 2002 ecce
1083 1941 1200 2002 veloces
1222 1943 1314 2022 pedes
1335 1946 1516 2023 innuamus

316 2042 544 2121 evangelizantis
565 2061 679 2122 paoem.
731 2041 772 2102 lle
804 2060 878 2103 voce
906 2051 1004 2103 autem
1032 2050 1195 2103 nocturnae
1223 2045 1367 2106 orationis

264 2150 363 2220 phem
385 2144 542 2205 manifeste
563 2144 712 2224 psalmus:
744 2142 824 2205 Deus
845 2161 947 2217 meus,
981 2141 1114 2203 clamabo
1137 2162 1192 2222 pen
1214 2144 1307 2218 diem,
1338 2155 1368 2208 et
1380 2168 1522 2222 ronna·

295 2243 346 2316 es,
369 2253 399 2306 et
420 2253 525 2318 nocte,
548 2255 659 2306 elnon
682 2245 712 2305 in
735 2244 892 2305 vanitatem
913 2243 996 2305 mihi.
1040 2243 1078 2304 Et
1099 2243 1168 2304 alibi
1191 2244 1315 2306 deloco
1339 2256 1369 2308 et

295 2345 388 2407 adem
409 2346 558 2426 psalmus:
581 2345 659 2407 Voce
675 2365 740 2407 mea
755 2345 791 2407 ad
807 2345 961 2406 dominum
978 2344 1150 2416 exclamavi,
1174 2353 1204 2406 et
1221 2346 1369 2409 exaudivit
1381 2369 1487 2422 renuo

279 2443 422 2509 temome
445 2454 548 2509 sancto
570 2466 636 2508 suo.
670 2447 769 2508 llabes
785 2446 914 2507 nominis
930 2445 1251 2524 repraesentationem,
1274 2443 1367 2509 habes

237 2535 314 2607 'un
331 2547 575 2628 evangelizantis,
603 2547 695 2608 hahes
723 2547 820 2608 locum
848 2546 975 2618 montis,
1006 2555 1035 2607 et
1057 2555 1174 2626 tempus
1196 2548 1309 2622 noctis,
1338 2558 1368 2610 et

325 2650 421 2722 vocis,
445 2660 475 2710 et
489 2649 621 2710 auditum
636 2648 761 2727 ‘putris
784 2646 876 2709 hahes
888 2647 1039 2709 Christum
1054 2649 1278 2727 prophetarum.
1309 2649 1369 2712 Cur
1382 2638 1475 2735 Μ·

319 2749 468 2812 duodecim
485 2749 641 2829 apostolos
657 2749 759 2828 elegit,
783 2758 813 2810 et
827 2766 889 2808 non
903 2748 992 2810 alium
1010 2749 1171 2828 quemlibet
1185 2750 1368 2813 numerum?

293 2857 364 2913 etex
389 2853 448 2914 hoc
475 2870 574 2914 meum
598 2851 748 2912 Christum
778 2850 967 2929 interpretari
994 2869 1132 2929 possem,
1163 2870 1224 2913 non
1255 2860 1368 2914 tantum

246 2946 323 3011 ssus
341 2955 568 3033 prophetarum,
592 2954 644 3014 sed
668 2959 697 3013 ct
718 2952 900 3031 argumentis
915 2970 1014 3012 rerum
1029 2953 1239 3030 praedicatum.
1273 2955 1369 3015 Huius

248 3045 411 3116 &numeri
432 3056 543 3134 figuras
566 3055 644 3134 apud
672 3062 834 3114 creatorem
865 3052 1057 3131 deprehendo
1085 3055 1240 3116 duodecim
1270 3057 1368 3116 sontes
1383 3045 1499 3145 xfffffff',

248 3138 303 3225 ἦ,
318 3164 342 3215 et
360 3155 514 3218 duodecim
536 3174 668 3234 gemmas
690 3155 720 3215 in
742 3155 840 3215 tunica
862 3154 1036 3215 sacerdotali
1057 3154 1214 3229 ”haronis,
1238 3164 1267 3216 et
1289 3146 1521 3250 dubitabilia,

249 3308 252 3315 .
279 3248 286 3261 ⁰
319 3255 423 3335 lapides
446 3258 482 3319 ab
505 3257 639 3318 lesu‘de
660 3257 785 3317 lordane
815 3255 925 3316 electos
957 3265 986 3316 et
1014 3256 1045 3316 in
1073 3275 1168 3317 arcam
1199 3247 1521 3318 testamenti¹⁰⁸·¹l·⁶·‘¹‘¹·

379 3359 517 3419 Totidem
542 3357 620 3419 enim
636 3358 761 3436 apiostoli
777 3355 1046 3435 portendebantur,
1069 3358 1195 3434 proinde
1217 3365 1251 3417 ut
1272 3359 1370 3417 lontes

197 3488 212 3529 ,ι
279 3469 352 3519 flues
371 3460 491 3539 rigaturi
514 3460 631 3520 aridum
653 3467 734 3519 retro
758 3467 788 3518 et
809 3452 961 3518 desertum
985 3456 1120 3516 anotitia
1145 3456 1248 3516 orbem
1270 3455 1370 3515 natio·

251 3612 253 3617 .
306 3560 380 3627 (sicut
406 3570 436 3621 et
462 3581 516 3640 por
544 3559 678 3621 Esaiam:
710 3559 823 3619 Ponam
852 3557 922 3618 οὗἰιι
952 3564 1029 3617 terra
1059 3557 1204 3636 inaquosa
1225 3555 1522 3636 llumina),10,‚mu‚20‚

285 3652 290 3665 '
347 3671 377 3722 ut
397 3681 531 3741 gemmae
561 3660 777 3721 ¹⁰illuminaturi
805 3678 919 3720 sacram
953 3657 1094 3719 ecclesiae
1121 3667 1251 3730 vestem,
1284 3676 1373 3736 quam

204 3822 211 3831 ,
295 3754 450 3823 'Christus
472 3762 605 3842 pontifex
627 3762 734 3840 patria,
769 3759 895 3839 proinde
926 3768 959 3819 ut
987 3768 1017 3820 et
1044 3759 1157 3840 lapides
1188 3759 1275 3819 solidi
1304 3760 1371 3831 lide,

198 3874 214 3921 .'
309 3860 338 3922 le
356 3862 470 3925 lavacro
493 3863 630 3923 lordonis
653 3863 735 3923 lesus
757 3880 846 3922 verus
875 3860 964 3938 elegit
992 3862 1072 3921 etin
1096 3861 1256 3922 sacrarium
1279 3870 1372 3920 testa·

300 3957 358 4024 'sni
379 3965 500 4044 recepit.
540 3964 618 4037 Quid
641 3963 698 4024 tale
721 3964 757 4023 de
779 3963 896 4022 numeri
911 3960 1085 4022 defensione
1101 3961 1241 4040 competit
1253 3959 1372 4021 Christo

256 4042 378 4125 fletus?
417 4066 485 4126 Non
507 4073 611 4144 potest
632 4063 803 4142 simpliciter
825 4064 934 4123 lactum
956 4061 992 4121 ob
1015 4062 1064 4123 illo
1087 4061 1157 4141 quid
1181 4061 1273 4123 videri
1294 4061 1375 4140 quod

326 4164 408 4227 rideri
432 4186 494 4227 non
519 4165 695 4244 simpliciter
721 4166 830 4225 lachim
858 4182 874 4223 a
903 4181 981 4223 nreo.
1032 4162 1105 4223 Eius
1134 4162 1191 4223 erit
1218 4180 1267 4223 res
1296 4160 1374 4239 apud
1388 4187 1525 4240 gugvgu,

216 4340 219 4349 Ι
316 4264 457 4329 invenitur
477 4267 522 4328 rei
545 4274 764 4348 praeparatura.
798 4265 890 4326 hlutat
905 4271 934 4323 et
948 4250 1036 4322 l‘etro
1059 4280 1169 4323 nomen
1191 4262 1228 4323 de
1244 4263 1376 4336 Simone,

275 4352 281 4367 ’
301 4373 324 4426 et
341 4379 454 4431 mentor
467 4369 603 4429 Abrahae
619 4375 649 4428 et
663 4367 753 4427 Sarae
768 4375 798 4427 et
814 4367 930 4426 Auseae
945 4363 1065 4425 nomina
1087 4363 1273 4436 reformavit,
1296 4363 1376 4423 hunc

249 4464 333 4527 No
352 4469 467 4542 lesum,
498 4469 557 4529 illis
587 4466 712 4547 syllabas
735 4465 900 4527 adiciendo.
952 4464 1011 4526 Sed
1035 4473 1065 4524 et
1086 4481 1139 4526 cur
1159 4461 1305 4525 Petrum-l
1343 4462 1377 4523 Si
1474 4480 1477 4484 ·

284 4614 400 4683 ῑΗΙΙΙ.
449 4622 472 4672 l.
497 4623 577 4686 inquit
601 4620 721 4670 excelsum
741 4620 799 4668 lida.
853 4617 877 4666 2.
904 4616 1067 4680 obstupebant
1085 4617 1110 4666 B.
1163 4615 1187 4665 3.
1205 4615 1323 4679 loquebar
1341 4613 1378 4662 ed.

284 4689 352 4739 Μ.
399 4691 425 4741 5.
447 4700 475 4740 ut
492 4692 586 4741 σκιαὶ.
639 4688 662 4737 6.
681 4702 752 4751 qnam
772 4688 796 4735 B.
857 4684 882 4733 i.
900 4692 979 4733 aetum
1004 4686 1036 4746 d.,
1056 4685 1170 4734 latinius.
1212 4683 1301 4731 laetum
1320 4679 1379 4727 Petr.

284 4756 344 4819 ἡ,
360 4766 381 4808 d
395 4761 481 4825 podet
499 4759 539 4808 Fr.
551 4759 640 4806 lunius.
676 4763 786 4804 sanctum
808 4752 876 4804 Cehe-
902 4752 990 4801 omitto
1006 4767 1083 4803 secem
1099 4751 1126 4800 tl.
1162 4750 1186 4801 8.
1204 4745 1377 4821 patrlth'obe.

279 4826 319 4879 ¹1.
335 4826 447 4877 lutum.
501 4826 527 4875 9.
547 4824 663 4872 tarsonis
682 4823 736 4873 uec.
760 4820 870 4871 Vaticani.
917 4820 1010 4869 horson
1034 4820 1127 4884 reliqui.
1179 4816 1227 4866 so.
1245 4815 1307 4863 intra
1325 4823 1379 4859 tnn-

275 4890 337 4941 Ηΰ.
386 4895 426 4945 10.
444 4894 632 4945 illuminaturus
649 4890 692 4940 BC.
