3242 5775
586 632 733 677 corrasus
756 633 928 678 nncxonsu
949 635 1005 678 mn.
1023 640 1043 679 ι.
1366 631 1407 693 59

212 782 259 844 rel
278 801 319 844 ne
342 781 450 843 statim
474 781 596 843 audiret
611 783 747 857 anobis,
771 783 851 856 Quid
874 802 945 864 ergo
967 786 1009 847 illi
1031 803 1098 847 cum
1114 790 1289 852 extraneis?
1317 794 1406 865 Quod

214 884 332 965 pterim
357 902 417 945 suo
440 884 512 945 loco
534 883 644 945 audiet
693 885 731 945 dt
751 902 831 946 nuno
851 886 924 947 satis
954 896 1000 948 est
1029 888 1142 949 nullum
1168 890 1291 968 probari
1318 895 1404 955 cuius

215 985 290 1046 nibil
310 984 473 1065 probatur.
508 985 594 1047 Sicut
616 985 694 1046 euim
716 993 834 1046 creator
856 1005 891 1047 ex
912 987 988 1048 boc·
1009 996 1039 1048 ct
1053 989 1143 1062 deus,
1168 999 1198 1051 et
1219 990 1402 1056 indubitatus
1431 977 1437 988 ⁸

214 1086 305 1158 dens,
328 1087 400 1166 quia
424 1085 528 1147 omnia
549 1086 646 1165 ipsius
669 1095 699 1147 ct
719 1086 792 1147 nibil
816 1096 987 1149 extraneum
1011 1089 1068 1164 illi,
1090 1090 1130 1151 ita
1153 1098 1183 1151 et
1198 1091 1273 1153 alius
1291 1094 1402 1155 idcirco

215 1207 276 1249 nen
297 1188 376 1249 deus
398 1187 472 1268 quia
495 1187 595 1249 omnia
617 1205 677 1248 non
700 1186 764 1248 eius
792 1187 921 1267 ideoque
950 1190 995 1251 ¹et
1016 1199 1162 1251 extranea.
1219 1191 1351 1272 Denique
1374 1194 1401 1255 si

215 1282 397 1350 universitas
421 1289 568 1350 creatoris
592 1298 655 1361 est,
679 1289 736 1349 iam
758 1307 814 1349 uec
834 1288 933 1350 locum
956 1291 1042 1351 uideo
1066 1291 1112 1351 dei
1135 1291 1266 1353 alterius.
1311 1294 1400 1355 l'lena

218 1399 247 1451 et
266 1399 415 1469 ccctxpata
439 1399 510 1451 sunt
531 1390 631 1454 omnia
653 1408 709 1450 suo
730 1399 862 1451 auctore.
899 1390 931 1451 Si
952 1402 1034 1452 vacat
1048 1391 1158 1470 aliquid
1175 1393 1261 1471 spatii
1276 1392 1399 1455 alicuius

219 1490 361 1553 diunitati
384 1490 418 1551 in
442 1491 604 1564 creaturis,
626 1489 835 1569 plane¹talsao
850 1490 972 1552 vacabit.
1010 1492 1094 1553 Patet
1109 1493 1262 1555 mendacio
1279 1494 1398 1555 veritas.

176 1599 177 1610 ¹
222 1591 309 1653 rana
331 1593 379 1652 ris
404 1591 555 1653 idolorum
578 1610 631 1653 cur
652 1610 711 1653 nou
734 1592 859 1671 recipiat
878 1591 982 1654 alicubi
1006 1593 1094 1653 deum
1116 1592 1300 1655 Marcionis?
1337 1594 1398 1673 lgi-

223 1702 264 1753 tr
276 1693 326 1754 'et
339 1693 404 1753 boc
427 1711 464 1753 ex
479 1693 575 1754 lorma
591 1692 732 1753 creatoris
748 1693 924 1772 expostulo,
947 1693 1034 1755 deum
1051 1713 1085 1754 ex
1102 1693 1242 1773 operibus
1257 1694 1398 1773 cognosci

224 1793 509 1855 tcbuissealicuins
530 1792 646 1871 proprii
672 1794 718 1854 sui
739 1794 840 1855 mundi
864 1804 894 1855 et
914 1794 1045 1855 hominis
1073 1803 1102 1855 et
1125 1795 1249 1868 saeculi,
1279 1794 1397 1873 qxxaudo

225 1896 301 1955 etiam
323 1913 416 1955 error
438 1893 523 1955 orbis
544 1901 702 1972 propterea
724 1895 799 1955 deos
827 1895 1064 1973 praesumpserit
1089 1914 1166 1973 quos
1187 1895 1325 1956 homines
1348 1895 1396 1955 in-

226 1996 330 2057 terdurn
353 1994 535 2067 confltetur,
558 1994 696 2074 quoniam
718 1995 845 2074 *aliquid
873 1995 909 2057 ab
936 2014 1118 2076 unoquoque
1138 1988 1328 2075 prospectum
1351 1995 1396 2055 vi-

226 2095 299 2158 detur
320 2095 505 2158 utilitatibus
529 2103 559 2157 et
580 2096 744 2157 commodis
768 2097 853 2157 vitae.
889 2097 932 2158 lta
955 2106 986 2157 et
1005 2097 1064 2157 hoc
1085 2115 1121 2158 ex
1143 2098 1238 2157 torma
1260 2095 1307 2157 dei
1330 2115 1396 2157 cre-

226 2196 306 2258 lton
329 2207 380 2259 est
402 2196 538 2258 divinum
561 2215 645 2269 esse,
675 2197 831 2258 instituere
853 2197 897 2257 rel
923 2197 1131 2258 demonstrare
1153 2197 1222 2275 quid
1245 2204 1346 2275 aptum
1362 2206 1398 2257 -et

227 2299 431 2360 macarium·
445 2299 489 2359 sit
509 2296 601 2358 rebus
623 2298 769 2359 humanis.
790 2298 880 2362 {Adeo
903 2298 972 2358 iude
995 2298 1158 2359 auctoritas
1178 2297 1398 2358 accommodata

228 2395 322 2460 ‘usae
344 2398 497 2459 divinitati
520 2398 599 2459 unde
620 2407 825 2477 praecesserat
847 2417 941 2459 verae.
990 2398 1083 2459 Unam
1105 2397 1203 2459 saltim
1225 2397 1397 2459 cicerculam
1502 2434 1506 2442 ·

230 2496 289 2560 hs
307 2500 473 2562 llarcionis
494 2500 647 2579 propriam
669 2499 832 2578 protulisse
854 2500 1011 2572 debuerat,
1035 2507 1068 2560 ut
1089 2518 1183 2560 novus
1205 2498 1313 2578 ‘aliqui
1327 2498 1396 2559 l'ri·

231 2598 362 2676 nouum
385 2579 639 2680 praedicaretur*
656 2601 716 2661 dut
736 2600 842 2661 exhibe
863 2601 1008 2661 rationem
1026 2601 1083 2661 deo
1099 2601 1233 2679 dignam,
1257 2618 1310 2660 cur
1324 2598 1395 2661 nibil

234 2699 397 2775 murti,
422 2701 450 2762 si
474 2709 538 2775 ost3
568 2702 636 2780 quia
658 2701 857 2772 condidisset,
880 2702 905 2763 si
928 2701 1048 2775 luisset,
1069 2702 1119 2762 illo
1141 2701 1253 2764 scilicet
1273 2701 1395 2780 praeiu-

234 2797 297 2861 ἰὼ
320 2820 379 2882 cpio
411 2809 442 2863 et
472 2811 609 2863 nostrum
644 2802 731 2864 deum
754 2820 815 2862 nou
844 2802 915 2864 alias
938 2803 1126 2864 manifestum
1149 2812 1196 2864 est
1218 2820 1287 2864 esse
1309 2819 1396 2880 quam

236 2902 291 2980 p'a
307 2913 403 2966 totum
426 2904 562 2965 condidit
577 2906 643 2966 hoc.
674 2904 772 2965 Semel
788 2905 867 2965 euim
882 2904 1078 2984 praescriptio
1096 2905 1204 2966 stabitb
1227 2922 1288 2966 non
1303 2922 1396 2982 posse

239 3001 290 3064 bs
309 3015 338 3066 et
357 3005 448 3066 deum
471 3006 607 3066 confiteri
630 3015 792 3067 creatorem
817 3013 846 3066 et
867 3025 934 3066 stim
956 3025 1042 3084 quem
1069 3006 1173 3066 volunt
1194 3011 1286 3083 a'equs
1309 3005 1396 3065 deum

240 3104 302 3165 redi
320 3125 380 3167 non
402 3107 441 3168 ad
464 3105 530 3166 eius
553 3108 679 3168 sormam
706 3106 835 3186 probare
864 3126 950 3185 quom
980 3115 1009 3166 et
1031 3098 1088 3185 ipsi
1117 3117 1147 3167 et
1169 3124 1274 3167 omnes
1297 3105 1396 3176 deum,

241 3215 277 3275 ι,
303 3208 419 3286 quando
453 3208 512 3268 boc
538 3208 606 3287 ipso
635 3226 724 3268 nemo
752 3215 915 3269 creatorem
945 3207 1033 3268 deum
1061 3207 1175 3268 dubitet
1208 3207 1275 3285 quia
1304 3215 1396 3267 totum

242 3301 285 3364 lec
302 3308 447 3382 condidit,
470 3308 528 3369 boc
549 3309 618 3388 ipso
641 3328 727 3370 nemo
751 3308 857 3369 debeat
871 3309 992 3369 credere
1008 3308 1096 3368 deuon
1119 3317 1148 3367 et
1163 3307 1245 3366 illum
1261 3308 1310 3384 qui
1327 3306 1398 3366 nibil

176 3431 179 3467 r
244 3406 367 3485 cmlii,
397 3409 458 3470 nisi
481 3410 556 3470 ratio
580 3410 656 3470 sorte
679 3412 856 3487 proteratur.
906 3408 1019 3485 Duplex
1040 3409 1096 3466 ista
1118 3407 1252 3464 videatur
1274 3424 1398 3464 neccsse

244 3515 291 3578 est,
310 3519 340 3568 nt
360 3518 413 3570 aut
433 3509 564 3570 noluerit
586 3510 716 3571 condere
738 3510 807 3588 quid
823 3516 948 3569 autnon
965 3506 1105 3585 potuerit.
1141 3504 1274 3564 Tertium
1290 3513 1397 3565 cessat.

175 3610 182 3665 ,⁸
245 3602 289 3666 Sed
307 3627 363 3669 non
386 3610 524 3690 potuisse
552 3610 704 3689 indignum
734 3611 790 3671 deo
820 3618 875 3671 est.
927 3608 1067 3668 Noluisse
1095 3625 1131 3666 au
1161 3605 1296 3684 dignum,
1330 3605 1397 3665 volo

176 3758 184 3769 .
245 3704 383 3784 hunum.
426 3710 481 3771 Dic
501 3711 591 3783 mihi,
620 3712 766 3785 llarcion,
798 3709 891 3771 voluit
913 3710 987 3774 deus
1012 3718 1078 3768 tuus
1100 3709 1241 3787 cognosci
1263 3727 1296 3768 se
1319 3727 1396 3787 quo·

246 3824 338 3889 tuque
358 3813 389 3873 in
411 3822 566 3892 tempore,
590 3812 645 3873 'an
667 3810 754 3872 uon?
776 3812 834 3873 alio
852 3812 1008 3891 proposito
1033 3819 1062 3870 et
1083 3809 1237 3870 descendit
1258 3818 1287 3869 ct
1309 3828 1396 3888 prac-

176 3921 188 3930 ·
247 3906 328 3972 turio
348 3921 378 3974 et
398 3930 507 3992 passus
530 3914 693 3975 resurrexit
715 3932 803 3992 quam
818 3913 861 3973 uti
877 3910 1130 3990 cognosceretur?
1163 3910 1200 3970 Et
1215 3911 1280 3970 sine
1296 3909 1396 3983 dubio,

176 4051 189 4074 ·.
248 4008 407 4092 flmgnitus
428 4022 492 4087 est,
517 4014 619 4074 voluit.
652 4013 748 4074 ‘Nihil
770 4013 849 4074 euim
870 4014 945 4073 circa
962 4031 1029 4073 eum
1045 4013 1144 4084 fieret,
1167 4010 1226 4071 uisi
1241 4010 1396 4072 voluisset.

249 4106 301 4179 dil
320 4133 390 4192 ergo
412 4124 571 4194 tantopere
593 4115 728 4175 notitiam
751 4114 799 4174 sui
821 4114 1004 4193 procuravit,
1028 4112 1110 4173 utin
1133 4111 1278 4171 dedecore
1301 4112 1398 4171 caruis

250 4210 421 4287 exhiberetur,
444 4225 476 4278 et
498 4216 621 4295 quidem
643 4216 772 4287 maiore,
796 4215 823 4274 si
844 4214 959 4275 ‘falsae
989 4212 1061 4272 Nam
1083 4212 1142 4272 hoc
1163 4211 1293 4290 turpius,
1319 4211 1344 4271 si
1369 4219 1399 4270 et

176 4391 193 4409 ·-
296 4365 345 4430 tq.
362 4368 400 4418 ΙΙ.
440 4370 463 4418 l
483 4368 626 4418 etomlli.
679 4367 825 4416 lmlalseC
874 4365 1038 4415 3cxlorma
1058 4363 1238 4413 bocetlBCa
1276 4351 1398 4410 exiorma

176 4443 194 4477 't
252 4430 355 4505 §ivelc
395 4435 672 4500 bellumdonum
713 4434 947 4484 outatseeluc
989 4432 1105 4495 daqum
1119 4432 1161 4481 tu
1200 4432 1287 4493 aliquus
1305 4430 1398 4491 rcquru

176 4579 196 4609 ἐ
252 4489 452 4622 mersimus
458 4505 581 4555 latinius.
623 4503 758 4552 analioc.
818 4501 923 4550 8.enirn
944 4498 1189 4548 utnibilcircald
1251 4496 1398 4545 9.osllcC.

176 4669 199 4745 ζ’
273 4696 359 4763 &ll
392 4724 414 4756 ι,
435 4721 466 4754 ex
488 4697 553 4767 boe]
573 4702 643 4759 Quod
664 4713 785 4753 estcrea-
839 4703 872 4749 lle
896 4716 953 4750 voce
977 4701 1046 4750 semel
1070 4701 1101 4749 ci.
1125 4699 1216 4747 cdoott.
1235 4698 1264 4745 ad
1284 4697 1316 4743 lle
1335 4694 1399 4750 luga

838 4772 861 4818 iu
875 4770 994 4817 l‘crsccut.
1014 4765 1108 4828 cap..,2
1127 4767 1156 4812 ue
1175 4780 1230 4814 soce
1247 4757 1400 4828 praescriptio

257 4766 369 4890 isene!
398 4842 472 4891 enim
507 4837 673 4902 praescriptio
703 4829 786 4900 stabit]
838 4837 928 4886 adoott.
948 4836 977 4885 ad
995 4833 1098 4899 lpolcg
1116 4832 1204 4895 cap..'l
