3242 5775
325 635 387 702 684
577 647 678 700 outnrt
700 623 831 694 ssorum
851 648 1014 694 rxoarxrts
1036 623 1229 694 rsaruixmrt

171 801 454 875 lenm-”Pam
475 797 526 880 qui
546 798 641 862 maior
662 806 709 862 est
723 798 877 874 omnibus,
898 799 970 862 mibi
984 799 1080 875 dedit;
1102 807 1146 875 et,
1167 800 1229 881 Ego
1249 809 1279 862 et
1292 808 1376 881 pater
1390 819 1483 865 unum

322 920 437 967 sumus.
470 899 525 961 llio
546 918 616 981 ergo
637 899 695 962 iam
717 901 838 980 gradmn
860 900 963 963 volunt
983 902 1073 982 ligere
1095 901 1187 976 stulti,
1209 902 1299 964 immo
1316 903 1408 978 caeci,
1430 905 1480 984 qui

322 1021 384 1068 non
405 1002 536 1073 videant,
562 1001 674 1081 primo,
702 1000 764 1080 Ego
787 1008 818 1063 et
837 1009 936 1080 pater,
968 1002 1095 1065 duorum
1125 1022 1194 1065 esse
1221 1004 1481 1084 significationem

322 1104 429 1167 debinc
454 1102 485 1166 iu
512 1102 692 1176 novissimo,
720 1102 844 1177 Sumus,
879 1120 939 1165 non
960 1121 994 1165 ex
1016 1103 1104 1166 unius
1132 1123 1201 1167 esse
1222 1124 1368 1185 persona,
1401 1108 1481 1186 quod

271 1271 274 1278 ,
321 1205 474 1288 pluraliter
494 1203 603 1266 dictum
624 1213 688 1278 est;
716 1210 795 1278 tum,
817 1204 896 1283 quod
916 1200 1014 1267 Unum
1036 1223 1156 1280 snmus,
1178 1224 1239 1267 non
1260 1207 1342 1269 Unus
1367 1226 1480 1272 sumus.

320 1308 353 1372 st
374 1307 452 1370 enim
474 1305 613 1379 dixisset,
636 1303 745 1366 ¹⁹Unus
767 1322 887 1379 sumus,
909 1305 1057 1384 potuisset
1070 1308 1206 1369 adiurare
1220 1309 1396 1415 seutpntiam
1409 1310 1478 1371 illo-

321 1428 399 1472 rum.
433 1408 516 1470 Unus
538 1406 616 1468 enim
638 1404 793 1486 singularis
815 1406 930 1468 numeri
952 1406 1124 1486 significatio
1145 1409 1275 1484 videtur3
1296 1410 1393 1472 adbuc
1412 1430 1479 1473 urm

322 1513 381 1575 duo
403 1507 555 1572 masculini
577 1507 706 1587 generis.
748 1507 845 1570 Unum
866 1507 936 1570 dicit
957 1510 1081 1571 neutrali
1102 1509 1203 1585 verbo,
1224 1512 1303 1590 quod
1325 1530 1386 1573 non
1408 1531 1479 1593 per-

321 1605 450 1676 tinet'ad
473 1608 713 1688 singularitatem,
735 1609 787 1670 sed
809 1609 846 1669 ad
868 1609 1019 1682 unitatem,
1042 1610 1077 1671 ad
1100 1610 1330 1687 similitudinem,
1352 1613 1389 1674 ad
1405 1632 1479 1675 con-

321 1712 519 1784 iunctionem,
547 1710 584 1772 ad
605 1708 790 1773 dilectionem
812 1709 924 1789 patris,
952 1711 1002 1790 qui
1023 1710 1114 1772 tilium
1137 1711 1244 1792 diligit,
1277 1714 1363 1775 etad
1387 1714 1478 1777 obse-

320 1814 421 1896 quium
442 1812 510 1887 tttit„
532 1810 582 1891 qui
602 1810 743 1872 voluntati
764 1793 858 1891 pariis
880 1811 1061 1890 obsequitur.
1104 1813 1200 1875 Unum
1223 1832 1342 1887 sumus,
1366 1815 1479 1892 dicens,

320 1934 376 1996 ego
397 1923 428 1978 at
448 1922 547 1994 pater,
569 1912 699 1974 ostendit
720 1912 796 1974 duos
811 1930 894 1984 esso,
916 1932 991 1992 quos
1005 1921 1111 1993 aequat
1124 1922 1154 1975 et
1168 1914 1269 1994 iungit.
1303 1916 1384 1978 Adeo
1399 1917 1480 1979 addit

209 2035 309 2090 tunsa.
324 2016 411 2081 etiam
437 2016 527 2077 multa
554 2033 588 2076 se
615 2024 705 2094 opera
733 2032 749 2074 a
776 2020 860 2092 patre
887 2014 1070 2087 ostendisse,
1104 2033 1228 2094 quorum
1256 2017 1329 2079 nibil
1356 2017 1480 2097 lapidari

208 2111 309 2190 tostas
323 2125 497 2182 mereretur.
529 2115 565 2177 llt
585 2134 623 2177 ne
643 2122 781 2195 putarent
801 2114 868 2176 ideo
890 2134 924 2177 sc
944 2114 1025 2177 illum
1046 2115 1175 2194 lapidare
1197 2116 1319 2192 debere,
1343 2121 1480 2198 quasise

322 2221 408 2285 deum
429 2218 544 2299 ipsum,
565 2217 594 2279 id
618 2226 663 2279 est
683 2226 812 2297 patrem,
834 2215 977 2278 voluisset
997 2215 1141 2296 intellegi,
1169 2218 1236 2297 quia
1258 2218 1387 2294 dixerat,
1418 2221 1479 2300 Ego

239 2331 242 2336 '
322 2331 352 2386 st
371 2329 454 2403 pater
476 2336 565 2380 unum
587 2336 705 2389 sumus,
738 2336 794 2397 qua
816 2317 906 2380 lilium
934 2317 981 2379 dei
1008 2319 1095 2379 deum
1123 2319 1298 2394 ostendeus,
1334 2339 1395 2383 non
1424 2341 1479 2402 qua

169 2423 421 2505 rr.x,srsqq.ipsum
442 2422 544 2494 deum,
567 2419 599 2481 Si
620 2419 650 2480 in
671 2418 751 2500 lege,
779 2417 891 2499 inquil,
921 2419 1062 2499 seriptum
1084 2428 1145 2493 est,
1173 2420 1234 2499 Ego
1256 2421 1331 2495 dixi,
1361 2441 1417 2484 ros
1439 2424 1479 2486 dii

321 2525 410 2596 estis,
442 2530 472 2584 et
498 2539 560 2583 non
586 2528 687 2601 potest
717 2520 791 2583 solvi
818 2519 979 2600 scriptura,
1013 2539 1099 2600 quem
1128 2530 1211 2599 pater
1239 2522 1430 2585 sanctificarit
1451 2533 1480 2586 et

320 2625 401 2688 misit
427 2623 457 2684 iu
484 2623 642 2695 mundum,
674 2639 727 2683 vos
754 2639 821 2682 eum
849 2620 1052 2701 blasphemare
1079 2621 1192 2696 dicitis,
1227 2623 1295 2701 quia
1328 2623 1477 2699 ”dixerat

320 2725 411 2789 Filius
432 2724 480 2786 dei
503 2720 593 2785 sumi
629 2722 661 2785 Si
682 2740 743 2784 non
764 2721 838 2784 facio
853 2740 950 2802 opera
970 2721 1064 2802 patris
1084 2724 1159 2797 mei,
1182 2723 1272 2786 nolite
1293 2724 1431 2799 credere,
1453 2725 1478 2786 si

321 2844 391 2892 roro
411 2824 486 2888 lucio
508 2832 538 2887 et
558 2823 630 2888 mihi
652 2824 772 2887 credere
792 2841 855 2884 non
875 2823 979 2898 vultis,
1000 2823 1046 2886 vel
1059 2832 1181 2906 propter
1195 2843 1284 2904 opera
1300 2826 1428 2901 oredite;
1450 2835 1479 2890 et

321 2927 443 3001 scitote,
470 2925 548 3005 quod
569 2943 624 3005 ego
646 2925 677 2986 in
698 2932 781 3004 patre
802 2925 876 2999 sim,
903 2933 933 2986 et
953 2935 1038 3005 pater
1058 2925 1166 2987 inme.
1215 2926 1273 2988 Per
1295 2946 1386 3007 opera
1407 2947 1477 3007 ergo

320 3028 404 3091 “erit
424 3036 508 3109 pater
528 3027 559 3088 in
580 3025 658 3101 tilio,
681 3034 710 3087 et
730 3025 806 3087 lilius
829 3026 860 3087 in
880 3034 980 3107 patre;
1002 3036 1033 3104 et
1050 3027 1090 3089 ita
1108 3044 1163 3108 per
1177 3046 1264 3106 opera
1280 3029 1477 3109 intellegimus

321 3149 412 3193 uuum
432 3147 500 3192 esse
520 3126 673 3208 ¹'patrem
724 3127 804 3189 bdeo
832 3135 926 3189 tolum
953 3129 1011 3190 boc
1036 3128 1242 3208 perseverabat
1262 3129 1419 3205 indurare,
1446 3141 1478 3192 ut

321 3233 380 3295 duo
402 3240 499 3294 tamen
520 3229 711 3292 crederentur
730 3228 760 3290 in
783 3247 841 3291 una
860 3229 982 3304 virtute,
1011 3230 1078 3309 quia
1105 3229 1188 3292 aliter
1215 3230 1292 3293 fitius
1314 3232 1394 3293 credi
1417 3250 1477 3293 non

263 3372 268 3383 ·
319 3344 423 3416 posset
442 3332 502 3394 nisi
522 3330 581 3392 duo
603 3330 801 3392 crederentur.

169 3459 310 3519 crpxxun
409 3436 482 3495 l'ost
501 3433 574 3495 baec
594 3442 691 3494 autem
713 3432 841 3493 ¹blartba
867 3431 960 3494 filium
990 3432 1037 3494 dei
1058 3451 1125 3493 eunt
1147 3433 1282 3493 contessa
1302 3451 1361 3494 uon
1381 3434 1479 3514 magis

194 3522 305 3620 ’ᾖξ’,ῑζῗ
319 3537 428 3601 erravit
448 3554 534 3615 quam
549 3535 654 3596 Petrus
675 3541 705 3594 et
718 3533 893 3609 Nathanae13
915 3528 1087 3614 quamquam
1109 3542 1139 3595 et
1160 3534 1186 3594 si
1208 3541 1354 3607 errasset,
1376 3535 1477 3597 statim

220 3626 301 3679 ”¹⁹¹⁸
321 3637 482 3701 didicisset.
523 3634 598 3697 Ecce
625 3634 702 3696 enim
729 3635 765 3696 ad
794 3634 995 3698 suscitandum
1021 3636 1141 3697 fratrem
1170 3634 1232 3696 eius
1254 3654 1270 3695 a
1291 3636 1419 3699 mortuis
1442 3637 1477 3699 ad

171 3739 433 3818 textui-goarium
449 3745 491 3821 et
516 3737 553 3797 ad
579 3746 692 3816 patrem
718 3735 856 3797 domiuus
885 3737 1067 3816 suspiciens,
1098 3736 1200 3811 Pater,
1234 3736 1343 3814 inquit,
1376 3737 1477 3816 utique

320 3841 414 3914 filius,
436 3837 544 3918 gratias
566 3855 620 3914 ago
643 3837 712 3909 tibi,
734 3837 889 3917 uuodme
911 3856 1029 3916 semper
1050 3837 1203 3899 exaudias:
1235 3836 1374 3916 2μνομῑνν
1404 3837 1476 3900 istas

321 3940 421 4004 turbas
442 3938 663 4001 circumstantes
683 3937 758 4012 dixi,
781 3947 813 4001 ut
834 3938 954 4001 credant
974 3938 1069 4019 ³quod
1091 3947 1123 4000 tu
1138 3957 1185 3999 me
1199 3938 1328 3999 miseris.
1366 3939 1426 4001 Sed
1448 3948 1477 4001 et

169 4070 314 4122 mmmm,
322 4042 353 4103 in
374 4038 596 4102 conturbatione
617 4035 802 4129 animaez‘lit
823 4038 893 4119 qnid
915 4037 1031 4100 dicam?
1052 4046 1149 4119 pater,
1171 4038 1282 4100 salvum
1303 4057 1352 4099 me
1373 4041 1420 4101 lac
1440 4040 1477 4101 de

319 4143 376 4204 ista
397 4143 484 4203 bora:
506 4140 604 4220 atquin
626 4149 748 4222 propter
768 4141 826 4203 boc
846 4141 912 4203 veui
933 4142 964 4202 in
986 4141 1071 4203 istam
1094 4142 1213 4213 boram3
1242 4159 1359 4214 verum,
1382 4151 1475 4220 pater,

207 4273 305 4323 μω,
320 4243 447 4322 glorifica
469 4261 577 4305 nomen
599 4251 696 4317 tuum;
727 4242 757 4302 in
785 4260 844 4321 quo
873 4251 935 4304 erat
962 4242 1064 4305 ⁴tilius.
1108 4241 1186 4321 Ego,
1215 4241 1325 4320 iuquit,
1356 4242 1425 4303 reni
1446 4243 1477 4303 in

322 4463 360 4515 18.
379 4465 446 4513 Pater
464 4464 543 4520 tl‘ater
560 4470 599 4513 est
614 4464 640 4514 Δ.
657 4462 740 4522 leid),
758 4462 798 4527 qui
817 4462 893 4513 maior
911 4470 948 4512 est
965 4463 1085 4521 omuibus,
1104 4462 1159 4512 mibi
1179 4461 1244 4511 dedit
1261 4461 1335 4519 (dedit
1354 4463 1413 4512 mibi
1435 4464 1476 4513 l'a-

320 4535 400 4587 tironi)
416 4534 441 4582 t.
461 4533 533 4592 leid,
553 4539 573 4581 et
591 4539 636 4581 tres
657 4531 765 4581 latiensi.
800 4529 870 4581 Pater
886 4531 949 4580 sulm
966 4532 1030 4594 qnod
1049 4532 1106 4580 mibi
1124 4530 1197 4589 dedit,
1215 4532 1291 4579 maius
1309 4537 1346 4578 est
1364 4531 1476 4580 omnibus

229 4610 231 4615 '
319 4601 403 4650 dobcd.
457 4599 495 4648 te.
515 4615 575 4648 onos
594 4612 676 4647 sumus
694 4599 717 4647 d.
758 4598 822 4662 quod
846 4613 908 4648 uuus
932 4612 1016 4647 tumus
1033 4598 1118 4649 Ababa.
1137 4599 1200 4648 lrs'd.
1258 4596 1298 4647 20.
1317 4598 1364 4646 dixi
1383 4601 1430 4659 cd„
1449 4601 1477 4648 de

319 4672 413 4719 coniect.
431 4669 531 4719 Pomelii.
566 4667 648 4715 dixerit
669 4666 802 4715 iniurias.
854 4664 894 4715 tt.
913 4672 965 4715 erat
982 4667 1014 4728 d.,
1033 4682 1083 4717 cum
1100 4667 1179 4717 Fuluio
1192 4666 1282 4715 Ursino.
1323 4663 1363 4714 22.
1383 4676 1477 4731 patrem

319 4744 342 4787 at
359 4737 433 4785 illium
452 4737 484 4795 d.,
504 4751 554 4785 cum
570 4734 648 4784 Fuluio
668 4734 757 4784 Ursino.

386 4804 444 4868 Cap.
462 4802 541 4853 lllllll.
578 4801 600 4851 l.
618 4801 706 4851 llsrtba
725 4804 761 4852 cd.
795 4801 867 4853 iistis
883 4801 975 4867 reliqui,
995 4807 1016 4852 et
1032 4802 1097 4854 leid.
1142 4799 1166 4851 2.
1184 4800 1227 4851 red
1244 4808 1345 4866 propter
1363 4802 1478 4852 betisias.

320 4868 343 4921 ³.
361 4873 416 4937 quis
434 4880 458 4922 tu
476 4874 500 4921 l.
519 4871 582 4921 laid.
633 4868 657 4919 4.
676 4869 777 4920 stillim
795 4871 819 4920 d.
