3242 5775
259 590 320 656 178
509 605 612 657 onmrr
634 604 765 648 ssrrrrru
788 602 954 646 ruensnrrs
978 601 1176 648 rsnrumtnr

256 725 422 837 primordio
444 755 505 835 egit
524 753 556 817 in
577 753 670 834 patris
692 753 823 815 nominc.
860 751 941 831 Lego
958 761 987 814 et
1000 752 1115 814 Natlnn
1136 753 1314 833 prophetem
1336 797 1338 808 .

156 857 243 951 ¹¹¹3·ss-
259 857 354 920 sceuti
375 856 466 919 [levid
487 855 626 918 delictum
647 873 736 917 sunm
757 854 788 916 in
803 853 904 915 Uriam
926 852 1054 926 dixisse,
1077 853 1114 914 Et
1135 854 1277 916 dominus
1301 854 1338 916 cir

195 938 202 959 ’
236 936 338 1021 'duxit
365 957 505 1018 delictum
531 965 613 1018 tuum
642 965 673 1017 et
700 974 761 1016 non
789 954 946 1028 morieris;
979 954 1106 1033 proinde
1134 963 1165 1016 et
1190 955 1290 1016 Achab
1319 975 1338 1018 r=

142 1056 229 1151 ¹¹pr
254 1059 392 1121 meritum
413 1057 543 1131 lezabel,
565 1075 650 1118 reum
673 1054 882 1118 ¹⁵idololatriae
904 1064 934 1116 et
956 1055 1111 1134 sauguinis
1124 1055 1295 1130 Nabuthae,
1317 1077 1338 1118 r

143 1139 236 1201 ¹⁸⁸3
256 1159 403 1223 meruisse
430 1157 629 1239 paenitentiae
656 1158 794 1231 nomine;
827 1157 987 1231 lonathan‚
1020 1156 1112 1218 lilium
1141 1156 1255 1231 Saulis,
1290 1177 1338 1220 ree

105 1207 243 1264 mlbsqq.

256 1259 376 1322 ieiunii·
398 1260 513 1339 eulpam
536 1259 746 1339 deprecatione
768 1258 897 1320 delesse.
932 1256 1011 1330 Quid
1026 1258 1063 1319 de
1084 1258 1151 1337 ipso
1168 1259 1280 1340 populo
1302 1279 1336 1322 re

257 1362 366 1424 totiens
388 1361 563 1423 delictorum
578 1359 760 1439 indulgentia
776 1356 941 1421 restituto?
962 1357 999 1420 ab
1021 1377 1058 1420 eo
1080 1358 1193 1420 sedicet
1214 1359 1270 1421 deo
1294 1363 1338 1441 qui

115 1460 236 1564 umbi,
255 1463 318 1526 vult
338 1462 572 1525 misericordiam
602 1480 689 1540 quam
717 1460 911 1550 sacrificium,
944 1469 973 1521 ct
1001 1458 1193 1539 ¹⁰peeeatoris
1222 1462 1338 1541 paenite

239 1541 343 1645 'quam
358 1572 496 1626 mortem.
533 1562 620 1623 Prius
643 1570 690 1623 est
706 1561 797 1641 igitur
811 1579 903 1640 neges
920 1568 1083 1622 creatorem
1099 1560 1261 1623 indulsisse
1276 1563 1338 1642 aliqu

255 1665 376 1740 delicta,
406 1682 594 1743 consequens
624 1662 699 1724 ¹'cst
725 1671 758 1723 ut
786 1662 928 1723 ostendas
958 1680 1013 1722 nee
1040 1661 1070 1721 iu
1093 1661 1241 1724 Christum
1266 1683 1338 1726 suun

255 1766 325 1847 quid
353 1785 422 1828 eum
449 1765 655 1846 praedicasse3
687 1773 717 1825 et
743 1764 784 1825 ita
811 1762 953 1843 probabis
980 1781 1087 1824 noram
1115 1763 1201 1825 istam
1225 1763 1336 1826 Christi

255 1867 367 1929 sedicet
387 1866 615 1947 benignitatem,
640 1865 666 1926 si
688 1864 862 1945 probaveris
884 1882 940 1924 nec
960 1881 1061 1944 parem
1085 1865 1213 1925 erectori
1234 1884 1291 1927 nee
1311 1885 1338 1946 pr

255 1977 348 2030 eatam
370 1987 387 2030 a
409 1975 551 2030 creatore.
593 1966 653 2028 Sed
675 1974 706 2026 et
726 1974 846 2045 peccata
867 1965 1016 2026 dimittere
1037 1983 1075 2044 pn
1097 1964 1161 2025 eius
1184 1967 1283 2044 possit
1298 1985 1338 2028 est

255 2076 380 2147 negetur
402 2078 521 2143 tenere,
544 2075 574 2129 et
596 2086 633 2129 an
656 2067 720 2128 eius
742 2066 782 2127 sit
803 2065 960 2127 absolvere
982 2065 1067 2127 cuius
1089 2084 1150 2126 nou
1173 2066 1213 2126 sit
1234 2066 1323 2128 etiam

255 2188 342 2243 nare,
368 2178 465 2231 etan
488 2178 631 2248 congruat
652 2187 719 2230 eum
741 2167 898 2247 ignoscere
926 2168 1066 2246 inquom
1093 2166 1167 2228 nibil
1194 2167 1234 2228 sit
1256 2167 1338 2229 admi

254 2270 324 2333 alibi
344 2270 404 2332 iam
425 2271 581 2350 congressi
605 2269 790 2331 ¹”maluimus
812 2269 973 2331 admonere
988 2287 1074 2348 mam
1089 2270 1278 2330 retractarel.
1312 2269 1337 2331 1)

138 2414 147 2428 .
254 2371 386 2434 bominis
409 2372 515 2451 duplex
537 2382 584 2433 est
604 2379 708 2432 nostra
730 2370 943 2451 praescriptio,
971 2387 1067 2448 neque
1088 2367 1208 2431 mentiri
1229 2389 1321 2449 posse

255 2479 351 2545 stum,
374 2480 408 2532 ut
429 2491 462 2534 se
485 2472 576 2534 lilium
599 2471 728 2532 hominis
750 2471 972 2551 pronuntiaret,
1001 2470 1028 2531 si
1050 2488 1112 2531 uon
1133 2489 1204 2531 vere
1226 2480 1306 2545 erat,
1334 2491 1338 2532 t

254 2569 346 2630 lilium
368 2570 498 2633 bominis
521 2572 678 2645 constitui,
712 2573 847 2652 quinon
870 2573 909 2633 sit
931 2580 1017 2633 natus
1041 2589 1076 2631 ex
1098 2570 1237 2645 bomine,
1270 2572 1317 2633 vel

253 2670 300 2730 vel
322 2677 432 2743 moue,
456 2680 544 2751 atque
565 2672 605 2733 ita
625 2672 843 2735 discutiendum
866 2672 949 2734 euius
964 2671 1096 2733 hominis
1111 2671 1190 2732 lilius
1206 2672 1298 2751 accipi
1314 2672 1338 2736 d

253 2770 347 2851 patris
370 2789 407 2831 an
429 2772 541 2834 matris.
575 2771 608 2832 Si
632 2791 668 2833 cr
689 2774 745 2834 deo
766 2782 851 2854 patre
874 2782 936 2846 est,
960 2773 1061 2852 utique
1077 2789 1137 2834 non
1154 2772 1229 2833 llest
1243 2791 1278 2833 ex
1294 2773 1338 2835 bo:

254 2870 279 2931 si
303 2890 364 2932 non
385 2871 443 2935 ”et
464 2894 499 2936 ex
521 2873 658 2948 bomine,
690 2883 830 2954 superest
857 2883 889 2936 ut
917 2894 954 2936 ex
977 2874 1098 2935 homine
1126 2872 1166 2934 sit
1193 2883 1304 2951 matre3

252 2972 389 3046 bomine,
412 2974 470 3036 iam
492 2985 615 3057 apparet
636 2975 705 3055 quia
728 2995 763 3037 ex
785 2976 909 3055 virgine.
944 2975 998 3038 Cui
1020 2975 1040 3007 ²¹
1049 2975 1128 3037 enim
1149 2975 1241 3036 homo
1264 2984 1338 3056 pater

252 3073 356 3147 datur,
379 3075 502 3137 neeric
523 3077 609 3138 matri
632 3076 696 3138 eius
718 3077 922 3157 deputabitur:
951 3095 1061 3156 porro,
1084 3076 1131 3138 cui
1153 3075 1198 3137 vir
1219 3094 1281 3138 nou
1304 3078 1338 3139 de

252 3174 348 3249 bitur,
382 3176 465 3254 virgo
495 3186 550 3238 est.
604 3177 741 3239 Ceterum
764 3179 823 3241 duo
845 3178 904 3239 iarn
932 3186 1034 3258 patres
1063 3176 1268 3253 habebuntur,
1305 3179 1338 3241 de

252 3276 360 3349 bomo,
384 3276 411 3338 si
432 3295 494 3337 non
517 3277 600 3357 virgo
624 3277 663 3340 sit
684 3288 788 3341 mater.
818 3278 946 3340 Habebit
968 3278 1047 3340 enim
1070 3277 1181 3352 virum,
1209 3288 1244 3339 ut
1265 3278 1338 3360 virg(

252 3376 307 3450 sit,
342 3386 371 3439 et
393 3376 530 3439 babendo
553 3378 647 3440 virum
671 3379 747 3441 duos
769 3388 869 3459 patres
898 3379 1000 3452 laniet,
1036 3379 1122 3440 deum
1151 3388 1182 3440 ct
1202 3380 1338 3442 bomiuor

252 3477 303 3556 qui
326 3487 355 3539 et
376 3477 424 3539 dci
447 3487 477 3540 et
498 3479 628 3542 bominis
650 3489 732 3542 esset
759 3480 847 3543 lilius.
898 3480 1017 3554 Talem,
1046 3481 1072 3541 si
1102 3481 1206 3555 lortc·,
1241 3480 1338 3543 Castor

251 3577 368 3638 llerculi
392 3578 573 3642 nativitatem
596 3581 716 3642 tradunt
736 3582 861 3644 fabulae.
918 3581 950 3642 Si
972 3582 1046 3643 haec
1067 3580 1106 3641 ita
1128 3580 1338 3661 distinguuutu

251 3684 298 3736 cst
319 3676 346 3736 si
369 3696 404 3737 ex
427 3687 520 3742 matre
542 3683 621 3743 filius
643 3690 691 3742 est
712 3682 842 3744 bominis
866 3683 934 3762 quia
957 3701 993 3743 ex
1015 3690 1099 3761 patre
1120 3691 1260 3757 nonest,
1284 3703 1338 3745 ext

110 3785 348 3852 neronianum
371 3777 486 3855 virgine
508 3781 576 3858 quia
599 3799 660 3841 uon
682 3801 719 3843 ex
739 3792 824 3862 patre
846 3783 982 3856 bomine,
1012 3782 1062 3843 bic
1083 3782 1141 3843 erit
1163 3782 1338 3847 Christusl

249 3895 337 3955 quem
359 3886 568 3956 concepturam
592 3882 734 3961 virginem
756 3885 916 3963 praedicat.
954 3883 1019 3955 Qua
1041 3882 1130 3961 igitur
1151 3884 1269 3946 ratione
1290 3885 1338 3947 adr

248 3977 341 4038 lilium
363 3978 509 4053 bominis,
532 3983 677 4058 Marcion,
701 3984 928 4065 circumspicere
951 4003 1012 4045 nou
1027 4003 1164 4063 possum.
1198 3985 1231 4046 Si
1252 3986 1338 4065 patrit

249 4078 355 4153 minis,
379 4097 469 4158 negas
492 4081 539 4143 dei
562 4084 670 4159 lilium,
697 4085 723 4147 si
745 4094 776 4147 ct
797 4086 862 4161 dei,
885 4086 1042 4148 llereulem
1064 4086 1101 4147 de
1124 4084 1221 4147 tabula
1243 4087 1317 4149 lacis

253 4262 292 4312 15.
311 4263 489 4327 idolatrirell,
507 4284 549 4332 pro
570 4286 641 4321 more.
701 4268 741 4320 16.
765 4277 920 4334 peccatorum
944 4272 971 4321 n.
1026 4272 1064 4322 ll.
1083 4279 1120 4322 cst
1138 4289 1183 4323 om.
1201 4273 1224 4322 d.
1281 4272 1321 4324 te.

249 4332 356 4462 aperb
401 4332 441 4382 tt.
460 4341 498 4383 est
515 4339 594 4387 omd
647 4335 688 4385 20.
707 4346 793 4388 etom.
811 4338 837 4388 B.
898 4337 940 4387 21.
966 4340 1030 4390 enim
1049 4341 1121 4390 bomo
1146 4347 1216 4403 pater
1233 4341 1320 4393 natet.

284 4531 377 4593 Cupll.
396 4547 418 4582 a.
436 4534 550 4594 resignati
564 4532 658 4599 ieiunii]
677 4537 703 4587 ld
714 4547 751 4590 est
760 4541 811 4590 rio-
897 4553 918 4589 c.
936 4541 957 4590 si
976 4537 1050 4605 torte]
1070 4541 1106 4590 Ct.
1125 4539 1217 4590 ednott.
1234 4542 1265 4591 ud
1284 4542 1338 4593 net

251 4598 301 4649 lati.
319 4599 355 4649 Cl.
368 4600 422 4650 udo.
442 4601 471 4650 ad
492 4602 811 4670 bellirglelandteupdl.
864 4607 953 4668 cepb.
989 4610 1029 4658 Sic
1047 4609 1120 4672 poulo
1138 4609 1200 4657 inlrr
1218 4608 1306 4659 iterum
1324 4646 1338 4672 „

284 4666 307 4716 b.
326 4666 383 4716 olibi
402 4670 449 4718 iam
468 4672 592 4733 congressi
616 4673 746 4725 maluimus
767 4677 811 4726 rd-
863 4687 920 4722 num
940 4680 1078 4726 communio
1096 4677 1207 4741 simplet,
1225 4679 1247 4727 ti
1263 4682 1334 4742 (orte,

251 4748 352 4853 ωουεῖτέ
368 4750 440 4800 quem
458 4737 611 4804 renectere}
634 4741 713 4807 Supra
731 4744 773 4795 lib.
790 4745 809 4805 l,
862 4744 962 4806 poten·‘
981 4758 1036 4809 sqq.

251 4817 304 4866 cap.
364 4818 418 4870 sqq.
