3242 5775
556 669 703 714 emensus
724 669 860 716 moseos.
1118 709 1122 724 .
1230 650 1289 720 723
1377 645 1390 670 ‘

122 818 277 879 Samariae
299 820 418 880 nomine
440 820 567 892 notavit,
589 829 622 882 ut
643 819 859 901 ignominiosae
881 812 1147 896 ob‘idololatriam,
1169 819 1293 903 nbquae

126 921 292 981 desciverat
313 929 383 1001 tuqc
404 941 418 981 a
442 923 497 983 deo
521 921 576 982 sub
599 941 668 1001 rege
690 922 879 985 Hieroboam.
922 923 984 986 Nec
1004 924 1061 986 boe
1082 924 1160 986 enim
1181 941 1293 985 novum

126 1022 284 1100 scripturis
307 1022 426 1096 divims,
456 1024 577 1101 figurate
597 1023 641 1085 uti
663 1024 855 1086 translatione
875 1024 1057 1087 ⁴⁸notatinum
1079 1041 1115 1087 ex
1137 1043 1292 1105 eompma·

126 1125 209 1185 tione
232 1124 396 1184 criminum.
433 1125 505 1185 Nam
529 1134 558 1186 et
578 1125 763 1187 “archontas
785 1127 983 1188 Sodomorum
998 1126 1125 1207 appellat
1137 1126 1292 1189 ⁴'mobon-
1305 1136 1409 1189 restat

127 1238 172 1286 tas
195 1233 328 1297 vestros,
360 1235 389 1285 et
415 1225 555 1305 populum
584 1235 713 1287 vestrum
739 1228 881 1307 populum
905 1228 1067 1290 Gomorrae
1094 1236 1194 1302 vocat,
1226 1245 1292 1289 eum

128 1328 187 1387 iarn
211 1327 279 1386 olim
303 1336 403 1387 essent
424 1326 554 1388 civitates
578 1328 652 1388 istae
674 1329 828 1390 extinctae.
879 1329 915 1390 Et
941 1329 1009 1392 alibi
1037 1348 1092 1409 per
1117 1328 1292 1410 prophetam

125 1430 164 1490 acl
187 1429 327 1507 populum
350 1427 459 1501 lsrael,
488 1429 617 1501 ⁴⁶Pater,
648 1430 756 1510 inquit,
786 1439 856 1492 tuus
877 1432 1055 1493 Amorraeus
1078 1439 1108 1493 et
1128 1438 1222 1493 mater
1241 1439 1291 1493 tna
1323 1424 1384 1528 ξῖξξ·

124 1531 297 1601 ⁴⁷Cetbaea,
322 1548 447 1608 qnorum
470 1550 504 1591 ex
527 1550 635 1609 genere
656 1532 801 1610 procreati
834 1550 893 1593 non
922 1541 1008 1605 sunt,
1041 1532 1094 1594 sed
1125 1531 1163 1593 ob
1190 1531 1293 1595 eonsi-

126 1633 228 1693 milem
251 1632 448 1710 impietatem,
482 1651 556 1711 quos
585 1633 739 1711 aliquando
772 1633 859 1693 etiam
887 1632 963 1695 lilios
985 1652 1058 1695 suos
1079 1633 1192 1696 dixerat
1212 1627 1307 1714 ‘'per'

125 1734 244 1794 Esaiam
273 1734 461 1812 prophetam:
495 1733 586 1795 Filios
614 1734 750 1813 generavi
778 1744 807 1795 et
834 1734 965 1796 exaltavi.
1014 1735 1064 1797 Sic
1090 1742 1122 1796 et
1147 1729 1431 1833 temptum,

127 1854 341 1913 nonnunquam
365 1844 445 1896 totus
469 1833 550 1896 orbis
580 1836 757 1914 intellegitur
785 1835 862 1915 apud
891 1836 987 1909 illum,
1023 1836 1243 1917 superstitionis
1265 1844 1296 1898 et

129 1936 348 2002 maledictionis
371 1936 477 2014 elogio.
521 1936 570 1997 Sic
592 1946 621 1996 et
642 1936 769 2015 Babylon
791 1938 868 2017 apud
892 1938 1030 1999 loannem
1053 1946 1190 2000 nostrum
1202 1937 1393 2031 “Ro-{tm

128 2058 196 2101 mae
219 2038 301 2099 urbis
322 2039 413 2116 figura
436 2046 496 2111 est,
515 2026 644 2116 proinde
665 2047 694 2098 et
714 2058 836 2118 maguae
852 2048 881 2100 et
895 2058 988 2118 regno
1005 2039 1151 2119 superbae
1172 2050 1203 2103 et
1223 2058 1296 2102 san·
1362 2017 1369 2041 ⁹

128 2149 246 2201 ctorum
270 2139 476 2200 debellatricis.
520 2140 584 2199 Hoc
605 2140 702 2219 itaque
724 2141 814 2201 modo
836 2141 936 2220 Magos
959 2159 1075 2221 quoque
1092 2141 1294 2203 Samaritano·

126 2260 194 2302 rum
218 2241 411 2320 appellatione
434 2240 572 2310 titulavit,
594 2241 818 2320 ”despoliatos
843 2242 922 2322 quod
944 2242 1136 2304 ⁸¹habuerant
1155 2261 1221 2315 cum
1237 2242 1294 2304 Sa·

126 2343 259 2414 maritis,
283 2352 315 2403 ut
336 2342 478 2413 diximus,
500 2342 722 2404 ⁵²idololatriam
745 2342 914 2405 ”adversus
938 2343 1098 2405 dominum.
1146 2326 1294 2407 Adversus

126 2463 230 2523 regern
259 2454 355 2505 autem
381 2444 586 2522 Assyriorum,
622 2444 762 2505 adversus
792 2444 956 2518 diabolum,
992 2447 1042 2525 qui
1071 2445 1135 2506 “ad
1164 2446 1236 2506 boc·
1262 2464 1296 2507 se
1323 2463 1326 2470 ’

127 2564 255 2624 regnare
276 2554 374 2625 putat,
397 2545 423 2606 si
445 2554 563 2607 sanctos
586 2564 601 2605 a
625 2545 767 2624 religione
788 2547 836 2608 dei
852 2546 996 2607 deturbat.
1029 2546 1219 2608 Adiuvabitur
1240 2565 1295 2607 au-

129 2660 193 2710 tem
221 2648 294 2707 baec
322 2655 423 2706 nostra
453 2645 671 2725 interpretatio,
704 2649 772 2708 dum
802 2656 832 2709 et
859 2647 926 2708 alibi
954 2647 1124 2710 bellatorem
1146 2648 1296 2710 Christum

131 2750 298 2827 scripturae
320 2749 475 2826 designant
497 2748 535 2808 ob
557 2748 733 2810 ⁵⁵armomm
762 2749 945 2828 quorundam
972 2749 1112 2812 vocabula
1133 2749 1192 2811 ”et
1214 2750 1296 2812 eius-

131 2850 215 2914 modi
239 2849 335 2910 verba.
369 2849 426 2910 Sed
451 2868 484 2911 ex
507 2850 687 2929 reliquorum
710 2868 851 2913 sensuum
874 2850 1094 2931 comparatione
1116 2851 1294 2914 convincen-

132 2964 181 3015 tur
203 2952 311 3013 ludaei.
356 2952 529 3030 Accingere,
552 2953 799 3032 inquit³⁷1lavid‚
824 2953 952 3014 ⁵⁸ensem
977 2972 1067 3033 super
1089 2954 1193 3015 lemur.
1237 2954 1295 3015 Sed
1308 2956 1434 3010 Puffliss

131 3056 202 3134 quid
233 3073 322 3133 supra
351 3053 423 3131 legis
452 3055 487 3114 de
510 3054 652 3115 Christo?
700 3056 935 3135 ”Tempestivus
966 3055 1073 3116 decore
1102 3074 1192 3134 super
1219 3055 1435 3117 filjogrsxrna

131 3157 303 3227 bominum,
327 3155 448 3215 ⁶⁰ellusa
472 3164 517 3216 est
539 3157 630 3234 gratia
654 3158 682 3217 in
705 3157 790 3218 labiis
807 3157 874 3218 tuis.
910 3156 998 3216 Valde
1020 3165 1117 3216 autem
1140 3154 1298 3218 absurdum

133 3267 182 3319 est
204 3258 245 3329 si,
269 3275 355 3336 quem
379 3257 413 3317 ad
437 3256 544 3316 bellurn
569 3277 640 3318 ense
663 3259 811 3337 cingebat,
836 3259 862 3318 ei
885 3257 921 3318 de
939 3256 1166 3334 tempestivitate
1181 3257 1297 3316 decoris

134 3369 165 3421 et
186 3359 330 3420 labiorum
354 3359 445 3437 gratia
468 3358 687 3430 blandiebatur,
717 3360 753 3420 de
781 3378 839 3438 quo
870 3358 1052 3436 subiungens
1081 3357 1209 3427 dicebat,
1236 3357 1296 3417 Ex-

134 3462 224 3522 tende
247 3471 276 3522 et
295 3461 315 3491 ⁶¹
325 3479 486 3539 prospera,
509 3459 634 3538 procede
657 3468 686 3520 et
708 3478 805 3538 regna.
844 3460 881 3518 Et
903 3459 1021 3519 adiecit:
1043 3457 1171 3535 Propter
1191 3456 1435 3517 lenita-rame

134 3575 197 3624 tem
220 3541 407 3623 et‘iustitiam
430 3571 519 3622 tuam.
565 3561 638 3632 Quis
660 3561 761 3621 ⁶²ense
791 3559 975 3639 operabitur,
1010 3567 1037 3618 et
1065 3575 1124 3617 non
1152 3559 1298 3619 contraria
1372 3601 1377 3609 -

134 3664 249 3725 lenitati
271 3673 300 3724 et
320 3664 450 3724 iustitiae
472 3671 602 3733 exercet,
625 3662 654 3722 id
677 3671 724 3722 est
745 3661 844 3722 dolum
868 3668 897 3720 et
918 3659 1105 3737 asperitatem
1128 3668 1157 3720 et
1178 3659 1298 3719 iniusti·

134 3819 201 3868 A2b.
221 3833 266 3879 qna
286 3819 320 3868 ed.
372 3815 412 3865 43.
439 3817 561 3863 nominum
585 3811 623 3864 ld.
665 3816 788 3865 bominum
806 3816 898 3878 reliqui.
956 3813 996 3862 tt.
1016 3802 1150 3878 ἄρχοντας
1167 3815 1216 3864 abc.
1258 3814 1298 3863 45.

136 3879 275 3950 ἄρχοντας
292 3887 340 3934 obc.
381 3884 422 3932 Ab.
443 3884 518 3938 Pater,
539 3885 614 3946 inquit
632 3879 670 3932 id.
706 3884 775 3932 dicit:
794 3884 873 3938 Pater,
887 3881 961 3943 inquit
978 3883 1069 3945 reliqui.
1110 3881 1149 3930 tt.
1169 3877 1298 3931 eettheel

137 3958 226 4003 Cetbea
246 3955 337 4016 reliqui.
389 3952 429 4000 ts.
449 3967 491 4014 per
510 3952 603 3999 Esaiam
623 3952 763 4014 prophetam
783 3945 863 4000 orni.
915 3949 955 3999 tt.
974 3950 1062 3998 Romae
1079 3950 1209 4008 (Romanae
1227 3951 1259 4011 d,
1279 3957 1301 4000 et

135 4026 235 4072 sctedoc
254 4023 356 4085 Scioppii
373 4022 459 4077 Petunt
483 4020 549 4067 urbis
574 4021 647 4081 figura
673 4030 709 4068 est
725 4015 763 4068 id.
823 4019 862 4067 50.
887 4017 1028 4081 dispoliatos
1046 4012 1067 4064 i.
1112 4027 1135 4066 et
1159 4017 1299 4080 dispoliatos

137 4090 431 4152 scbedoeSriuppiiPotoo.
468 4088 742 4149 despoliatoslotinins.
778 4085 969 4148 etspoliatusA.
1004 4092 1027 4132 et
1044 4085 1191 4146 despoliatos
1208 4087 1299 4149 reliqui.

137 4160 178 4207 51.
197 4152 337 4206 abutenti.
394 4156 434 4204 5⁴2.
454 4156 589 4204 idololatria
608 4150 629 4202 λ.
672 4156 742 4214 Unde,
761 4156 786 4203 oi
802 4155 880 4216 fallor,
904 4155 1057 4216 reponendum
1074 4147 1300 4204 retenensi-ma

137 4241 190 4275 cum
210 4227 346 4281 Samaritis,
366 4234 389 4272 ut
408 4225 517 4282 diximus,
537 4224 681 4272 idololatria.
728 4221 768 4271 53.
787 4223 899 4270 adversus
917 4221 1039 4269 dominum
1058 4235 1102 4269 ora.
1117 4221 1154 4268 cd.
1198 4220 1238 4270 54.
1256 4221 1300 4271 ad·

138 4289 222 4343 boel.
261 4294 341 4341 Probet
360 4293 395 4340 Fr.
412 4293 497 4340 lunius.
533 4292 563 4339 ob
584 4292 628 4339 boc
646 4290 952 4353 arbedoeScioppiiPotoo.
1004 4287 1044 4336 55.
1063 4288 1175 4336 arborum
1193 4283 1214 4336 λ.
1258 4288 1299 4338 56.

137 4357 262 4410 eterni.
316 4359 355 4407 57.
376 4360 445 4407 Dauid
465 4355 539 4408 omi.
593 4352 732 4408 blisensem
752 4350 958 4420 superremota.
999 4356 1300 4407 eneemtemnrtuomt.

138 4445 221 4478 ensem
241 4444 314 4490 supra
334 4429 412 4476 lemur
429 4429 521 4490 reliqui.
579 4428 619 4476 59.
639 4428 801 4490 Tempestivus
819 4420 857 4473 id.
899 4437 985 4472 orosco
1003 4423 1059 4470 balli
1078 4424 1257 4485 tempestatibus
1273 4427 1311 4492 t„

138 4490 241 4562 ὡραῖος
258 4494 296 4560 τῴ
315 4490 410 4554 κάλλει,
440 4496 603 4558 Tempestivus
627 4498 718 4560 reliqui.
776 4494 816 4542 60.
843 4493 916 4540 effosa
934 4485 973 4541 M.
1015 4491 1100 4540 diffusa
1122 4492 1213 4555 reliqui.
1258 4491 1299 4541 dl.

137 4581 267 4630 prospera,
293 4565 396 4626 procede
422 4572 444 4611 et
469 4579 539 4624 regna
558 4558 580 4613 A.
622 4578 766 4627 prosperare
790 4569 814 4609 et
838 4574 910 4620 regua
935 4575 963 4619 c,
983 4573 1012 4608 eo
1028 4559 1086 4608 libro
1105 4560 1157 4608 Ado.
1173 4560 1241 4609 llorc
1259 4559 1298 4619 m,

137 4633 242 4698 cupid.
278 4647 395 4695 prospera
414 4640 437 4679 et
455 4646 527 4691 regna
546 4633 638 4694 reliqui.
697 4630 736 4680 62.
757 4645 814 4678 ense
832 4631 924 4686 (ensem
943 4627 979 4683 A.)
1001 4621 1193 4690 operabituriA.
1238 4627 1298 4675 anim

139 4718 197 4752 ense
217 4701 356 4764 operabitur
374 4701 397 4749 d.
432 4714 513 4747 ensem
534 4701 669 4760 accingetur
686 4698 827 4761 (aecingitur
845 4696 889 4753 bc.)
907 4694 974 4745 Bobo.

174 4854 194 4887 e.
223 4837 252 4885 ad
279 4830 336 4898 boc]
368 4835 392 4884 Si
418 4837 454 4884 cui
479 4835 558 4897 placet
581 4835 699 4897 scriptura
752 4830 876 4888 relano,
895 4829 957 4893 quod
975 4829 1117 4895 sequitsrsi
1133 4827 1302 4893 interpretabi-

137 4906 270 4956 Fuldensis
289 4904 411 4966 ‚,adbuc“,
438 4919 499 4967 qnae
522 4903 612 4967 placuit
629 4905 700 4952 etiam
751 4908 790 4949 tur
806 4899 926 4964 siquidem

1093 4974 1151 5030 46*
