<?xml version="1.0" encoding="UTF-8"?>
<!DOCTYPE html PUBLIC "-//W3C//DTD XHTML 1.0 Transitional//EN"
    "http://www.w3.org/TR/xhtml1/DTD/xhtml1-transitional.dtd">
<html xmlns="http://www.w3.org/1999/xhtml" xml:lang="en" lang="en">
 <head>
  <title>
</title>
<meta http-equiv="Content-Type" content="text/html;charset=utf-8" />
  <meta name='ocr-system' content='tesseract 3.04.00' />
  <meta name='ocr-capabilities' content='ocr_page ocr_carea ocr_par ocr_line ocrx_word'/>
</head>
<body>
  <div class='ocr_page' id='page_1' title='image "./quaesupersuntom00oehlgoog_0884.png"; bbox 0 0 3242 5775; ppageno 0'>
   <div class='ocr_carea' id='block_1_1' title="bbox 925 612 2223 702">
    <p class='ocr_par' dir='ltr' id='par_1_1' title="bbox 925 612 2223 702">
     <span class='ocr_line' id='line_1_1' title="bbox 925 612 2223 702; baseline 0.008 -11"><span class='ocrx_word' id='word_1_1' title='bbox 925 612 1076 699; x_wconf 58' lang='lat' dir='ltr'><strong>&amp;um</strong></span> <span class='ocrx_word' id='word_1_2' title='bbox 1119 647 1182 693; x_wconf 78' lang='lat' dir='ltr'><strong>m</strong></span> <span class='ocrx_word' id='word_1_3' title='bbox 1224 649 1421 696; x_wconf 73' lang='lat' dir='ltr'><strong>mus</strong></span> <span class='ocrx_word' id='word_1_4' title='bbox 1465 649 1865 700; x_wconf 67' lang='lat' dir='ltr'><strong>mmmmm</strong></span> <span class='ocrx_word' id='word_1_5' title='bbox 1906 653 2223 702; x_wconf 71' lang='lat' dir='ltr'><strong>mmm.</strong></span> 
     </span>
    </p>
   </div>
   <div class='ocr_carea' id='block_1_2' title="bbox 403 799 1532 4730">
    <p class='ocr_par' dir='ltr' id='par_1_2' title="bbox 406 799 1527 947">
     <span class='ocr_line' id='line_1_2' title="bbox 406 799 587 856; baseline -0.006 -1"><span class='ocrx_word' id='word_1_6' title='bbox 406 799 587 856; x_wconf 79' lang='lat' dir='ltr'><strong>xxvl.</strong></span> 
     </span>
     <span class='ocr_line' id='line_1_3' title="bbox 544 884 1527 947; baseline 0.01 -10"><span class='ocrx_word' id='word_1_7' title='bbox 544 886 593 938; x_wconf 88' lang='lat'><strong>1.</strong></span> <span class='ocrx_word' id='word_1_8' title='bbox 642 884 716 939; x_wconf 84' lang='lat' dir='ltr'><strong>De</strong></span> <span class='ocrx_word' id='word_1_9' title='bbox 746 885 932 940; x_wconf 77' lang='lat' dir='ltr'>Anima</span> <span class='ocrx_word' id='word_1_10' title='bbox 971 887 1067 942; x_wconf 99' lang='grc'><strong>17.</strong></span> <span class='ocrx_word' id='word_1_11' title='bbox 1108 886 1184 944; x_wconf 75' lang='grc' dir='ltr'><strong>οο</strong></span> <span class='ocrx_word' id='word_1_12' title='bbox 1211 888 1401 945; x_wconf 81' lang='lat' dir='ltr'><strong>Pudic.</strong></span> <span class='ocrx_word' id='word_1_13' title='bbox 1430 891 1527 947; x_wconf 89' lang='lat'><strong>11.</strong></span> 
     </span>
    </p>

    <p class='ocr_par' dir='ltr' id='par_1_3' title="bbox 505 968 1072 1028">
     <span class='ocr_line' id='line_1_4' title="bbox 505 968 1072 1028; baseline 0.011 -6"><span class='ocrx_word' id='word_1_14' title='bbox 505 969 597 1022; x_wconf 88' lang='grc'><strong>14.</strong></span> <span class='ocrx_word' id='word_1_15' title='bbox 646 968 718 1023; x_wconf 86' lang='lat' dir='ltr'><strong>De</strong></span> <span class='ocrx_word' id='word_1_16' title='bbox 750 968 980 1025; x_wconf 76' lang='lat' dir='ltr'><strong>Patient.</strong></span> <span class='ocrx_word' id='word_1_17' title='bbox 1015 970 1072 1028; x_wconf 86' lang='lat'><strong>3.</strong></span> 
     </span>
    </p>

    <p class='ocr_par' dir='ltr' id='par_1_4' title="bbox 503 1051 1097 1111">
     <span class='ocr_line' id='line_1_5' title="bbox 503 1051 1097 1111; baseline 0.007 -4"><span class='ocrx_word' id='word_1_18' title='bbox 503 1052 599 1107; x_wconf 91' lang='grc'><strong>15.</strong></span> <span class='ocrx_word' id='word_1_19' title='bbox 643 1051 719 1107; x_wconf 84' lang='lat' dir='ltr'><strong>De</strong></span> <span class='ocrx_word' id='word_1_20' title='bbox 751 1053 962 1107; x_wconf 82' lang='lat' dir='ltr'><strong>Corona</strong></span> <span class='ocrx_word' id='word_1_21' title='bbox 1001 1054 1097 1111; x_wconf 99' lang='lat'><strong>12.</strong></span> 
     </span>
    </p>

    <p class='ocr_par' dir='ltr' id='par_1_5' title="bbox 503 1136 1214 1196">
     <span class='ocr_line' id='line_1_6' title="bbox 503 1136 1214 1196; baseline 0.008 -7"><span class='ocrx_word' id='word_1_22' title='bbox 503 1136 599 1190; x_wconf 88' lang='grc'><strong>17.</strong></span> <span class='ocrx_word' id='word_1_23' title='bbox 644 1136 842 1191; x_wconf 71' lang='lat' dir='ltr'><strong>Contra</strong></span> <span class='ocrx_word' id='word_1_24' title='bbox 874 1137 989 1192; x_wconf 87' lang='lat' dir='ltr'><strong>lud.</strong></span> <span class='ocrx_word' id='word_1_25' title='bbox 1022 1138 1079 1196; x_wconf 87' lang='grc'><strong>8.</strong></span> <span class='ocrx_word' id='word_1_26' title='bbox 1120 1139 1214 1195; x_wconf 87' lang='grc'><strong>10.</strong></span> 
     </span>
    </p>

    <p class='ocr_par' dir='ltr' id='par_1_6' title="bbox 496 1218 990 1277">
     <span class='ocr_line' id='line_1_7' title="bbox 496 1218 990 1277; baseline 0.004 -2"><span class='ocrx_word' id='word_1_27' title='bbox 496 1219 598 1275; x_wconf 94' lang='grc'><strong>26.</strong></span> <span class='ocrx_word' id='word_1_28' title='bbox 644 1218 718 1275; x_wconf 82' lang='lat' dir='ltr'><strong>De</strong></span> <span class='ocrx_word' id='word_1_29' title='bbox 751 1220 898 1276; x_wconf 75' lang='lat' dir='ltr'><strong>Orat.</strong></span> <span class='ocrx_word' id='word_1_30' title='bbox 931 1222 990 1277; x_wconf 88' lang='grc'><strong>6.</strong></span> 
     </span>
    </p>

    <p class='ocr_par' dir='ltr' id='par_1_7' title="bbox 499 1303 1070 1363">
     <span class='ocr_line' id='line_1_8' title="bbox 499 1303 1070 1363; baseline 0.004 -4"><span class='ocrx_word' id='word_1_31' title='bbox 499 1303 596 1361; x_wconf 91' lang='grc'><strong>28.</strong></span> <span class='ocrx_word' id='word_1_32' title='bbox 646 1303 718 1358; x_wconf 82' lang='lat' dir='ltr'><strong>De</strong></span> <span class='ocrx_word' id='word_1_33' title='bbox 749 1305 935 1360; x_wconf 78' lang='lat' dir='ltr'><strong>Anima</strong></span> <span class='ocrx_word' id='word_1_34' title='bbox 976 1308 1070 1363; x_wconf 93' lang='grc'><strong>17.</strong></span> 
     </span>
    </p>

    <p class='ocr_par' dir='ltr' id='par_1_8' title="bbox 500 1387 1532 1531">
     <span class='ocr_line' id='line_1_9' title="bbox 500 1387 1532 1458; baseline 0.005 -14"><span class='ocrx_word' id='word_1_35' title='bbox 500 1387 598 1444; x_wconf 90' lang='grc'><strong>38.</strong></span> <span class='ocrx_word' id='word_1_36' title='bbox 646 1388 719 1443; x_wconf 85' lang='lat' dir='ltr'><strong>De</strong></span> <span class='ocrx_word' id='word_1_37' title='bbox 751 1389 896 1458; x_wconf 73' lang='lat' dir='ltr'><strong>Fuga</strong></span> <span class='ocrx_word' id='word_1_38' title='bbox 941 1391 993 1444; x_wconf 86' lang='lat' dir='ltr'><strong>in</strong></span> <span class='ocrx_word' id='word_1_39' title='bbox 1039 1390 1255 1447; x_wconf 72' lang='lat' dir='ltr'><strong>Perseo.</strong></span> <span class='ocrx_word' id='word_1_40' title='bbox 1289 1391 1348 1449; x_wconf 87' lang='grc'><strong>8.</strong></span> <span class='ocrx_word' id='word_1_41' title='bbox 1456 1389 1532 1449; x_wconf 83' lang='lat' dir='ltr'><strong>De</strong></span> 
     </span>
     <span class='ocr_line' id='line_1_10' title="bbox 585 1470 1048 1531; baseline 0.009 -7"><span class='ocrx_word' id='word_1_42' title='bbox 585 1470 754 1527; x_wconf 76' lang='lat' dir='ltr'><strong>Carne</strong></span> <span class='ocrx_word' id='word_1_43' title='bbox 787 1473 914 1527; x_wconf 87' lang='lat' dir='ltr'><strong>Chr.</strong></span> <span class='ocrx_word' id='word_1_44' title='bbox 954 1474 1048 1531; x_wconf 85' lang='lat'><strong>13.</strong></span> 
     </span>
    </p>

    <p class='ocr_par' dir='ltr' id='par_1_9' title="bbox 499 1554 1326 1626">
     <span class='ocr_line' id='line_1_11' title="bbox 499 1554 1326 1626; baseline 0.001 -14"><span class='ocrx_word' id='word_1_45' title='bbox 499 1555 598 1612; x_wconf 90' lang='grc'><strong>39.</strong></span> <span class='ocrx_word' id='word_1_46' title='bbox 647 1554 722 1609; x_wconf 84' lang='lat' dir='ltr'><strong>De</strong></span> <span class='ocrx_word' id='word_1_47' title='bbox 754 1556 899 1626; x_wconf 82' lang='lat' dir='ltr'><strong>Fuga</strong></span> <span class='ocrx_word' id='word_1_48' title='bbox 932 1557 983 1612; x_wconf 83' lang='lat' dir='ltr'><strong>in</strong></span> <span class='ocrx_word' id='word_1_49' title='bbox 1016 1557 1235 1615; x_wconf 80' lang='lat' dir='ltr'><strong>Perseo.</strong></span> <span class='ocrx_word' id='word_1_50' title='bbox 1269 1558 1326 1616; x_wconf 90' lang='grc'><strong>8.</strong></span> 
     </span>
    </p>

    <p class='ocr_par' dir='ltr' id='par_1_10' title="bbox 499 1638 1531 2033">
     <span class='ocr_line' id='line_1_12' title="bbox 499 1638 1530 1715; baseline 0.006 -20"><span class='ocrx_word' id='word_1_51' title='bbox 499 1641 599 1695; x_wconf 87' lang='grc'><strong>41.</strong></span> <span class='ocrx_word' id='word_1_52' title='bbox 647 1638 721 1694; x_wconf 85' lang='lat' dir='ltr'><strong>De</strong></span> <span class='ocrx_word' id='word_1_53' title='bbox 753 1640 900 1695; x_wconf 77' lang='lat' dir='ltr'><strong>Orat.</strong></span> <span class='ocrx_word' id='word_1_54' title='bbox 925 1642 980 1698; x_wconf 91' lang='lat'><strong>8.</strong></span> <span class='ocrx_word' id='word_1_55' title='bbox 1025 1642 1099 1697; x_wconf 85' lang='lat' dir='ltr'><strong>De</strong></span> <span class='ocrx_word' id='word_1_56' title='bbox 1125 1643 1276 1715; x_wconf 75' lang='lat' dir='ltr'><strong>Bapt.</strong></span> <span class='ocrx_word' id='word_1_57' title='bbox 1305 1643 1406 1701; x_wconf 91' lang='grc'><strong>20.</strong></span> <span class='ocrx_word' id='word_1_58' title='bbox 1449 1643 1530 1700; x_wconf 77' lang='lat' dir='ltr'><strong>Ad</strong></span> 
     </span>
     <span class='ocr_line' id='line_1_13' title="bbox 581 1723 1529 1799; baseline 0.007 -22"><span class='ocrx_word' id='word_1_59' title='bbox 581 1723 743 1779; x_wconf 84' lang='lat' dir='ltr'><strong>Uxor.</strong></span> <span class='ocrx_word' id='word_1_60' title='bbox 777 1724 815 1791; x_wconf 92' lang='lat' dir='ltr'><strong>l,</strong></span> <span class='ocrx_word' id='word_1_61' title='bbox 841 1726 899 1781; x_wconf 89' lang='lat'><strong>4.</strong></span> <span class='ocrx_word' id='word_1_62' title='bbox 948 1725 1021 1781; x_wconf 77' lang='lat' dir='ltr'><strong>De</strong></span> <span class='ocrx_word' id='word_1_63' title='bbox 1054 1725 1272 1799; x_wconf 71' lang='lat' dir='ltr'><strong>Monog.</strong></span> <span class='ocrx_word' id='word_1_64' title='bbox 1309 1728 1407 1784; x_wconf 89' lang='lat'><strong>14.</strong></span> <span class='ocrx_word' id='word_1_65' title='bbox 1454 1726 1529 1784; x_wconf 82' lang='lat' dir='ltr'><strong>De</strong></span> 
     </span>
     <span class='ocr_line' id='line_1_14' title="bbox 578 1806 1530 1878; baseline 0.008 -18"><span class='ocrx_word' id='word_1_66' title='bbox 578 1806 723 1878; x_wconf 79' lang='lat' dir='ltr'><strong>Fuga</strong></span> <span class='ocrx_word' id='word_1_67' title='bbox 770 1809 822 1863; x_wconf 86' lang='lat' dir='ltr'><strong>in</strong></span> <span class='ocrx_word' id='word_1_68' title='bbox 866 1809 1085 1866; x_wconf 74' lang='lat' dir='ltr'><strong>Perseo.</strong></span> <span class='ocrx_word' id='word_1_69' title='bbox 1120 1811 1176 1868; x_wconf 97' lang='lat'><strong>8.</strong></span> <span class='ocrx_word' id='word_1_70' title='bbox 1251 1809 1326 1867; x_wconf 82' lang='lat' dir='ltr'><strong>De</strong></span> <span class='ocrx_word' id='word_1_71' title='bbox 1358 1812 1530 1868; x_wconf 72' lang='lat' dir='ltr'><strong>Carne</strong></span> 
     </span>
     <span class='ocr_line' id='line_1_15' title="bbox 580 1890 1531 1953; baseline 0.008 -8"><span class='ocrx_word' id='word_1_72' title='bbox 580 1890 705 1947; x_wconf 81' lang='lat' dir='ltr'><strong>Chr.</strong></span> <span class='ocrx_word' id='word_1_73' title='bbox 749 1893 807 1949; x_wconf 87' lang='grc'><strong>9.</strong></span> <span class='ocrx_word' id='word_1_74' title='bbox 878 1892 959 1948; x_wconf 80' lang='lat' dir='ltr'><strong>Ad</strong></span> <span class='ocrx_word' id='word_1_75' title='bbox 1002 1893 1156 1950; x_wconf 72' lang='lat' dir='ltr'><strong>Mart.</strong></span> <span class='ocrx_word' id='word_1_76' title='bbox 1197 1896 1256 1951; x_wconf 94' lang='lat'><strong>4.</strong></span> <span class='ocrx_word' id='word_1_77' title='bbox 1328 1895 1404 1953; x_wconf 78' lang='lat' dir='ltr'><strong>De</strong></span> <span class='ocrx_word' id='word_1_78' title='bbox 1433 1896 1531 1952; x_wconf 79' lang='lat' dir='ltr'><strong>Pa·</strong></span> 
     </span>
     <span class='ocr_line' id='line_1_16' title="bbox 582 1976 869 2033; baseline 0.003 -4"><span class='ocrx_word' id='word_1_79' title='bbox 582 1976 734 2031; x_wconf 65' lang='lat' dir='ltr'><strong>nient.</strong></span> <span class='ocrx_word' id='word_1_80' title='bbox 775 1978 869 2033; x_wconf 91' lang='grc'><strong>13.</strong></span> 
     </span>
    </p>

    <p class='ocr_par' dir='ltr' id='par_1_11' title="bbox 499 2058 1530 2285">
     <span class='ocr_line' id='line_1_17' title="bbox 499 2058 1530 2130; baseline 0.007 -17"><span class='ocrx_word' id='word_1_81' title='bbox 499 2059 594 2114; x_wconf 95' lang='grc'><strong>52.</strong></span> <span class='ocrx_word' id='word_1_82' title='bbox 642 2058 716 2114; x_wconf 83' lang='lat' dir='ltr'><strong>De</strong></span> <span class='ocrx_word' id='word_1_83' title='bbox 759 2059 906 2130; x_wconf 79' lang='lat' dir='ltr'>Fuga</span> <span class='ocrx_word' id='word_1_84' title='bbox 957 2061 1009 2116; x_wconf 86' lang='lat' dir='ltr'><strong>in</strong></span> <span class='ocrx_word' id='word_1_85' title='bbox 1054 2061 1273 2118; x_wconf 80' lang='lat' dir='ltr'><strong>Perseo.</strong></span> <span class='ocrx_word' id='word_1_86' title='bbox 1323 2063 1380 2120; x_wconf 88' lang='lat'><strong>8.</strong></span> <span class='ocrx_word' id='word_1_87' title='bbox 1453 2061 1530 2120; x_wconf 80' lang='lat' dir='ltr'><strong>De</strong></span> 
     </span>
     <span class='ocr_line' id='line_1_18' title="bbox 580 2142 1527 2205; baseline 0.007 -8"><span class='ocrx_word' id='word_1_88' title='bbox 580 2143 771 2199; x_wconf 80' lang='lat' dir='ltr'><strong>Idolol.</strong></span> <span class='ocrx_word' id='word_1_89' title='bbox 811 2144 904 2200; x_wconf 91' lang='grc'><strong>19.</strong></span> <span class='ocrx_word' id='word_1_90' title='bbox 984 2142 1060 2200; x_wconf 76' lang='grc' dir='ltr'>οο</span> <span class='ocrx_word' id='word_1_91' title='bbox 1093 2145 1304 2202; x_wconf 80' lang='lat' dir='ltr'><strong>Corona</strong></span> <span class='ocrx_word' id='word_1_92' title='bbox 1341 2149 1395 2203; x_wconf 89' lang='lat'><strong>1.</strong></span> <span class='ocrx_word' id='word_1_93' title='bbox 1434 2149 1527 2205; x_wconf 91' lang='lat'><strong>11.</strong></span> 
     </span>
     <span class='ocr_line' id='line_1_19' title="bbox 579 2224 1006 2285; baseline 0.005 -5"><span class='ocrx_word' id='word_1_94' title='bbox 579 2224 653 2281; x_wconf 83' lang='lat' dir='ltr'><strong>De</strong></span> <span class='ocrx_word' id='word_1_95' title='bbox 687 2228 915 2283; x_wconf 70' lang='lat' dir='ltr'><strong>patient.</strong></span> <span class='ocrx_word' id='word_1_96' title='bbox 950 2228 1006 2285; x_wconf 85' lang='lat'><strong>3.</strong></span> 
     </span>
    </p>

    <p class='ocr_par' dir='ltr' id='par_1_12' title="bbox 498 2308 1530 2465">
     <span class='ocr_line' id='line_1_20' title="bbox 498 2308 1530 2374; baseline 0.006 -8"><span class='ocrx_word' id='word_1_97' title='bbox 498 2312 596 2366; x_wconf 72' lang='lat'><strong>53.</strong></span> <span class='ocrx_word' id='word_1_98' title='bbox 647 2308 716 2366; x_wconf 59' lang='lat' dir='ltr'><strong>[lv</strong></span> <span class='ocrx_word' id='word_1_99' title='bbox 750 2313 976 2366; x_wconf 63' lang='lat' dir='ltr'><strong>vanem.</strong></span> <span class='ocrx_word' id='word_1_100' title='bbox 1013 2313 1070 2367; x_wconf 75' lang='lat'><strong>3.</strong></span> <span class='ocrx_word' id='word_1_101' title='bbox 1111 2311 1530 2374; x_wconf 72' lang='lat' dir='ltr'><strong>AdV.Prax.26.</strong></span> 
     </span>
     <span class='ocr_line' id='line_1_21' title="bbox 579 2393 1261 2465; baseline 0.006 -17"><span class='ocrx_word' id='word_1_102' title='bbox 579 2393 654 2450; x_wconf 82' lang='lat' dir='ltr'><strong>De</strong></span> <span class='ocrx_word' id='word_1_103' title='bbox 685 2394 831 2465; x_wconf 75' lang='lat' dir='ltr'><strong>Fuga</strong></span> <span class='ocrx_word' id='word_1_104' title='bbox 864 2396 919 2451; x_wconf 84' lang='lat' dir='ltr'><strong>in</strong></span> <span class='ocrx_word' id='word_1_105' title='bbox 949 2395 1167 2452; x_wconf 79' lang='lat' dir='ltr'><strong>Perseo.</strong></span> <span class='ocrx_word' id='word_1_106' title='bbox 1203 2396 1261 2453; x_wconf 93' lang='lat'><strong>8.</strong></span> 
     </span>
    </p>

    <p class='ocr_par' dir='ltr' id='par_1_13' title="bbox 496 2478 1120 2537">
     <span class='ocr_line' id='line_1_22' title="bbox 496 2478 1120 2537; baseline 0.006 -4"><span class='ocrx_word' id='word_1_107' title='bbox 496 2478 596 2533; x_wconf 82' lang='grc'><strong>54.</strong></span> <span class='ocrx_word' id='word_1_108' title='bbox 640 2480 838 2534; x_wconf 78' lang='lat' dir='ltr'><strong>Contra</strong></span> <span class='ocrx_word' id='word_1_109' title='bbox 871 2480 982 2535; x_wconf 77' lang='lat' dir='ltr'><strong>Iud.</strong></span> <span class='ocrx_word' id='word_1_110' title='bbox 1024 2479 1120 2537; x_wconf 90' lang='grc'><strong>10.</strong></span> 
     </span>
    </p>

    <p class='ocr_par' dir='ltr' id='par_1_14' title="bbox 498 2562 1122 2620">
     <span class='ocr_line' id='line_1_23' title="bbox 498 2562 1122 2620; baseline 0.005 -3"><span class='ocrx_word' id='word_1_111' title='bbox 498 2562 595 2617; x_wconf 87' lang='grc'><strong>56.</strong></span> <span class='ocrx_word' id='word_1_112' title='bbox 642 2563 841 2618; x_wconf 72' lang='lat' dir='ltr'><strong>Contra</strong></span> <span class='ocrx_word' id='word_1_113' title='bbox 870 2563 987 2619; x_wconf 84' lang='lat' dir='ltr'><strong>lud.</strong></span> <span class='ocrx_word' id='word_1_114' title='bbox 1025 2564 1122 2620; x_wconf 91' lang='grc'><strong>10.</strong></span> 
     </span>
    </p>

    <p class='ocr_par' dir='ltr' id='par_1_15' title="bbox 407 2644 1096 2870">
     <span class='ocr_line' id='line_1_24' title="bbox 407 2644 611 2702; baseline -0.005 0"><span class='ocrx_word' id='word_1_115' title='bbox 407 2644 611 2702; x_wconf 81' lang='lat' dir='ltr'><strong>xxvu.</strong></span> 
     </span>
     <span class='ocr_line' id='line_1_25' title="bbox 539 2729 1096 2787; baseline 0 -1"><span class='ocrx_word' id='word_1_116' title='bbox 539 2730 595 2786; x_wconf 92' lang='lat'><strong>2.</strong></span> <span class='ocrx_word' id='word_1_117' title='bbox 640 2729 772 2785; x_wconf 77' lang='lat' dir='ltr'><strong>Adv.</strong></span> <span class='ocrx_word' id='word_1_118' title='bbox 802 2729 962 2785; x_wconf 82' lang='lat' dir='ltr'><strong>Prax.</strong></span> <span class='ocrx_word' id='word_1_119' title='bbox 1001 2729 1096 2787; x_wconf 90' lang='lat'><strong>16.</strong></span> 
     </span>
     <span class='ocr_line' id='line_1_26' title="bbox 535 2813 1093 2870; baseline 0 0"><span class='ocrx_word' id='word_1_120' title='bbox 535 2815 592 2870; x_wconf 83' lang='lat'><strong>3.</strong></span> <span class='ocrx_word' id='word_1_121' title='bbox 639 2814 716 2870; x_wconf 80' lang='lat' dir='ltr'><strong>De</strong></span> <span class='ocrx_word' id='word_1_122' title='bbox 748 2814 959 2870; x_wconf 82' lang='lat' dir='ltr'><strong>Corona</strong></span> <span class='ocrx_word' id='word_1_123' title='bbox 999 2813 1093 2870; x_wconf 88' lang='grc'><strong>12.</strong></span> 
     </span>
    </p>

    <p class='ocr_par' dir='ltr' id='par_1_16' title="bbox 500 2898 1208 2967">
     <span class='ocr_line' id='line_1_27' title="bbox 500 2898 1208 2967; baseline 0 -13"><span class='ocrx_word' id='word_1_124' title='bbox 500 2901 596 2955; x_wconf 93' lang='grc'><strong>10.</strong></span> <span class='ocrx_word' id='word_1_125' title='bbox 641 2899 772 2953; x_wconf 78' lang='lat' dir='ltr'><strong>Adv.</strong></span> <span class='ocrx_word' id='word_1_126' title='bbox 804 2898 967 2954; x_wconf 73' lang='lat' dir='ltr'><strong>Mare.</strong></span> <span class='ocrx_word' id='word_1_127' title='bbox 999 2899 1082 2967; x_wconf 81' lang='lat' dir='ltr'><strong>w,</strong></span> <span class='ocrx_word' id='word_1_128' title='bbox 1106 2900 1208 2956; x_wconf 89' lang='grc'><strong>40.</strong></span> 
     </span>
    </p>

    <p class='ocr_par' dir='ltr' id='par_1_17' title="bbox 495 2981 1526 3059">
     <span class='ocr_line' id='line_1_28' title="bbox 495 2981 1526 3059; baseline 0.001 -20"><span class='ocrx_word' id='word_1_129' title='bbox 495 2983 599 3039; x_wconf 87' lang='grc'><strong>22.</strong></span> <span class='ocrx_word' id='word_1_130' title='bbox 644 2981 720 3038; x_wconf 83' lang='lat' dir='ltr'><strong>De</strong></span> <span class='ocrx_word' id='word_1_131' title='bbox 752 2983 965 3038; x_wconf 79' lang='lat' dir='ltr'><strong>Corona</strong></span> <span class='ocrx_word' id='word_1_132' title='bbox 1001 2985 1096 3040; x_wconf 89' lang='grc'><strong>14.</strong></span> <span class='ocrx_word' id='word_1_133' title='bbox 1161 2983 1395 3059; x_wconf 77' lang='lat' dir='ltr'><strong>Apolog.</strong></span> <span class='ocrx_word' id='word_1_134' title='bbox 1427 2984 1526 3042; x_wconf 87' lang='lat'><strong>21.</strong></span> 
     </span>
    </p>

    <p class='ocr_par' dir='ltr' id='par_1_18' title="bbox 493 3067 992 3138">
     <span class='ocr_line' id='line_1_29' title="bbox 493 3067 992 3138; baseline -0.002 -16"><span class='ocrx_word' id='word_1_135' title='bbox 493 3067 596 3122; x_wconf 85' lang='grc'><strong>24.</strong></span> <span class='ocrx_word' id='word_1_136' title='bbox 646 3067 718 3122; x_wconf 81' lang='lat' dir='ltr'><strong>De</strong></span> <span class='ocrx_word' id='word_1_137' title='bbox 751 3067 900 3138; x_wconf 79' lang='lat' dir='ltr'><strong>Bapt.</strong></span> <span class='ocrx_word' id='word_1_138' title='bbox 936 3067 992 3123; x_wconf 92' lang='lat'><strong>9.</strong></span> 
     </span>
    </p>

    <p class='ocr_par' dir='ltr' id='par_1_19' title="bbox 492 3150 1531 3292">
     <span class='ocr_line' id='line_1_30' title="bbox 492 3150 1528 3218; baseline 0.001 -12"><span class='ocrx_word' id='word_1_139' title='bbox 492 3151 595 3206; x_wconf 88' lang='grc'><strong>25.</strong></span> <span class='ocrx_word' id='word_1_140' title='bbox 642 3150 949 3205; x_wconf 72' lang='grc' dir='ltr'><strong>Αᾱν.Μει·ο.</strong></span> <span class='ocrx_word' id='word_1_141' title='bbox 977 3151 1156 3218; x_wconf 86' lang='lat'><strong>11,15.</strong></span> <span class='ocrx_word' id='word_1_142' title='bbox 1187 3150 1386 3208; x_wconf 76' lang='lat' dir='ltr'><strong>Contra</strong></span> <span class='ocrx_word' id='word_1_143' title='bbox 1411 3152 1528 3209; x_wconf 86' lang='lat' dir='ltr'><strong>lud.</strong></span> 
     </span>
     <span class='ocr_line' id='line_1_31' title="bbox 582 3233 1531 3292; baseline 0.001 -1"><span class='ocrx_word' id='word_1_144' title='bbox 582 3234 636 3291; x_wconf 88' lang='lat'><strong>8.</strong></span> <span class='ocrx_word' id='word_1_145' title='bbox 684 3234 811 3289; x_wconf 77' lang='grc' dir='ltr'><strong>Λᾶν.</strong></span> <span class='ocrx_word' id='word_1_146' title='bbox 838 3234 992 3290; x_wconf 81' lang='lat' dir='ltr'><strong>Prax.</strong></span> <span class='ocrx_word' id='word_1_147' title='bbox 1031 3234 1125 3291; x_wconf 89' lang='lat'><strong>18.</strong></span> <span class='ocrx_word' id='word_1_148' title='bbox 1198 3233 1275 3292; x_wconf 79' lang='lat' dir='ltr'><strong>De</strong></span> <span class='ocrx_word' id='word_1_149' title='bbox 1317 3235 1531 3292; x_wconf 78' lang='lat' dir='ltr'><strong>Corona</strong></span> 
     </span>
    </p>

    <p class='ocr_par' dir='ltr' id='par_1_20' title="bbox 493 3400 1071 3458">
     <span class='ocr_line' id='line_1_32' title="bbox 493 3400 1071 3458; baseline -0.002 0"><span class='ocrx_word' id='word_1_150' title='bbox 493 3402 595 3458; x_wconf 92' lang='grc'><strong>29.</strong></span> <span class='ocrx_word' id='word_1_151' title='bbox 642 3400 717 3457; x_wconf 82' lang='lat' dir='ltr'><strong>De</strong></span> <span class='ocrx_word' id='word_1_152' title='bbox 749 3401 978 3456; x_wconf 78' lang='lat' dir='ltr'><strong>Patient.</strong></span> <span class='ocrx_word' id='word_1_153' title='bbox 1013 3402 1071 3457; x_wconf 85' lang='lat'><strong>3.</strong></span> 
     </span>
    </p>

    <p class='ocr_par' dir='ltr' id='par_1_21' title="bbox 495 3485 1068 3543">
     <span class='ocr_line' id='line_1_33' title="bbox 495 3485 1068 3543; baseline -0.009 0"><span class='ocrx_word' id='word_1_154' title='bbox 495 3487 595 3543; x_wconf 82' lang='lat'><strong>35.</strong></span> <span class='ocrx_word' id='word_1_155' title='bbox 640 3485 715 3541; x_wconf 78' lang='lat' dir='ltr'><strong>De</strong></span> <span class='ocrx_word' id='word_1_156' title='bbox 745 3485 976 3541; x_wconf 71' lang='lat' dir='ltr'><strong>Patient.</strong></span> <span class='ocrx_word' id='word_1_157' title='bbox 1011 3485 1068 3542; x_wconf 95' lang='grc'><strong>3.</strong></span> 
     </span>
    </p>

    <p class='ocr_par' dir='ltr' id='par_1_22' title="bbox 492 3566 1529 3642">
     <span class='ocr_line' id='line_1_34' title="bbox 492 3566 1529 3642; baseline -0.001 -16"><span class='ocrx_word' id='word_1_158' title='bbox 492 3570 593 3626; x_wconf 90' lang='grc'><strong>45.</strong></span> <span class='ocrx_word' id='word_1_159' title='bbox 641 3569 839 3624; x_wconf 76' lang='lat' dir='ltr'><strong>Contra</strong></span> <span class='ocrx_word' id='word_1_160' title='bbox 866 3567 981 3623; x_wconf 82' lang='lat' dir='ltr'><strong>lud.</strong></span> <span class='ocrx_word' id='word_1_161' title='bbox 1020 3568 1116 3626; x_wconf 89' lang='grc'><strong>13.</strong></span> <span class='ocrx_word' id='word_1_162' title='bbox 1162 3566 1392 3642; x_wconf 66' lang='lat' dir='ltr'><strong>Apulos.</strong></span> <span class='ocrx_word' id='word_1_163' title='bbox 1427 3568 1529 3625; x_wconf 87' lang='lat'><strong>21.</strong></span> 
     </span>
    </p>

    <p class='ocr_par' dir='ltr' id='par_1_23' title="bbox 494 3652 1365 3711">
     <span class='ocr_line' id='line_1_35' title="bbox 494 3652 1365 3711; baseline -0.001 -1"><span class='ocrx_word' id='word_1_164' title='bbox 494 3655 595 3710; x_wconf 88' lang='grc'><strong>46.</strong></span> <span class='ocrx_word' id='word_1_165' title='bbox 641 3653 773 3708; x_wconf 82' lang='lat' dir='ltr'><strong>Adv.</strong></span> <span class='ocrx_word' id='word_1_166' title='bbox 803 3653 961 3707; x_wconf 77' lang='lat' dir='ltr'><strong>Prax.</strong></span> <span class='ocrx_word' id='word_1_167' title='bbox 995 3653 1097 3709; x_wconf 88' lang='grc'><strong>25.</strong></span> <span class='ocrx_word' id='word_1_168' title='bbox 1127 3652 1230 3709; x_wconf 91' lang='grc'><strong>26.</strong></span> <span class='ocrx_word' id='word_1_169' title='bbox 1264 3653 1365 3711; x_wconf 92' lang='grc'><strong>30.</strong></span> 
     </span>
    </p>

    <p class='ocr_par' dir='ltr' id='par_1_24' title="bbox 496 3736 1007 3809">
     <span class='ocr_line' id='line_1_36' title="bbox 496 3736 1007 3809; baseline -0.006 -16"><span class='ocrx_word' id='word_1_170' title='bbox 496 3738 597 3793; x_wconf 89' lang='grc'><strong>50.</strong></span> <span class='ocrx_word' id='word_1_171' title='bbox 644 3736 874 3809; x_wconf 74' lang='lat' dir='ltr'><strong>Apolog.</strong></span> <span class='ocrx_word' id='word_1_172' title='bbox 908 3736 1007 3792; x_wconf 86' lang='lat'><strong>21.</strong></span> 
     </span>
    </p>

    <p class='ocr_par' dir='ltr' id='par_1_25' title="bbox 495 3819 1123 3878">
     <span class='ocr_line' id='line_1_37' title="bbox 495 3819 1123 3878; baseline -0.003 -1"><span class='ocrx_word' id='word_1_173' title='bbox 495 3822 595 3877; x_wconf 87' lang='grc'><strong>51.</strong></span> <span class='ocrx_word' id='word_1_174' title='bbox 643 3819 842 3875; x_wconf 81' lang='lat' dir='ltr'>Contra</span> <span class='ocrx_word' id='word_1_175' title='bbox 872 3821 987 3876; x_wconf 89' lang='lat' dir='ltr'><strong>lud.</strong></span> <span class='ocrx_word' id='word_1_176' title='bbox 1028 3820 1123 3878; x_wconf 88' lang='grc'><strong>13.</strong></span> 
     </span>
    </p>

    <p class='ocr_par' dir='ltr' id='par_1_26' title="bbox 498 3902 1531 4044">
     <span class='ocr_line' id='line_1_38' title="bbox 498 3902 1531 3962; baseline 0 -1"><span class='ocrx_word' id='word_1_177' title='bbox 498 3906 576 3962; x_wconf 90' lang='grc'><strong>59</strong></span> <span class='ocrx_word' id='word_1_178' title='bbox 603 3914 659 3960; x_wconf 83' lang='lat' dir='ltr'><strong>et</strong></span> <span class='ocrx_word' id='word_1_179' title='bbox 681 3905 782 3961; x_wconf 89' lang='grc'><strong>60.</strong></span> <span class='ocrx_word' id='word_1_180' title='bbox 839 3903 971 3960; x_wconf 80' lang='lat' dir='ltr'><strong>Adv.</strong></span> <span class='ocrx_word' id='word_1_181' title='bbox 1002 3905 1157 3960; x_wconf 78' lang='lat' dir='ltr'><strong>Pru.</strong></span> <span class='ocrx_word' id='word_1_182' title='bbox 1195 3904 1288 3960; x_wconf 88' lang='lat'><strong>16.</strong></span> <span class='ocrx_word' id='word_1_183' title='bbox 1346 3902 1422 3961; x_wconf 79' lang='lat' dir='ltr'><strong>De</strong></span> <span class='ocrx_word' id='word_1_184' title='bbox 1450 3904 1531 3961; x_wconf 75' lang='lat'><strong>10-</strong></span> 
     </span>
     <span class='ocr_line' id='line_1_39' title="bbox 581 3988 826 4044; baseline -0.004 -1"><span class='ocrx_word' id='word_1_185' title='bbox 581 3989 692 4044; x_wconf 85' lang='lat' dir='ltr'><strong>iun.</strong></span> <span class='ocrx_word' id='word_1_186' title='bbox 732 3988 826 4043; x_wconf 89' lang='lat'><strong>10.</strong></span> 
     </span>
    </p>

    <p class='ocr_par' dir='ltr' id='par_1_27' title="bbox 497 4071 1008 4145">
     <span class='ocr_line' id='line_1_40' title="bbox 497 4071 1008 4145; baseline 0 -17"><span class='ocrx_word' id='word_1_187' title='bbox 497 4073 597 4128; x_wconf 92' lang='grc'><strong>64.</strong></span> <span class='ocrx_word' id='word_1_188' title='bbox 643 4071 872 4145; x_wconf 78' lang='lat' dir='ltr'><strong>Apolog.</strong></span> <span class='ocrx_word' id='word_1_189' title='bbox 906 4071 1008 4128; x_wconf 84' lang='lat'><strong>21.</strong></span> 
     </span>
    </p>

    <p class='ocr_par' dir='ltr' id='par_1_28' title="bbox 403 4156 1009 4396">
     <span class='ocr_line' id='line_1_41' title="bbox 403 4156 637 4213; baseline -0.013 0"><span class='ocrx_word' id='word_1_190' title='bbox 403 4156 637 4213; x_wconf 80' lang='lat' dir='ltr'><strong>XXVIH.</strong></span> 
     </span>
     <span class='ocr_line' id='line_1_42' title="bbox 538 4238 1009 4310; baseline -0.002 -15"><span class='ocrx_word' id='word_1_191' title='bbox 538 4240 597 4295; x_wconf 91' lang='lat'><strong>2.</strong></span> <span class='ocrx_word' id='word_1_192' title='bbox 642 4238 873 4310; x_wconf 78' lang='lat' dir='ltr'><strong>Apolog.</strong></span> <span class='ocrx_word' id='word_1_193' title='bbox 907 4239 1009 4295; x_wconf 92' lang='lat'><strong>21.</strong></span> 
     </span>
     <span class='ocr_line' id='line_1_43' title="bbox 536 4322 1008 4396; baseline -0.011 -15"><span class='ocrx_word' id='word_1_194' title='bbox 536 4325 595 4381; x_wconf 90' lang='lat'><strong>4.</strong></span> <span class='ocrx_word' id='word_1_195' title='bbox 639 4322 872 4396; x_wconf 79' lang='lat' dir='ltr'><strong>Apolog.</strong></span> <span class='ocrx_word' id='word_1_196' title='bbox 907 4322 1008 4379; x_wconf 89' lang='lat'><strong>21.</strong></span> 
     </span>
    </p>

    <p class='ocr_par' dir='ltr' id='par_1_29' title="bbox 497 4406 1009 4478">
     <span class='ocr_line' id='line_1_44' title="bbox 497 4406 1009 4478; baseline -0.004 -15"><span class='ocrx_word' id='word_1_197' title='bbox 497 4407 594 4463; x_wconf 90' lang='lat'><strong>12.</strong></span> <span class='ocrx_word' id='word_1_198' title='bbox 641 4406 874 4478; x_wconf 79' lang='lat' dir='ltr'><strong>Apolog.</strong></span> <span class='ocrx_word' id='word_1_199' title='bbox 909 4407 1009 4463; x_wconf 91' lang='lat'><strong>21.</strong></span> 
     </span>
    </p>

    <p class='ocr_par' dir='ltr' id='par_1_30' title="bbox 498 4490 1091 4548">
     <span class='ocr_line' id='line_1_45' title="bbox 498 4490 1091 4548; baseline -0.005 -1"><span class='ocrx_word' id='word_1_200' title='bbox 498 4491 596 4548; x_wconf 91' lang='lat'><strong>18.</strong></span> <span class='ocrx_word' id='word_1_201' title='bbox 638 4490 769 4546; x_wconf 73' lang='grc' dir='ltr'><strong>Δάν.</strong></span> <span class='ocrx_word' id='word_1_202' title='bbox 799 4491 955 4545; x_wconf 80' lang='lat' dir='ltr'><strong>Prax.</strong></span> <span class='ocrx_word' id='word_1_203' title='bbox 997 4490 1091 4546; x_wconf 87' lang='lat'><strong>16.</strong></span> 
     </span>
    </p>

    <p class='ocr_par' dir='ltr' id='par_1_31' title="bbox 501 4572 1532 4730">
     <span class='ocr_line' id='line_1_46' title="bbox 501 4572 1532 4646; baseline -0.004 -14"><span class='ocrx_word' id='word_1_204' title='bbox 501 4576 596 4632; x_wconf 90' lang='lat'><strong>19.</strong></span> <span class='ocrx_word' id='word_1_205' title='bbox 644 4572 719 4629; x_wconf 82' lang='lat' dir='ltr'><strong>De</strong></span> <span class='ocrx_word' id='word_1_206' title='bbox 751 4574 1078 4646; x_wconf 78' lang='lat' dir='ltr'><strong>Praescript.</strong></span> <span class='ocrx_word' id='word_1_207' title='bbox 1111 4573 1329 4629; x_wconf 81' lang='lat' dir='ltr'><strong>Haeret.</strong></span> <span class='ocrx_word' id='word_1_208' title='bbox 1357 4572 1532 4630; x_wconf 92' lang='grc'><strong>8.20.</strong></span> 
     </span>
     <span class='ocr_line' id='line_1_47' title="bbox 580 4656 1528 4730; baseline -0.002 -16"><span class='ocrx_word' id='word_1_209' title='bbox 580 4659 711 4714; x_wconf 78' lang='lat' dir='ltr'><strong>Adv.</strong></span> <span class='ocrx_word' id='word_1_210' title='bbox 746 4658 901 4715; x_wconf 80' lang='lat' dir='ltr'><strong>l’rax.</strong></span> <span class='ocrx_word' id='word_1_211' title='bbox 936 4659 1035 4715; x_wconf 92' lang='grc'><strong>27.</strong></span> <span class='ocrx_word' id='word_1_212' title='bbox 1082 4659 1156 4714; x_wconf 81' lang='lat' dir='ltr'><strong>De</strong></span> <span class='ocrx_word' id='word_1_213' title='bbox 1173 4656 1327 4730; x_wconf 77' lang='lat' dir='ltr'><strong>Bapt.</strong></span> <span class='ocrx_word' id='word_1_214' title='bbox 1344 4657 1401 4714; x_wconf 90' lang='lat'><strong>6.</strong></span> <span class='ocrx_word' id='word_1_215' title='bbox 1434 4657 1528 4715; x_wconf 85' lang='lat'><strong>13.</strong></span> 
     </span>
    </p>
   </div>
   <div class='ocr_carea' id='block_1_3' title="bbox 1722 1054 2397 1370">
    <p class='ocr_par' dir='ltr' id='par_1_32' title="bbox 1722 1054 2397 1370">
     <span class='ocr_line' id='line_1_48' title="bbox 1765 1054 2305 1119; baseline 0.013 -8"><span class='ocrx_word' id='word_1_216' title='bbox 1765 1054 1823 1112; x_wconf 89' lang='grc'><strong>2.</strong></span> <span class='ocrx_word' id='word_1_217' title='bbox 1868 1057 2067 1116; x_wconf 72' lang='lat' dir='ltr'><strong>Contra</strong></span> <span class='ocrx_word' id='word_1_218' title='bbox 2096 1059 2212 1116; x_wconf 80' lang='lat' dir='ltr'><strong>lud.</strong></span> <span class='ocrx_word' id='word_1_219' title='bbox 2244 1062 2305 1119; x_wconf 87' lang='lat'><strong>9.</strong></span> 
     </span>
     <span class='ocr_line' id='line_1_49' title="bbox 1722 1138 2321 1204; baseline 0.012 -9"><span class='ocrx_word' id='word_1_220' title='bbox 1722 1138 1823 1196; x_wconf 87' lang='lat'><strong>24.</strong></span> <span class='ocrx_word' id='word_1_221' title='bbox 1867 1140 1998 1197; x_wconf 79' lang='lat' dir='ltr'><strong>Adv.</strong></span> <span class='ocrx_word' id='word_1_222' title='bbox 2030 1142 2183 1200; x_wconf 75' lang='lat' dir='ltr'><strong>Pru.</strong></span> <span class='ocrx_word' id='word_1_223' title='bbox 2219 1144 2321 1204; x_wconf 82' lang='lat'><strong>26.</strong></span> 
     </span>
     <span class='ocr_line' id='line_1_50' title="bbox 1723 1222 2397 1286; baseline 0.012 -8"><span class='ocrx_word' id='word_1_224' title='bbox 1723 1222 1822 1279; x_wconf 88' lang='grc'><strong>27.</strong></span> <span class='ocrx_word' id='word_1_225' title='bbox 1866 1222 1945 1281; x_wconf 79' lang='lat' dir='ltr'><strong>De</strong></span> <span class='ocrx_word' id='word_1_226' title='bbox 1976 1226 2148 1283; x_wconf 77' lang='lat' dir='ltr'><strong>Carne</strong></span> <span class='ocrx_word' id='word_1_227' title='bbox 2178 1227 2305 1285; x_wconf 83' lang='lat' dir='ltr'><strong>Chr.</strong></span> <span class='ocrx_word' id='word_1_228' title='bbox 2338 1229 2397 1286; x_wconf 87' lang='lat'><strong>9.</strong></span> 
     </span>
     <span class='ocr_line' id='line_1_51' title="bbox 1722 1306 2241 1370; baseline 0.013 -7"><span class='ocrx_word' id='word_1_229' title='bbox 1722 1306 1822 1363; x_wconf 89' lang='grc'><strong>35.</strong></span> <span class='ocrx_word' id='word_1_230' title='bbox 1867 1308 1947 1365; x_wconf 75' lang='lat' dir='ltr'><strong>Ad</strong></span> <span class='ocrx_word' id='word_1_231' title='bbox 1978 1308 2133 1366; x_wconf 70' lang='lat' dir='ltr'><strong>Hart-</strong></span> <span class='ocrx_word' id='word_1_232' title='bbox 2166 1308 2241 1370; x_wconf 78' lang='lat'><strong>2·</strong></span> 
     </span>
    </p>
   </div>
   <div class='ocr_carea' id='block_1_4' title="bbox 1634 1473 2293 1612">
    <p class='ocr_par' dir='ltr' id='par_1_33' title="bbox 1634 1473 2293 1612">
     <span class='ocr_line' id='line_1_52' title="bbox 1634 1473 2293 1612; baseline 0.012 -84"><span class='ocrx_word' id='word_1_233' title='bbox 1634 1555 1707 1612; x_wconf 73' lang='lat' dir='ltr'><strong>m</strong></span> <span class='ocrx_word' id='word_1_234' title='bbox 1764 1474 1822 1529; x_wconf 93' lang='grc'><strong>7.</strong></span> <span class='ocrx_word' id='word_1_235' title='bbox 1864 1473 1941 1531; x_wconf 79' lang='grc' dir='ltr'><strong>οο</strong></span> <span class='ocrx_word' id='word_1_236' title='bbox 1971 1476 2158 1534; x_wconf 77' lang='lat' dir='ltr'>Pudic-</span> <span class='ocrx_word' id='word_1_237' title='bbox 2190 1478 2293 1537; x_wconf 88' lang='lat'><strong>21.</strong></span> 
     </span>
    </p>
   </div>
   <div class='ocr_carea' id='block_1_5' title="bbox 1633 1594 2441 1882">
    <p class='ocr_par' dir='ltr' id='par_1_34' title="bbox 1633 1594 2441 1882">
     <span class='ocr_line' id='line_1_53' title="bbox 1633 1594 2441 1778; baseline 0.016 -84"><span class='ocrx_word' id='word_1_238' title='bbox 1633 1722 1677 1778; x_wconf 69' lang='lat' dir='ltr'>v</span> <span class='ocrx_word' id='word_1_239' title='bbox 1712 1594 1823 1696; x_wconf 74' lang='grc'><strong>’29.</strong></span> <span class='ocrx_word' id='word_1_240' title='bbox 1869 1642 2003 1699; x_wconf 70' lang='lat' dir='ltr'><strong>Adv.</strong></span> <span class='ocrx_word' id='word_1_241' title='bbox 2032 1642 2199 1701; x_wconf 67' lang='lat' dir='ltr'><strong>aare.</strong></span> <span class='ocrx_word' id='word_1_242' title='bbox 2228 1645 2441 1723; x_wconf 67' lang='lat' dir='ltr'><strong>1v„28.</strong></span> 
     </span>
     <span class='ocr_line' id='line_1_54' title="bbox 1680 1760 2433 1882; baseline 0.013 -20"><span class='ocrx_word' id='word_1_243' title='bbox 1680 1760 1697 1779; x_wconf 41' lang='grc' dir='ltr'>Ο</span> <span class='ocrx_word' id='word_1_244' title='bbox 1764 1807 1794 1863; x_wconf 90' lang='grc'><strong>1</strong></span> <span class='ocrx_word' id='word_1_245' title='bbox 1824 1823 1948 1882; x_wconf 69' lang='lat' dir='ltr'><strong>sqq.</strong></span> <span class='ocrx_word' id='word_1_246' title='bbox 1994 1811 2068 1867; x_wconf 80' lang='lat' dir='ltr'><strong>De</strong></span> <span class='ocrx_word' id='word_1_247' title='bbox 2098 1812 2286 1870; x_wconf 73' lang='lat' dir='ltr'>Anima</span> <span class='ocrx_word' id='word_1_248' title='bbox 2317 1803 2433 1872; x_wconf 70' lang='grc'><strong>25.</strong></span> 
     </span>
    </p>
   </div>
   <div class='ocr_carea' id='block_1_6' title="bbox 1634 1890 2548 2031">
    <p class='ocr_par' dir='ltr' id='par_1_35' title="bbox 1634 1890 2548 2031">
     <span class='ocr_line' id='line_1_55' title="bbox 1634 1890 2548 2031; baseline 0.013 -85"><span class='ocrx_word' id='word_1_249' title='bbox 1634 1974 1700 2031; x_wconf 67' lang='lat' dir='ltr'><strong>Vl</strong></span> <span class='ocrx_word' id='word_1_250' title='bbox 1726 1891 1823 1948; x_wconf 87' lang='lat'><strong>12.</strong></span> <span class='ocrx_word' id='word_1_251' title='bbox 1868 1890 1945 1950; x_wconf 82' lang='lat' dir='ltr'><strong>De</strong></span> <span class='ocrx_word' id='word_1_252' title='bbox 1976 1892 2122 1969; x_wconf 79' lang='lat' dir='ltr'>Fuga</span> <span class='ocrx_word' id='word_1_253' title='bbox 2148 1898 2207 1953; x_wconf 82' lang='lat' dir='ltr'><strong>in</strong></span> <span class='ocrx_word' id='word_1_254' title='bbox 2237 1897 2456 1957; x_wconf 74' lang='lat' dir='ltr'><strong>Per-oo.</strong></span> <span class='ocrx_word' id='word_1_255' title='bbox 2486 1897 2548 1958; x_wconf 78' lang='lat'><strong>2.</strong></span> 
     </span>
    </p>
   </div>
   <div class='ocr_carea' id='block_1_7' title="bbox 1621 2012 2455 2138">
    <p class='ocr_par' dir='ltr' id='par_1_36' title="bbox 1621 2012 2455 2138">
     <span class='ocr_line' id='line_1_56' title="bbox 1621 2012 2455 2138; baseline 0.007 -23"><span class='ocrx_word' id='word_1_256' title='bbox 1621 2095 1631 2106; x_wconf 82' lang='lat'>-</span> <span class='ocrx_word' id='word_1_257' title='bbox 1704 2012 1949 2134; x_wconf 43' lang='lat' dir='ltr'><strong>‘22‚sqq.</strong></span> <span class='ocrx_word' id='word_1_258' title='bbox 1994 2061 2188 2138; x_wconf 77' lang='lat' dir='ltr'><strong>Seorp.</strong></span> <span class='ocrx_word' id='word_1_259' title='bbox 2221 2063 2277 2123; x_wconf 87' lang='grc'><strong>8.</strong></span> <span class='ocrx_word' id='word_1_260' title='bbox 2324 2105 2333 2114; x_wconf 95' lang='grc'><strong>.</strong></span> <span class='ocrx_word' id='word_1_261' title='bbox 2446 2105 2455 2112; x_wconf 92' lang='grc'>-</span> 
     </span>
    </p>
   </div>
   <div class='ocr_carea' id='block_1_8' title="bbox 1635 2141 1724 2198">
    <p class='ocr_par' dir='ltr' id='par_1_37' title="bbox 1635 2141 1724 2198">
     <span class='ocr_line' id='line_1_57' title="bbox 1635 2141 1724 2198; baseline 0.022 -2"><span class='ocrx_word' id='word_1_262' title='bbox 1635 2141 1724 2198; x_wconf 84' lang='lat' dir='ltr'><strong>vu</strong></span> 
     </span>
    </p>
   </div>
   <div class='ocr_carea' id='block_1_9' title="bbox 1635 2225 2761 4898">
    <p class='ocr_par' dir='ltr' id='par_1_38' title="bbox 1727 2225 2760 2540">
     <span class='ocr_line' id='line_1_58' title="bbox 1762 2225 2263 2304; baseline 0.01 -21"><span class='ocrx_word' id='word_1_263' title='bbox 1762 2226 1822 2283; x_wconf 90' lang='grc'><strong>3.</strong></span> <span class='ocrx_word' id='word_1_264' title='bbox 1866 2225 1945 2284; x_wconf 79' lang='lat' dir='ltr'><strong>De</strong></span> <span class='ocrx_word' id='word_1_265' title='bbox 1973 2229 2126 2304; x_wconf 75' lang='lat' dir='ltr'><strong>Bapt.</strong></span> <span class='ocrx_word' id='word_1_266' title='bbox 2163 2231 2263 2288; x_wconf 89' lang='grc'><strong>15.</strong></span> 
     </span>
     <span class='ocr_line' id='line_1_59' title="bbox 1727 2310 2242 2372; baseline 0.014 -7"><span class='ocrx_word' id='word_1_267' title='bbox 1727 2310 1823 2366; x_wconf 92' lang='grc'><strong>15.</strong></span> <span class='ocrx_word' id='word_1_268' title='bbox 1868 2310 1947 2367; x_wconf 78' lang='lat' dir='ltr'><strong>De</strong></span> <span class='ocrx_word' id='word_1_269' title='bbox 1976 2313 2150 2371; x_wconf 81' lang='lat' dir='ltr'><strong>leiun.</strong></span> <span class='ocrx_word' id='word_1_270' title='bbox 2180 2315 2242 2372; x_wconf 86' lang='lat'><strong>2.</strong></span> 
     </span>
     <span class='ocr_line' id='line_1_60' title="bbox 1727 2393 2760 2477; baseline 0.012 -28"><span class='ocrx_word' id='word_1_271' title='bbox 1727 2393 1800 2451; x_wconf 88' lang='lat'><strong>18</strong></span> <span class='ocrx_word' id='word_1_272' title='bbox 1824 2403 1881 2451; x_wconf 73' lang='lat' dir='ltr'><strong>et</strong></span> <span class='ocrx_word' id='word_1_273' title='bbox 1907 2396 2003 2454; x_wconf 88' lang='lat'><strong>19.</strong></span> <span class='ocrx_word' id='word_1_274' title='bbox 2048 2395 2126 2455; x_wconf 80' lang='lat' dir='ltr'><strong>De</strong></span> <span class='ocrx_word' id='word_1_275' title='bbox 2154 2399 2383 2457; x_wconf 76' lang='lat' dir='ltr'>Patient-</span> <span class='ocrx_word' id='word_1_276' title='bbox 2415 2399 2597 2472; x_wconf 67' lang='grc' dir='ltr'><strong>8.,οο</strong></span> <span class='ocrx_word' id='word_1_277' title='bbox 2622 2399 2760 2477; x_wconf 75' lang='lat' dir='ltr'>Spo-</span> 
     </span>
     <span class='ocr_line' id='line_1_61' title="bbox 1803 2481 2074 2540; baseline 0.015 -6"><span class='ocrx_word' id='word_1_278' title='bbox 1803 2488 1939 2538; x_wconf 71' lang='lat' dir='ltr'><strong>cuc.</strong></span> <span class='ocrx_word' id='word_1_279' title='bbox 1977 2481 2074 2540; x_wconf 90' lang='lat'><strong>18.</strong></span> 
     </span>
    </p>

    <p class='ocr_par' dir='ltr' id='par_1_39' title="bbox 1635 2559 2759 2795">
     <span class='ocr_line' id='line_1_62' title="bbox 1635 2559 2511 2616; baseline 0.003 -2"><span class='ocrx_word' id='word_1_280' title='bbox 1635 2559 1769 2616; x_wconf 85' lang='lat' dir='ltr'><strong>vm.</strong></span> <span class='ocrx_word' id='word_1_281' title='bbox 2500 2589 2511 2597; x_wconf 97' lang='lat'><em>-</em></span> 
     </span>
     <span class='ocr_line' id='line_1_63' title="bbox 1720 2643 2759 2722; baseline 0.009 -20"><span class='ocrx_word' id='word_1_282' title='bbox 1720 2644 1821 2702; x_wconf 84' lang='lat'><strong>38.</strong></span> <span class='ocrx_word' id='word_1_283' title='bbox 1868 2643 1945 2703; x_wconf 78' lang='lat' dir='ltr'><strong>De</strong></span> <span class='ocrx_word' id='word_1_284' title='bbox 1985 2647 2134 2722; x_wconf 76' lang='lat' dir='ltr'><strong>Fuga</strong></span> <span class='ocrx_word' id='word_1_285' title='bbox 2179 2650 2238 2706; x_wconf 84' lang='lat' dir='ltr'><strong>in</strong></span> <span class='ocrx_word' id='word_1_286' title='bbox 2276 2649 2499 2708; x_wconf 76' lang='lat' dir='ltr'><strong>Peme.</strong></span> <span class='ocrx_word' id='word_1_287' title='bbox 2548 2653 2608 2709; x_wconf 88' lang='grc'><strong>7.</strong></span> <span class='ocrx_word' id='word_1_288' title='bbox 2680 2650 2759 2712; x_wconf 77' lang='grc' dir='ltr'><strong>οο</strong></span> 
     </span>
     <span class='ocr_line' id='line_1_64' title="bbox 1803 2728 2713 2795; baseline 0.011 -10"><span class='ocrx_word' id='word_1_289' title='bbox 1803 2728 1975 2789; x_wconf 77' lang='lat' dir='ltr'>Came</span> <span class='ocrx_word' id='word_1_290' title='bbox 2006 2731 2133 2789; x_wconf 83' lang='lat' dir='ltr'><strong>Chr.</strong></span> <span class='ocrx_word' id='word_1_291' title='bbox 2167 2734 2225 2791; x_wconf 88' lang='grc'><strong>5.</strong></span> <span class='ocrx_word' id='word_1_292' title='bbox 2274 2732 2353 2793; x_wconf 73' lang='lat' dir='ltr'><strong>De</strong></span> <span class='ocrx_word' id='word_1_293' title='bbox 2382 2733 2581 2794; x_wconf 72' lang='lat' dir='ltr'><strong>idolol.</strong></span> <span class='ocrx_word' id='word_1_294' title='bbox 2617 2736 2713 2795; x_wconf 78' lang='lat'><strong>18.</strong></span> 
     </span>
    </p>

    <p class='ocr_par' dir='ltr' id='par_1_40' title="bbox 1635 2895 2761 4898">
     <span class='ocr_line' id='line_1_65' title="bbox 1762 2895 2351 2972; baseline 0.01 -20"><span class='ocrx_word' id='word_1_295' title='bbox 1762 2895 1800 2953; x_wconf 83' lang='lat'><strong>2</strong></span> <span class='ocrx_word' id='word_1_296' title='bbox 1825 2913 1947 2972; x_wconf 69' lang='lat' dir='ltr'><strong>sqq.</strong></span> <span class='ocrx_word' id='word_1_297' title='bbox 1991 2898 2071 2955; x_wconf 76' lang='lat' dir='ltr'><strong>Ad</strong></span> <span class='ocrx_word' id='word_1_298' title='bbox 2102 2899 2259 2957; x_wconf 67' lang='lat' dir='ltr'><strong>Mart.</strong></span> <span class='ocrx_word' id='word_1_299' title='bbox 2292 2900 2351 2958; x_wconf 90' lang='lat'><strong>2.</strong></span> 
     </span>
     <span class='ocr_line' id='line_1_66' title="bbox 1764 2982 2317 3043; baseline 0.007 -7"><span class='ocrx_word' id='word_1_300' title='bbox 1764 2982 1821 3037; x_wconf 94' lang='grc'><strong>7.</strong></span> <span class='ocrx_word' id='word_1_301' title='bbox 1864 2983 1997 3039; x_wconf 76' lang='lat' dir='ltr'><strong>Adv.</strong></span> <span class='ocrx_word' id='word_1_302' title='bbox 2026 2984 2185 3040; x_wconf 78' lang='lat' dir='ltr'><strong>Prax.</strong></span> <span class='ocrx_word' id='word_1_303' title='bbox 2221 2985 2317 3043; x_wconf 87' lang='lat'><strong>19.</strong></span> 
     </span>
     <span class='ocr_line' id='line_1_67' title="bbox 1720 3147 2761 3213; baseline 0.008 -8"><span class='ocrx_word' id='word_1_304' title='bbox 1720 3147 1822 3205; x_wconf 88' lang='grc'><strong>27.</strong></span> <span class='ocrx_word' id='word_1_305' title='bbox 1867 3149 1999 3206; x_wconf 75' lang='lat' dir='ltr'><strong>Adv.</strong></span> <span class='ocrx_word' id='word_1_306' title='bbox 2028 3149 2185 3206; x_wconf 73' lang='lat' dir='ltr'><strong>Pru.</strong></span> <span class='ocrx_word' id='word_1_307' title='bbox 2236 3151 2333 3208; x_wconf 91' lang='grc'><strong>10.</strong></span> <span class='ocrx_word' id='word_1_308' title='bbox 2419 3151 2497 3211; x_wconf 77' lang='lat' dir='ltr'><strong>De</strong></span> <span class='ocrx_word' id='word_1_309' title='bbox 2534 3151 2761 3213; x_wconf 67' lang='lat' dir='ltr'>Beuum</span> 
     </span>
     <span class='ocr_line' id='line_1_68' title="bbox 1804 3231 2761 3298; baseline 0.013 -12"><span class='ocrx_word' id='word_1_310' title='bbox 1804 3231 1962 3288; x_wconf 73' lang='lat' dir='ltr'><strong>Garn.</strong></span> <span class='ocrx_word' id='word_1_311' title='bbox 1999 3233 2096 3290; x_wconf 90' lang='grc'><strong>57.</strong></span> <span class='ocrx_word' id='word_1_312' title='bbox 2171 3231 2248 3291; x_wconf 77' lang='lat' dir='ltr'><strong>De</strong></span> <span class='ocrx_word' id='word_1_313' title='bbox 2277 3233 2475 3292; x_wconf 73' lang='lat' dir='ltr'><strong>idolol.</strong></span> <span class='ocrx_word' id='word_1_314' title='bbox 2512 3237 2611 3296; x_wconf 80' lang='lat'><strong>12.</strong></span> <span class='ocrx_word' id='word_1_315' title='bbox 2683 3236 2761 3298; x_wconf 77' lang='grc' dir='ltr'><strong>οο</strong></span> 
     </span>
     <span class='ocr_line' id='line_1_69' title="bbox 1798 3313 2048 3389; baseline 0.004 -20"><span class='ocrx_word' id='word_1_316' title='bbox 1798 3313 1957 3389; x_wconf 76' lang='lat' dir='ltr'><strong>Bapt.</strong></span> <span class='ocrx_word' id='word_1_317' title='bbox 1989 3315 2048 3373; x_wconf 89' lang='grc'><strong>2.</strong></span> 
     </span>
     <span class='ocr_line' id='line_1_70' title="bbox 1722 3397 2339 3457; baseline 0.002 -3"><span class='ocrx_word' id='word_1_318' title='bbox 1722 3397 1824 3454; x_wconf 89' lang='grc'><strong>29.</strong></span> <span class='ocrx_word' id='word_1_319' title='bbox 1870 3397 1947 3456; x_wconf 77' lang='lat' dir='ltr'><strong>De</strong></span> <span class='ocrx_word' id='word_1_320' title='bbox 1979 3398 2173 3455; x_wconf 74' lang='lat' dir='ltr'><strong>idolol.</strong></span> <span class='ocrx_word' id='word_1_321' title='bbox 2213 3398 2339 3457; x_wconf 89' lang='grc'><strong>12..</strong></span> 
     </span>
     <span class='ocr_line' id='line_1_71' title="bbox 1725 3480 2266 3556; baseline 0.006 -20"><span class='ocrx_word' id='word_1_322' title='bbox 1725 3480 1823 3537; x_wconf 90' lang='grc'><strong>52.</strong></span> <span class='ocrx_word' id='word_1_323' title='bbox 1869 3480 1946 3538; x_wconf 79' lang='grc' dir='ltr'><strong>οο</strong></span> <span class='ocrx_word' id='word_1_324' title='bbox 1978 3482 2131 3556; x_wconf 74' lang='lat' dir='ltr'><strong>Bapt.</strong></span> <span class='ocrx_word' id='word_1_325' title='bbox 2168 3482 2266 3539; x_wconf 87' lang='lat'><strong>12.</strong></span> 
     </span>
     <span class='ocr_line' id='line_1_72' title="bbox 1718 3647 2258 3723; baseline -0.002 -16"><span class='ocrx_word' id='word_1_326' title='bbox 1718 3649 1817 3707; x_wconf 89' lang='grc'><strong>30.</strong></span> <span class='ocrx_word' id='word_1_327' title='bbox 1863 3647 1942 3707; x_wconf 80' lang='lat' dir='ltr'><strong>De</strong></span> <span class='ocrx_word' id='word_1_328' title='bbox 1972 3650 2125 3723; x_wconf 71' lang='lat' dir='ltr'><strong>Bapt.</strong></span> <span class='ocrx_word' id='word_1_329' title='bbox 2161 3650 2258 3706; x_wconf 90' lang='lat'><strong>10.</strong></span> 
     </span>
     <span class='ocr_line' id='line_1_73' title="bbox 1723 3814 2658 3875; baseline 0.002 -2"><span class='ocrx_word' id='word_1_330' title='bbox 1723 3816 1823 3873; x_wconf 90' lang='grc'><strong>25.</strong></span> <span class='ocrx_word' id='word_1_331' title='bbox 1868 3816 1943 3874; x_wconf 82' lang='lat' dir='ltr'><strong>ne</strong></span> <span class='ocrx_word' id='word_1_332' title='bbox 1973 3815 2199 3873; x_wconf 77' lang='lat' dir='ltr'><strong>Resurr.</strong></span> <span class='ocrx_word' id='word_1_333' title='bbox 2230 3816 2389 3874; x_wconf 74' lang='lat' dir='ltr'><strong>Cam.</strong></span> <span class='ocrx_word' id='word_1_334' title='bbox 2422 3814 2525 3874; x_wconf 81' lang='grc'><strong>36.</strong></span> <span class='ocrx_word' id='word_1_335' title='bbox 2556 3816 2658 3875; x_wconf 91' lang='grc'><strong>61.</strong></span> 
     </span>
     <span class='ocr_line' id='line_1_74' title="bbox 1728 3983 2441 4043; baseline 0 -3"><span class='ocrx_word' id='word_1_336' title='bbox 1728 3984 1822 4041; x_wconf 91' lang='grc'><strong>12.</strong></span> <span class='ocrx_word' id='word_1_337' title='bbox 1868 3985 2068 4042; x_wconf 73' lang='lat' dir='ltr'><strong>Contra</strong></span> <span class='ocrx_word' id='word_1_338' title='bbox 2097 3983 2214 4039; x_wconf 82' lang='lat' dir='ltr'><strong>Iud.</strong></span> <span class='ocrx_word' id='word_1_339' title='bbox 2248 3984 2306 4043; x_wconf 92' lang='lat'><strong>8.</strong></span> <span class='ocrx_word' id='word_1_340' title='bbox 2346 3984 2441 4041; x_wconf 91' lang='grc'><strong>10.</strong></span> 
     </span>
     <span class='ocr_line' id='line_1_75' title="bbox 1727 4067 2265 4141; baseline 0.002 -17"><span class='ocrx_word' id='word_1_341' title='bbox 1727 4068 1825 4125; x_wconf 89' lang='grc'><strong>13.</strong></span> <span class='ocrx_word' id='word_1_342' title='bbox 1869 4067 1946 4125; x_wconf 70' lang='grc' dir='ltr'><strong>οο</strong></span> <span class='ocrx_word' id='word_1_343' title='bbox 1977 4068 2129 4141; x_wconf 77' lang='lat' dir='ltr'><strong>Bapt.</strong></span> <span class='ocrx_word' id='word_1_344' title='bbox 2167 4068 2265 4125; x_wconf 86' lang='lat'><strong>19.</strong></span> 
     </span>
     <span class='ocr_line' id='line_1_76' title="bbox 1723 4150 2694 4225; baseline 0.002 -17"><span class='ocrx_word' id='word_1_345' title='bbox 1723 4152 1826 4209; x_wconf 85' lang='lat'><strong>21.</strong></span> <span class='ocrx_word' id='word_1_346' title='bbox 1872 4151 1951 4208; x_wconf 77' lang='lat' dir='ltr'><strong>De</strong></span> <span class='ocrx_word' id='word_1_347' title='bbox 1982 4152 2309 4225; x_wconf 65' lang='lat' dir='ltr'><strong>Praeneript.</strong></span> <span class='ocrx_word' id='word_1_348' title='bbox 2336 4150 2561 4210; x_wconf 71' lang='lat' dir='ltr'><strong>Haeret.</strong></span> <span class='ocrx_word' id='word_1_349' title='bbox 2590 4152 2694 4213; x_wconf 82' lang='grc'><strong>30.</strong></span> 
     </span>
     <span class='ocr_line' id='line_1_77' title="bbox 1730 4318 2301 4378; baseline -0.005 -1"><span class='ocrx_word' id='word_1_350' title='bbox 1730 4320 1826 4377; x_wconf 87' lang='grc'><strong>19.</strong></span> <span class='ocrx_word' id='word_1_351' title='bbox 1871 4318 1948 4378; x_wconf 82' lang='lat' dir='ltr'><strong>De</strong></span> <span class='ocrx_word' id='word_1_352' title='bbox 1977 4319 2210 4375; x_wconf 70' lang='lat' dir='ltr'><strong>Patient-</strong></span> <span class='ocrx_word' id='word_1_353' title='bbox 2243 4318 2301 4375; x_wconf 80' lang='lat'><strong>3.</strong></span> 
     </span>
     <span class='ocr_line' id='line_1_78' title="bbox 1635 4404 1766 4462; baseline 0 -1"><span class='ocrx_word' id='word_1_354' title='bbox 1635 4404 1766 4462; x_wconf 81' lang='lat' dir='ltr'><strong>xvl.</strong></span> 
     </span>
     <span class='ocr_line' id='line_1_79' title="bbox 1766 4485 2300 4545; baseline -0.006 -1"><span class='ocrx_word' id='word_1_355' title='bbox 1766 4488 1824 4545; x_wconf 90' lang='lat'><strong>9.</strong></span> <span class='ocrx_word' id='word_1_356' title='bbox 1871 4488 1947 4544; x_wconf 82' lang='lat' dir='ltr'><strong>De</strong></span> <span class='ocrx_word' id='word_1_357' title='bbox 1976 4487 2167 4542; x_wconf 77' lang='lat' dir='ltr'>Anima</span> <span class='ocrx_word' id='word_1_358' title='bbox 2198 4485 2300 4542; x_wconf 85' lang='grc'><strong>25.</strong></span> 
     </span>
     <span class='ocr_line' id='line_1_80' title="bbox 1728 4567 2761 4644; baseline -0.002 -15"><span class='ocrx_word' id='word_1_359' title='bbox 1728 4572 1824 4629; x_wconf 89' lang='grc'><strong>15.</strong></span> <span class='ocrx_word' id='word_1_360' title='bbox 1870 4569 2106 4644; x_wconf 75' lang='lat' dir='ltr'><strong>Apolog.</strong></span> <span class='ocrx_word' id='word_1_361' title='bbox 2137 4568 2239 4627; x_wconf 87' lang='lat'><strong>21.</strong></span> <span class='ocrx_word' id='word_1_362' title='bbox 2325 4567 2401 4627; x_wconf 78' lang='grc' dir='ltr'><strong>οο</strong></span> <span class='ocrx_word' id='word_1_363' title='bbox 2430 4567 2761 4644; x_wconf 64' lang='lat' dir='ltr'><strong>Pneuoeipt.</strong></span> 
     </span>
     <span class='ocr_line' id='line_1_81' title="bbox 1806 4654 2165 4712; baseline -0.008 0"><span class='ocrx_word' id='word_1_364' title='bbox 1806 4655 2032 4712; x_wconf 73' lang='lat' dir='ltr'><strong>Haeret.</strong></span> <span class='ocrx_word' id='word_1_365' title='bbox 2063 4654 2165 4712; x_wconf 88' lang='grc'><strong>30.</strong></span> 
     </span>
     <span class='ocr_line' id='line_1_82' title="bbox 1729 4734 2691 4811; baseline -0.004 -15"><span class='ocrx_word' id='word_1_366' title='bbox 1729 4740 1824 4796; x_wconf 92' lang='grc'><strong>16.</strong></span> <span class='ocrx_word' id='word_1_367' title='bbox 1869 4737 1946 4796; x_wconf 79' lang='lat' dir='ltr'><strong>De</strong></span> <span class='ocrx_word' id='word_1_368' title='bbox 1974 4738 2306 4811; x_wconf 76' lang='lat' dir='ltr'><strong>Pneseripr.</strong></span> <span class='ocrx_word' id='word_1_369' title='bbox 2333 4736 2559 4795; x_wconf 71' lang='lat' dir='ltr'><strong>flueret.</strong></span> <span class='ocrx_word' id='word_1_370' title='bbox 2578 4734 2691 4795; x_wconf 70' lang='grc'><strong>30.</strong></span> 
     </span>
     <span class='ocr_line' id='line_1_83' title="bbox 1727 4818 2690 4898; baseline -0.004 -17"><span class='ocrx_word' id='word_1_371' title='bbox 1727 4825 1825 4881; x_wconf 90' lang='grc'><strong>17.</strong></span> <span class='ocrx_word' id='word_1_372' title='bbox 1871 4821 1951 4881; x_wconf 74' lang='lat' dir='ltr'><strong>Be</strong></span> <span class='ocrx_word' id='word_1_373' title='bbox 1975 4821 2307 4898; x_wconf 71' lang='lat' dir='ltr'><strong>Psmctipt.</strong></span> <span class='ocrx_word' id='word_1_374' title='bbox 2336 4820 2556 4879; x_wconf 73' lang='lat' dir='ltr'><strong>namt.</strong></span> <span class='ocrx_word' id='word_1_375' title='bbox 2586 4818 2690 4879; x_wconf 71' lang='grc'><strong>80.</strong></span> 
     </span>
    </p>
   </div>
  </div>
 </body>
</html>
