<?xml version="1.0" encoding="UTF-8"?>
<!DOCTYPE html PUBLIC "-//W3C//DTD XHTML 1.0 Transitional//EN"
    "http://www.w3.org/TR/xhtml1/DTD/xhtml1-transitional.dtd">
<html xmlns="http://www.w3.org/1999/xhtml" xml:lang="en" lang="en">
 <head>
  <title>
</title>
<meta http-equiv="Content-Type" content="text/html;charset=utf-8" />
  <meta name='ocr-system' content='tesseract 3.04.00' />
  <meta name='ocr-capabilities' content='ocr_page ocr_carea ocr_par ocr_line ocrx_word'/>
</head>
<body>
  <div class='ocr_page' id='page_1' title='image "./quaesupersuntom00oehlgoog_0501.png"; bbox 0 0 3242 5775; ppageno 0'>
   <div class='ocr_carea' id='block_1_1' title="bbox 313 629 1222 729">
    <p class='ocr_par' dir='ltr' id='par_1_1' title="bbox 313 629 1222 729">
     <span class='ocr_line' id='line_1_1' title="bbox 313 629 1222 729; baseline -0.006 -7"><span class='ocrx_word' id='word_1_1' title='bbox 313 661 376 728; x_wconf 72' lang='grc'><strong>486</strong></span> <span class='ocrx_word' id='word_1_2' title='bbox 564 629 671 729; x_wconf 39' lang='lat' dir='ltr'><strong>buturi*</strong></span> <span class='ocrx_word' id='word_1_3' title='bbox 688 675 819 720; x_wconf 66' lang='lat' dir='ltr'><strong>smmi</strong></span> <span class='ocrx_word' id='word_1_4' title='bbox 839 674 1003 720; x_wconf 66' lang='lat' dir='ltr'><strong>Pbollssli&#39;llss</strong></span> <span class='ocrx_word' id='word_1_5' title='bbox 1026 673 1222 719; x_wconf 72' lang='lat' dir='ltr'><strong>ultumum</strong></span> 
     </span>
    </p>
   </div>
   <div class='ocr_carea' id='block_1_2' title="bbox 184 824 1493 3952">
    <p class='ocr_par' dir='ltr' id='par_1_2' title="bbox 184 824 1493 3952">
     <span class='ocr_line' id='line_1_2' title="bbox 315 824 1478 905; baseline -0.004 -13"><span class='ocrx_word' id='word_1_6' title='bbox 315 845 433 892; x_wconf 83' lang='lat' dir='ltr'><strong>earnem</strong></span> <span class='ocrx_word' id='word_1_7' title='bbox 454 827 648 890; x_wconf 87' lang='lat' dir='ltr'><strong>dinoscuntur</strong></span> <span class='ocrx_word' id='word_1_8' title='bbox 669 826 862 889; x_wconf 81' lang='lat' dir='ltr'><strong>extrinsecus.</strong></span> <span class='ocrx_word' id='word_1_9' title='bbox 895 824 1012 888; x_wconf 77' lang='lat' dir='ltr'>Volutet</span> <span class='ocrx_word' id='word_1_10' title='bbox 1026 824 1133 905; x_wconf 90' lang='lat' dir='ltr'><strong>aliquid</strong></span> <span class='ocrx_word' id='word_1_11' title='bbox 1148 826 1261 898; x_wconf 89' lang='lat' dir='ltr'><strong>anima,</strong></span> <span class='ocrx_word' id='word_1_12' title='bbox 1283 824 1382 887; x_wconf 85' lang='lat' dir='ltr'><strong>uultus</strong></span> <span class='ocrx_word' id='word_1_13' title='bbox 1404 844 1478 904; x_wconf 90' lang='lat' dir='ltr'><strong>ope-</strong></span> 
     </span>
     <span class='ocr_line' id='line_1_3' title="bbox 314 915 1480 1007; baseline -0.002 -15"><span class='ocrx_word' id='word_1_14' title='bbox 314 915 397 992; x_wconf 87' lang='lat' dir='ltr'><strong>ratur</strong></span> <span class='ocrx_word' id='word_1_15' title='bbox 419 928 574 1001; x_wconf 90' lang='lat' dir='ltr'><strong>indicium,</strong></span> <span class='ocrx_word' id='word_1_16' title='bbox 607 929 696 990; x_wconf 80' lang='lat' dir='ltr'><strong>tocies</strong></span> <span class='ocrx_word' id='word_1_17' title='bbox 717 928 914 991; x_wconf 71' lang='lat' dir='ltr'><strong>intentionum</strong></span> <span class='ocrx_word' id='word_1_18' title='bbox 938 927 1068 988; x_wconf 88' lang='lat' dir='ltr'><strong>omnium</strong></span> <span class='ocrx_word' id='word_1_19' title='bbox 1091 927 1321 1005; x_wconf 84' lang='lat' dir='ltr'><strong>speculum-est.</strong></span> <span class='ocrx_word' id='word_1_20' title='bbox 1364 927 1480 1007; x_wconf 87' lang='lat' dir='ltr'><strong>Negent</strong></span> 
     </span>
     <span class='ocr_line' id='line_1_4' title="bbox 315 1021 1476 1110; baseline -0.002 -17"><span class='ocrx_word' id='word_1_21' title='bbox 315 1032 460 1093; x_wconf 81' lang='lat' dir='ltr'><strong>factorum</strong></span> <span class='ocrx_word' id='word_1_22' title='bbox 493 1023 741 1093; x_wconf 81' lang='lat' dir='ltr'><strong>societatem&#39;cui</strong></span> <span class='ocrx_word' id='word_1_23' title='bbox 767 1021 876 1110; x_wconf 83' lang='lat' dir='ltr'><strong>negare</strong></span> <span class='ocrx_word' id='word_1_24' title='bbox 897 1048 958 1090; x_wconf 92' lang='lat' dir='ltr'><strong>non</strong></span> <span class='ocrx_word' id='word_1_25' title='bbox 979 1037 1109 1109; x_wconf 82' lang='lat' dir='ltr'><strong>possunt</strong></span> <span class='ocrx_word' id='word_1_26' title='bbox 1129 1028 1334 1107; x_wconf 89' lang='lat' dir='ltr'><strong>cogitatomm.</strong></span> <span class='ocrx_word' id='word_1_27' title='bbox 1378 1030 1416 1091; x_wconf 82' lang='lat' dir='ltr'><strong>Et</strong></span> <span class='ocrx_word' id='word_1_28' title='bbox 1437 1031 1476 1092; x_wconf 88' lang='lat' dir='ltr'><strong>illi</strong></span> 
     </span>
     <span class='ocr_line' id='line_1_5' title="bbox 316 1130 1480 1213; baseline 0 -20"><span class='ocrx_word' id='word_1_29' title='bbox 316 1132 434 1213; x_wconf 88' lang='lat' dir='ltr'><strong>quidem</strong></span> <span class='ocrx_word' id='word_1_30' title='bbox 463 1132 675 1211; x_wconf 87' lang='lat' dir='ltr'><strong>delinquentias</strong></span> <span class='ocrx_word' id='word_1_31' title='bbox 704 1132 800 1194; x_wconf 87' lang='lat' dir='ltr'><strong>cernis</strong></span> <span class='ocrx_word' id='word_1_32' title='bbox 829 1140 1015 1194; x_wconf 89' lang='lat' dir='ltr'><strong>enumerant:</strong></span> <span class='ocrx_word' id='word_1_33' title='bbox 1048 1148 1119 1208; x_wconf 90' lang='lat' dir='ltr'><strong>ergo</strong></span> <span class='ocrx_word' id='word_1_34' title='bbox 1153 1130 1297 1209; x_wconf 79' lang='lat' dir='ltr'><strong>peccatrix</strong></span> <span class='ocrx_word' id='word_1_35' title='bbox 1331 1131 1480 1194; x_wconf 76' lang='lat' dir='ltr'><strong>tenebitur</strong></span> 
     </span>
     <span class='ocr_line' id='line_1_6' title="bbox 316 1231 1480 1314; baseline -0.002 -19"><span class='ocrx_word' id='word_1_36' title='bbox 316 1233 471 1314; x_wconf 88' lang='lat' dir='ltr'><strong>supplicio.</strong></span> <span class='ocrx_word' id='word_1_37' title='bbox 507 1233 569 1295; x_wconf 89' lang='lat' dir='ltr'><strong>Nos</strong></span> <span class='ocrx_word' id='word_1_38' title='bbox 590 1252 661 1295; x_wconf 84' lang='lat' dir='ltr'><strong>vero</strong></span> <span class='ocrx_word' id='word_1_39' title='bbox 684 1234 770 1296; x_wconf 82' lang='lat' dir='ltr'><strong>etiam</strong></span> <span class='ocrx_word' id='word_1_40' title='bbox 794 1234 915 1295; x_wconf 86' lang='lat' dir='ltr'><strong>virtutes</strong></span> <span class='ocrx_word' id='word_1_41' title='bbox 931 1232 1026 1293; x_wconf 82' lang='lat' dir='ltr'><strong>carnis</strong></span> <span class='ocrx_word' id='word_1_42' title='bbox 1042 1231 1236 1311; x_wconf 89' lang='lat' dir='ltr'><strong>opponimus:</strong></span> <span class='ocrx_word' id='word_1_43' title='bbox 1259 1251 1330 1310; x_wconf 90' lang='lat' dir='ltr'><strong>ergo</strong></span> <span class='ocrx_word' id='word_1_44' title='bbox 1353 1242 1383 1294; x_wconf 93' lang='lat' dir='ltr'><strong>et</strong></span> <span class='ocrx_word' id='word_1_45' title='bbox 1403 1232 1480 1293; x_wconf 87' lang='lat' dir='ltr'><strong>bene</strong></span> 
     </span>
     <span class='ocr_line' id='line_1_7' title="bbox 316 1332 1478 1417; baseline -0.002 -21"><span class='ocrx_word' id='word_1_46' title='bbox 316 1343 436 1417; x_wconf 81' lang='lat' dir='ltr'><strong>operula</strong></span> <span class='ocrx_word' id='word_1_47' title='bbox 457 1334 605 1398; x_wconf 79' lang='lat' dir='ltr'><strong>tenebitur</strong></span> <span class='ocrx_word' id='word_1_48' title='bbox 632 1334 772 1415; x_wconf 83' lang='lat' dir='ltr'><strong>praemio.</strong></span> <span class='ocrx_word' id='word_1_49' title='bbox 821 1335 905 1397; x_wconf 82' lang='lat' dir='ltr'><strong>Etsi</strong></span> <span class='ocrx_word' id='word_1_50' title='bbox 929 1334 1051 1394; x_wconf 77' lang='lat' dir='ltr'><strong>¹⁵onima</strong></span> <span class='ocrx_word' id='word_1_51' title='bbox 1075 1343 1122 1395; x_wconf 89' lang='lat' dir='ltr'><strong>est</strong></span> <span class='ocrx_word' id='word_1_52' title='bbox 1143 1352 1217 1413; x_wconf 85' lang='lat' dir='ltr'><strong>quae</strong></span> <span class='ocrx_word' id='word_1_53' title='bbox 1239 1333 1299 1412; x_wconf 84' lang='lat' dir='ltr'><strong>agit</strong></span> <span class='ocrx_word' id='word_1_54' title='bbox 1320 1341 1350 1394; x_wconf 91' lang='lat' dir='ltr'><strong>et</strong></span> <span class='ocrx_word' id='word_1_55' title='bbox 1370 1332 1478 1414; x_wconf 89' lang='lat' dir='ltr'><strong>impel-</strong></span> 
     </span>
     <span class='ocr_line' id='line_1_8' title="bbox 315 1433 1480 1515; baseline -0.003 -17"><span class='ocrx_word' id='word_1_56' title='bbox 315 1437 350 1500; x_wconf 91' lang='lat' dir='ltr'><strong>lit</strong></span> <span class='ocrx_word' id='word_1_57' title='bbox 370 1437 401 1498; x_wconf 90' lang='lat' dir='ltr'><strong>in</strong></span> <span class='ocrx_word' id='word_1_58' title='bbox 422 1437 535 1510; x_wconf 79' lang='lat' dir='ltr'><strong>omnic,</strong></span> <span class='ocrx_word' id='word_1_59' title='bbox 558 1436 654 1498; x_wconf 83' lang='lat' dir='ltr'><strong>carnis</strong></span> <span class='ocrx_word' id='word_1_60' title='bbox 677 1436 852 1515; x_wconf 85' lang='lat' dir='ltr'><strong>obsequium</strong></span> <span class='ocrx_word' id='word_1_61' title='bbox 875 1444 929 1498; x_wconf 80' lang='lat' dir='ltr'><strong>est</strong></span> <span class='ocrx_word' id='word_1_62' title='bbox 976 1435 1070 1497; x_wconf 87' lang='lat' dir='ltr'><strong>Deum</strong></span> <span class='ocrx_word' id='word_1_63' title='bbox 1092 1454 1152 1494; x_wconf 91' lang='lat' dir='ltr'><strong>non</strong></span> <span class='ocrx_word' id='word_1_64' title='bbox 1175 1435 1240 1498; x_wconf 89' lang='lat' dir='ltr'><strong>licet</strong></span> <span class='ocrx_word' id='word_1_65' title='bbox 1263 1444 1314 1496; x_wconf 83' lang='lat' dir='ltr'><strong>eut</strong></span> <span class='ocrx_word' id='word_1_66' title='bbox 1334 1433 1480 1496; x_wconf 88' lang='lat' dir='ltr'><strong>iniustum</strong></span> 
     </span>
     <span class='ocr_line' id='line_1_9' title="bbox 316 1536 1481 1617; baseline -0.003 -15"><span class='ocrx_word' id='word_1_67' title='bbox 316 1539 443 1602; x_wconf 90' lang='lat' dir='ltr'><strong>iudicem</strong></span> <span class='ocrx_word' id='word_1_68' title='bbox 465 1537 543 1600; x_wconf 86' lang='lat' dir='ltr'><strong>credi</strong></span> <span class='ocrx_word' id='word_1_69' title='bbox 571 1546 620 1599; x_wconf 87' lang='lat' dir='ltr'><strong>out</strong></span> <span class='ocrx_word' id='word_1_70' title='bbox 647 1538 786 1610; x_wconf 77' lang='lat' dir='ltr'><strong>inertem3</strong></span> <span class='ocrx_word' id='word_1_71' title='bbox 817 1537 975 1610; x_wconf 88' lang='lat' dir='ltr'><strong>iniustum,</strong></span> <span class='ocrx_word' id='word_1_72' title='bbox 998 1536 1030 1597; x_wconf 90' lang='lat' dir='ltr'><strong>si</strong></span> <span class='ocrx_word' id='word_1_73' title='bbox 1053 1536 1163 1598; x_wconf 84' lang='lat' dir='ltr'><strong>sociam</strong></span> <span class='ocrx_word' id='word_1_74' title='bbox 1185 1536 1332 1598; x_wconf 90' lang='lat' dir='ltr'><strong>bonorum</strong></span> <span class='ocrx_word' id='word_1_75' title='bbox 1355 1554 1481 1617; x_wconf 89' lang='lat' dir='ltr'><strong>operum</strong></span> 
     </span>
     <span class='ocr_line' id='line_1_10' title="bbox 318 1627 1481 1721; baseline -0.004 -17"><span class='ocrx_word' id='word_1_76' title='bbox 318 1661 335 1704; x_wconf 80' lang='lat' dir='ltr'>a</span> <span class='ocrx_word' id='word_1_77' title='bbox 354 1640 494 1721; x_wconf 87' lang='lat' dir='ltr'><strong>praemiis</strong></span> <span class='ocrx_word' id='word_1_78' title='bbox 516 1648 628 1713; x_wconf 88' lang='lat' dir='ltr'><strong>arceat,</strong></span> <span class='ocrx_word' id='word_1_79' title='bbox 651 1639 791 1712; x_wconf 89' lang='lat' dir='ltr'><strong>inertem,</strong></span> <span class='ocrx_word' id='word_1_80' title='bbox 819 1627 844 1700; x_wconf 88' lang='lat' dir='ltr'><strong>si</strong></span> <span class='ocrx_word' id='word_1_81' title='bbox 868 1638 978 1701; x_wconf 90' lang='lat' dir='ltr'><strong>sociarn</strong></span> <span class='ocrx_word' id='word_1_82' title='bbox 1001 1638 1144 1699; x_wconf 85' lang='lat' dir='ltr'><strong>malorum</strong></span> <span class='ocrx_word' id='word_1_83' title='bbox 1168 1657 1183 1699; x_wconf 96' lang='lat' dir='ltr'><strong>a</strong></span> <span class='ocrx_word' id='word_1_84' title='bbox 1206 1638 1357 1718; x_wconf 86' lang='lat' dir='ltr'><strong>suppliciis</strong></span> <span class='ocrx_word' id='word_1_85' title='bbox 1379 1657 1481 1701; x_wconf 77' lang='lat' dir='ltr'><strong>serer-</strong></span> 
     </span>
     <span class='ocr_line' id='line_1_11' title="bbox 318 1740 1479 1820; baseline -0.003 -14"><span class='ocrx_word' id='word_1_86' title='bbox 318 1751 383 1818; x_wconf 82' lang='lat' dir='ltr'><strong>mr,</strong></span> <span class='ocrx_word' id='word_1_87' title='bbox 411 1761 477 1805; x_wconf 90' lang='lat' dir='ltr'><strong>cum</strong></span> <span class='ocrx_word' id='word_1_88' title='bbox 499 1741 624 1803; x_wconf 84' lang='lat' dir='ltr'><strong>humone</strong></span> <span class='ocrx_word' id='word_1_89' title='bbox 647 1759 771 1804; x_wconf 87' lang='lat' dir='ltr'><strong>censura</strong></span> <span class='ocrx_word' id='word_1_90' title='bbox 800 1760 836 1801; x_wconf 90' lang='lat' dir='ltr'><strong>eo</strong></span> <span class='ocrx_word' id='word_1_91' title='bbox 858 1740 1018 1820; x_wconf 80' lang='lat' dir='ltr'><strong>perfectior</strong></span> <span class='ocrx_word' id='word_1_92' title='bbox 1038 1740 1181 1802; x_wconf 84' lang='lat' dir='ltr'><strong>habentur</strong></span> <span class='ocrx_word' id='word_1_93' title='bbox 1203 1740 1288 1819; x_wconf 83' lang='lat' dir='ltr'><strong>¹⁰quo</strong></span> <span class='ocrx_word' id='word_1_94' title='bbox 1311 1740 1399 1803; x_wconf 89' lang='lat' dir='ltr'><strong>etiam</strong></span> <span class='ocrx_word' id='word_1_95' title='bbox 1423 1741 1479 1802; x_wconf 89' lang='lat' dir='ltr'><strong>mi·</strong></span> 
     </span>
     <span class='ocr_line' id='line_1_12' title="bbox 317 1842 1481 1922; baseline -0.003 -14"><span class='ocrx_word' id='word_1_96' title='bbox 317 1845 429 1908; x_wconf 88' lang='lat' dir='ltr'><strong>nistros</strong></span> <span class='ocrx_word' id='word_1_97' title='bbox 457 1842 523 1904; x_wconf 86' lang='lat' dir='ltr'><strong>iacti</strong></span> <span class='ocrx_word' id='word_1_98' title='bbox 551 1842 691 1921; x_wconf 89' lang='lat' dir='ltr'><strong>cuiusque</strong></span> <span class='ocrx_word' id='word_1_99' title='bbox 718 1842 870 1921; x_wconf 87' lang='lat' dir='ltr'><strong>deposcit,</strong></span> <span class='ocrx_word' id='word_1_100' title='bbox 903 1859 959 1903; x_wconf 89' lang='lat' dir='ltr'><strong>nec</strong></span> <span class='ocrx_word' id='word_1_101' title='bbox 986 1842 1138 1922; x_wconf 81' lang='lat' dir='ltr'><strong>¹⁷parcens</strong></span> <span class='ocrx_word' id='word_1_102' title='bbox 1167 1861 1222 1906; x_wconf 90' lang='lat' dir='ltr'><strong>nec</strong></span> <span class='ocrx_word' id='word_1_103' title='bbox 1249 1842 1383 1904; x_wconf 87' lang='lat' dir='ltr'><strong>inridens</strong></span> <span class='ocrx_word' id='word_1_104' title='bbox 1413 1843 1481 1914; x_wconf 88' lang='lat' dir='ltr'><strong>illis,</strong></span> 
     </span>
     <span class='ocr_line' id='line_1_13' title="bbox 318 1942 1485 2027; baseline -0.003 -19"><span class='ocrx_word' id='word_1_105' title='bbox 318 1944 475 2027; x_wconf 84' lang='lat' dir='ltr'><strong>quominus</strong></span> <span class='ocrx_word' id='word_1_106' title='bbox 507 1962 572 2006; x_wconf 90' lang='lat' dir='ltr'><strong>cum</strong></span> <span class='ocrx_word' id='word_1_107' title='bbox 605 1942 773 2005; x_wconf 91' lang='lat' dir='ltr'><strong>auctoribus</strong></span> <span class='ocrx_word' id='word_1_108' title='bbox 801 1951 852 2004; x_wconf 90' lang='lat' dir='ltr'><strong>ant</strong></span> <span class='ocrx_word' id='word_1_109' title='bbox 878 1961 991 2022; x_wconf 90' lang='lat' dir='ltr'><strong>poenae</strong></span> <span class='ocrx_word' id='word_1_110' title='bbox 1020 1954 1068 2006; x_wconf 94' lang='lat' dir='ltr'><strong>aut</strong></span> <span class='ocrx_word' id='word_1_111' title='bbox 1098 1945 1233 2023; x_wconf 76' lang='lat' dir='ltr'><strong>¹⁸gratiae</strong></span> <span class='ocrx_word' id='word_1_112' title='bbox 1265 1944 1485 2006; x_wconf 86' lang='lat' dir='ltr'><strong>communicent</strong></span> 
     </span>
     <span class='ocr_line' id='line_1_14' title="bbox 319 2047 517 2110; baseline -0.005 -1"><span class='ocrx_word' id='word_1_113' title='bbox 319 2047 481 2110; x_wconf 71' lang='lat' dir='ltr'><strong>¹&#39;fructum</strong></span> <span class='ocrx_word' id='word_1_114' title='bbox 513 2085 517 2094; x_wconf 71' lang='grc'><strong>»</strong></span> 
     </span>
     <span class='ocr_line' id='line_1_15' title="bbox 184 2127 1482 2226; baseline -0.002 -14"><span class='ocrx_word' id='word_1_115' title='bbox 184 2156 302 2217; x_wconf 74' lang='lat' dir='ltr'><strong>cur-ffl-</strong></span> <span class='ocrx_word' id='word_1_116' title='bbox 395 2127 462 2212; x_wconf 79' lang='lat' dir='ltr'><strong>&#39;sm</strong></span> <span class='ocrx_word' id='word_1_117' title='bbox 489 2165 554 2209; x_wconf 90' lang='lat' dir='ltr'><strong>eum</strong></span> <span class='ocrx_word' id='word_1_118' title='bbox 585 2146 739 2226; x_wconf 87' lang='lat' dir='ltr'><strong>imperium</strong></span> <span class='ocrx_word' id='word_1_119' title='bbox 768 2147 898 2219; x_wconf 88' lang='lat' dir='ltr'><strong>animae,</strong></span> <span class='ocrx_word' id='word_1_120' title='bbox 935 2146 1109 2226; x_wconf 88' lang='lat' dir='ltr'><strong>obsequium</strong></span> <span class='ocrx_word' id='word_1_121' title='bbox 1139 2148 1235 2208; x_wconf 87' lang='lat' dir='ltr'><strong>carni·</strong></span> <span class='ocrx_word' id='word_1_122' title='bbox 1264 2146 1482 2218; x_wconf 84' lang='lat' dir='ltr'><strong>distribuimus,</strong></span> 
     </span>
     <span class='ocr_line' id='line_1_16' title="bbox 318 2247 1488 2332; baseline -0.003 -19"><span class='ocrx_word' id='word_1_123' title='bbox 318 2249 559 2332; x_wconf 86' lang='lat' dir='ltr'><strong>prospiciendum</strong></span> <span class='ocrx_word' id='word_1_124' title='bbox 587 2256 633 2309; x_wconf 90' lang='lat' dir='ltr'><strong>est</strong></span> <span class='ocrx_word' id='word_1_125' title='bbox 661 2267 698 2309; x_wconf 92' lang='lat' dir='ltr'><strong>ne</strong></span> <span class='ocrx_word' id='word_1_126' title='bbox 726 2247 772 2309; x_wconf 93' lang='lat' dir='ltr'><strong>¹et</strong></span> <span class='ocrx_word' id='word_1_127' title='bbox 798 2248 857 2310; x_wconf 90' lang='lat' dir='ltr'><strong>boc</strong></span> <span class='ocrx_word' id='word_1_128' title='bbox 882 2248 936 2309; x_wconf 91' lang='lat' dir='ltr'><strong>alia</strong></span> <span class='ocrx_word' id='word_1_129' title='bbox 959 2250 1210 2326; x_wconf 82' lang='lat' dir='ltr'><strong>argumentatione</strong></span> <span class='ocrx_word' id='word_1_130' title='bbox 1232 2248 1422 2321; x_wconf 80' lang='lat' dir='ltr'><strong>subvertant,</strong></span> <span class='ocrx_word' id='word_1_131' title='bbox 1449 2261 1488 2310; x_wconf 87' lang='lat' dir='ltr'><strong>ut.</strong></span> 
     </span>
     <span class='ocr_line' id='line_1_17' title="bbox 319 2348 1481 2429; baseline -0.001 -16"><span class='ocrx_word' id='word_1_132' title='bbox 319 2353 407 2415; x_wconf 83' lang='lat' dir='ltr'><strong>velint</strong></span> <span class='ocrx_word' id='word_1_133' title='bbox 428 2369 545 2414; x_wconf 82' lang='lat' dir='ltr'><strong>carnem</strong></span> <span class='ocrx_word' id='word_1_134' title='bbox 567 2348 661 2411; x_wconf 90' lang='lat' dir='ltr'><strong>sicin</strong></span> <span class='ocrx_word' id='word_1_135' title='bbox 684 2350 780 2411; x_wconf 85' lang='lat' dir='ltr'><strong>officio</strong></span> <span class='ocrx_word' id='word_1_136' title='bbox 803 2350 916 2411; x_wconf 89' lang='lat' dir='ltr'><strong>animae</strong></span> <span class='ocrx_word' id='word_1_137' title='bbox 939 2349 1098 2422; x_wconf 85' lang='lat' dir='ltr'><strong>collocare,</strong></span> <span class='ocrx_word' id='word_1_138' title='bbox 1122 2368 1181 2411; x_wconf 92' lang='lat' dir='ltr'><strong>non</strong></span> <span class='ocrx_word' id='word_1_139' title='bbox 1203 2350 1286 2429; x_wconf 87' lang='lat' dir='ltr'><strong>quusi</strong></span> <span class='ocrx_word' id='word_1_140' title='bbox 1305 2349 1481 2423; x_wconf 86' lang='lat' dir='ltr'><strong>ministram,</strong></span> 
     </span>
     <span class='ocr_line' id='line_1_18' title="bbox 318 2441 1493 2529; baseline -0.003 -12"><span class='ocrx_word' id='word_1_141' title='bbox 318 2472 356 2517; x_wconf 90' lang='lat' dir='ltr'><strong>ne</strong></span> <span class='ocrx_word' id='word_1_142' title='bbox 376 2441 429 2515; x_wconf 75' lang='lat' dir='ltr'><strong>&#39;ex</strong></span> <span class='ocrx_word' id='word_1_143' title='bbox 453 2453 510 2513; x_wconf 85' lang='lat' dir='ltr'><strong>boc</strong></span> <span class='ocrx_word' id='word_1_144' title='bbox 531 2452 641 2512; x_wconf 89' lang='lat' dir='ltr'><strong>sociam</strong></span> <span class='ocrx_word' id='word_1_145' title='bbox 663 2461 802 2529; x_wconf 79' lang='lat' dir='ltr'><strong>cogentur</strong></span> <span class='ocrx_word' id='word_1_146' title='bbox 824 2469 995 2529; x_wconf 86' lang='lat' dir='ltr'><strong>agnoscere.</strong></span> <span class='ocrx_word' id='word_1_147' title='bbox 1049 2451 1153 2512; x_wconf 86' lang='lat' dir='ltr'><strong>Dicent</strong></span> <span class='ocrx_word' id='word_1_148' title='bbox 1174 2451 1251 2513; x_wconf 91' lang='lat' dir='ltr'><strong>enim</strong></span> <span class='ocrx_word' id='word_1_149' title='bbox 1274 2451 1432 2514; x_wconf 88' lang='lat' dir='ltr'><strong>ministros</strong></span> <span class='ocrx_word' id='word_1_150' title='bbox 1455 2463 1493 2515; x_wconf 89' lang='lat' dir='ltr'><strong>et</strong></span> 
     </span>
     <span class='ocr_line' id='line_1_19' title="bbox 319 2552 1485 2633; baseline 0 -17"><span class='ocrx_word' id='word_1_151' title='bbox 319 2555 419 2616; x_wconf 89' lang='lat' dir='ltr'><strong>socios</strong></span> <span class='ocrx_word' id='word_1_152' title='bbox 442 2554 550 2614; x_wconf 87' lang='lat' dir='ltr'><strong>babere</strong></span> <span class='ocrx_word' id='word_1_153' title='bbox 578 2552 730 2613; x_wconf 88' lang='lat' dir='ltr'><strong>arbitrium</strong></span> <span class='ocrx_word' id='word_1_154' title='bbox 759 2552 944 2613; x_wconf 86' lang='lat' dir='ltr'><strong>ministrandi</strong></span> <span class='ocrx_word' id='word_1_155' title='bbox 973 2561 1058 2631; x_wconf 89' lang='lat' dir='ltr'><strong>atque</strong></span> <span class='ocrx_word' id='word_1_156' title='bbox 1086 2552 1218 2614; x_wconf 88' lang='lat' dir='ltr'><strong>sociandi</strong></span> <span class='ocrx_word' id='word_1_157' title='bbox 1246 2562 1276 2614; x_wconf 92' lang='lat' dir='ltr'><strong>et</strong></span> <span class='ocrx_word' id='word_1_158' title='bbox 1303 2562 1485 2633; x_wconf 86' lang='lat' dir='ltr'><strong>potestatem</strong></span> 
     </span>
     <span class='ocr_line' id='line_1_20' title="bbox 320 2652 1489 2733; baseline 0.001 -16"><span class='ocrx_word' id='word_1_159' title='bbox 320 2673 392 2717; x_wconf 89' lang='lat' dir='ltr'><strong>suae</strong></span> <span class='ocrx_word' id='word_1_160' title='bbox 414 2652 571 2714; x_wconf 81' lang='lat' dir='ltr'><strong>voluntatis</strong></span> <span class='ocrx_word' id='word_1_161' title='bbox 594 2653 624 2713; x_wconf 95' lang='lat' dir='ltr'><strong>in</strong></span> <span class='ocrx_word' id='word_1_162' title='bbox 646 2661 817 2730; x_wconf 89' lang='lat' dir='ltr'><strong>utrumque,</strong></span> <span class='ocrx_word' id='word_1_163' title='bbox 840 2654 976 2715; x_wconf 89' lang='lat' dir='ltr'><strong>homiues</strong></span> <span class='ocrx_word' id='word_1_164' title='bbox 993 2653 1104 2715; x_wconf 91' lang='lat' dir='ltr'><strong>scilicet</strong></span> <span class='ocrx_word' id='word_1_165' title='bbox 1124 2663 1154 2713; x_wconf 90' lang='lat' dir='ltr'><strong>et</strong></span> <span class='ocrx_word' id='word_1_166' title='bbox 1168 2653 1267 2733; x_wconf 83' lang='lat' dir='ltr'><strong>ipsos;</strong></span> <span class='ocrx_word' id='word_1_167' title='bbox 1290 2654 1400 2718; x_wconf 89' lang='lat' dir='ltr'><strong>idcirco</strong></span> <span class='ocrx_word' id='word_1_168' title='bbox 1417 2676 1489 2718; x_wconf 83' lang='lat' dir='ltr'><strong>cum</strong></span> 
     </span>
     <span class='ocr_line' id='line_1_21' title="bbox 319 2752 1491 2835; baseline 0.002 -17"><span class='ocrx_word' id='word_1_169' title='bbox 319 2754 489 2819; x_wconf 85' lang='lat' dir='ltr'><strong>auctoribus</strong></span> <span class='ocrx_word' id='word_1_170' title='bbox 510 2752 630 2814; x_wconf 83' lang='lat' dir='ltr'><strong>³merita</strong></span> <span class='ocrx_word' id='word_1_171' title='bbox 652 2754 884 2826; x_wconf 80' lang='lat' dir='ltr'><strong>communicare,</strong></span> <span class='ocrx_word' id='word_1_172' title='bbox 907 2754 1015 2833; x_wconf 90' lang='lat' dir='ltr'><strong>quibus</strong></span> <span class='ocrx_word' id='word_1_173' title='bbox 1038 2774 1156 2834; x_wconf 89' lang='lat' dir='ltr'><strong>operam</strong></span> <span class='ocrx_word' id='word_1_174' title='bbox 1173 2765 1281 2835; x_wconf 88' lang='lat' dir='ltr'><strong>sponte</strong></span> <span class='ocrx_word' id='word_1_175' title='bbox 1296 2757 1491 2819; x_wconf 79' lang='lat' dir='ltr'><strong>⁴aocommo-</strong></span> 
     </span>
     <span class='ocr_line' id='line_1_22' title="bbox 233 2851 1493 2939; baseline 0.003 -19"><span class='ocrx_word' id='word_1_176' title='bbox 233 2851 237 2856; x_wconf 73' lang='grc'><strong>’</strong></span> <span class='ocrx_word' id='word_1_177' title='bbox 320 2858 405 2920; x_wconf 88' lang='lat' dir='ltr'><strong>dant:</strong></span> <span class='ocrx_word' id='word_1_178' title='bbox 433 2872 550 2917; x_wconf 85' lang='lat' dir='ltr'><strong>comem</strong></span> <span class='ocrx_word' id='word_1_179' title='bbox 572 2864 668 2915; x_wconf 90' lang='lat' dir='ltr'><strong>autem</strong></span> <span class='ocrx_word' id='word_1_180' title='bbox 691 2853 764 2914; x_wconf 90' lang='lat' dir='ltr'><strong>nibil</strong></span> <span class='ocrx_word' id='word_1_181' title='bbox 787 2856 967 2935; x_wconf 88' lang='lat' dir='ltr'><strong>sapientem,</strong></span> <span class='ocrx_word' id='word_1_182' title='bbox 995 2857 1067 2919; x_wconf 87' lang='lat' dir='ltr'><strong>nibil</strong></span> <span class='ocrx_word' id='word_1_183' title='bbox 1097 2858 1272 2920; x_wconf 85' lang='lat' dir='ltr'><strong>sentientem</strong></span> <span class='ocrx_word' id='word_1_184' title='bbox 1294 2877 1349 2939; x_wconf 90' lang='lat' dir='ltr'><strong>per</strong></span> <span class='ocrx_word' id='word_1_185' title='bbox 1371 2871 1493 2924; x_wconf 81' lang='lat' dir='ltr'><strong>semet-</strong></span> 
     </span>
     <span class='ocr_line' id='line_1_23' title="bbox 316 2955 1489 3041; baseline 0.002 -20"><span class='ocrx_word' id='word_1_186' title='bbox 316 2959 431 3038; x_wconf 89' lang='lat' dir='ltr'><strong>ipsam,</strong></span> <span class='ocrx_word' id='word_1_187' title='bbox 454 2975 513 3018; x_wconf 92' lang='lat' dir='ltr'><strong>non</strong></span> <span class='ocrx_word' id='word_1_188' title='bbox 535 2955 624 3027; x_wconf 85' lang='lat' dir='ltr'><strong>velle,</strong></span> <span class='ocrx_word' id='word_1_189' title='bbox 652 2973 713 3015; x_wconf 93' lang='lat' dir='ltr'><strong>non</strong></span> <span class='ocrx_word' id='word_1_190' title='bbox 735 2956 814 3017; x_wconf 91' lang='lat' dir='ltr'><strong>nolle</strong></span> <span class='ocrx_word' id='word_1_191' title='bbox 836 2957 873 3018; x_wconf 92' lang='lat' dir='ltr'><strong>de</strong></span> <span class='ocrx_word' id='word_1_192' title='bbox 894 2977 949 3018; x_wconf 88' lang='lat' dir='ltr'><strong>suo</strong></span> <span class='ocrx_word' id='word_1_193' title='bbox 972 2959 1126 3020; x_wconf 86' lang='lat' dir='ltr'><strong>habentem</strong></span> <span class='ocrx_word' id='word_1_194' title='bbox 1149 2960 1229 3022; x_wconf 65' lang='grc' dir='ltr'><strong>5νίειε</strong></span> <span class='ocrx_word' id='word_1_195' title='bbox 1250 2961 1349 3041; x_wconf 88' lang='lat' dir='ltr'><strong>potius</strong></span> <span class='ocrx_word' id='word_1_196' title='bbox 1373 2964 1489 3027; x_wconf 86' lang='lat' dir='ltr'><strong>vasculi</strong></span> 
     </span>
     <span class='ocr_line' id='line_1_24' title="bbox 321 3057 1491 3146; baseline 0.004 -26"><span class='ocrx_word' id='word_1_197' title='bbox 321 3077 462 3141; x_wconf 88' lang='lat' dir='ltr'><strong>apparere</strong></span> <span class='ocrx_word' id='word_1_198' title='bbox 489 3057 619 3130; x_wconf 80' lang='lat' dir='ltr'><strong>animae,</strong></span> <span class='ocrx_word' id='word_1_199' title='bbox 652 3065 686 3118; x_wconf 92' lang='lat' dir='ltr'><strong>ut</strong></span> <span class='ocrx_word' id='word_1_200' title='bbox 712 3057 961 3133; x_wconf 84' lang='lat' dir='ltr'><strong>instrumentum,</strong></span> <span class='ocrx_word' id='word_1_201' title='bbox 994 3079 1054 3120; x_wconf 92' lang='lat' dir='ltr'><strong>non</strong></span> <span class='ocrx_word' id='word_1_202' title='bbox 1077 3070 1110 3122; x_wconf 95' lang='lat' dir='ltr'><strong>ut</strong></span> <span class='ocrx_word' id='word_1_203' title='bbox 1131 3061 1337 3124; x_wconf 88' lang='lat' dir='ltr'><strong>ministerium.</strong></span> <span class='ocrx_word' id='word_1_204' title='bbox 1382 3064 1491 3146; x_wconf 86' lang='lat' dir='ltr'><strong>ltaque</strong></span> 
     </span>
     <span class='ocr_line' id='line_1_25' title="bbox 321 3144 1486 3241; baseline 0.003 -16"><span class='ocrx_word' id='word_1_205' title='bbox 321 3161 454 3226; x_wconf 70' lang='lat' dir='ltr'><strong>animael’</strong></span> <span class='ocrx_word' id='word_1_206' title='bbox 473 3144 565 3222; x_wconf 81' lang='lat' dir='ltr'><strong>solius&#39;</strong></span> <span class='ocrx_word' id='word_1_207' title='bbox 586 3158 724 3221; x_wconf 90' lang='lat' dir='ltr'><strong>iudicium</strong></span> <span class='ocrx_word' id='word_1_208' title='bbox 746 3160 933 3238; x_wconf 83' lang='lat' dir='ltr'><strong>praesidere,</strong></span> <span class='ocrx_word' id='word_1_209' title='bbox 956 3162 1082 3241; x_wconf 90' lang='lat' dir='ltr'><strong>qualiter</strong></span> <span class='ocrx_word' id='word_1_210' title='bbox 1102 3183 1156 3237; x_wconf 87' lang='lat' dir='ltr'><strong>usa</strong></span> <span class='ocrx_word' id='word_1_211' title='bbox 1179 3165 1219 3224; x_wconf 92' lang='lat' dir='ltr'><strong>sit</strong></span> <span class='ocrx_word' id='word_1_212' title='bbox 1239 3163 1359 3226; x_wconf 82' lang='lat' dir='ltr'><strong>vasculo</strong></span> <span class='ocrx_word' id='word_1_213' title='bbox 1374 3167 1486 3238; x_wconf 85' lang='lat' dir='ltr'><strong>carnis,</strong></span> 
     </span>
     <span class='ocr_line' id='line_1_26' title="bbox 320 3262 1484 3345; baseline 0.005 -20"><span class='ocrx_word' id='word_1_214' title='bbox 320 3263 470 3327; x_wconf 79' lang='lat' dir='ltr'><strong>rascurlum</strong></span> <span class='ocrx_word' id='word_1_215' title='bbox 491 3280 561 3325; x_wconf 88' lang='lat' dir='ltr'><strong>rero</strong></span> <span class='ocrx_word' id='word_1_216' title='bbox 583 3262 680 3343; x_wconf 90' lang='lat' dir='ltr'><strong>ipsum</strong></span> <span class='ocrx_word' id='word_1_217' title='bbox 702 3280 763 3322; x_wconf 93' lang='lat' dir='ltr'><strong>non</strong></span> <span class='ocrx_word' id='word_1_218' title='bbox 785 3281 854 3325; x_wconf 89' lang='lat' dir='ltr'><strong>esse</strong></span> <span class='ocrx_word' id='word_1_219' title='bbox 877 3264 1040 3325; x_wconf 86' lang='lat' dir='ltr'><strong>sententiae</strong></span> <span class='ocrx_word' id='word_1_220' title='bbox 1063 3265 1239 3340; x_wconf 84' lang='lat' dir='ltr'><strong>obnoxium,</strong></span> <span class='ocrx_word' id='word_1_221' title='bbox 1265 3267 1332 3345; x_wconf 86' lang='lat' dir='ltr'><strong>quio</strong></span> <span class='ocrx_word' id='word_1_222' title='bbox 1355 3285 1414 3330; x_wconf 88' lang='lat' dir='ltr'><strong>nec</strong></span> <span class='ocrx_word' id='word_1_223' title='bbox 1434 3286 1484 3330; x_wconf 87' lang='lat' dir='ltr'><strong>ca·</strong></span> 
     </span>
     <span class='ocr_line' id='line_1_27' title="bbox 320 3363 1482 3446; baseline 0.001 -15"><span class='ocrx_word' id='word_1_224' title='bbox 320 3367 407 3431; x_wconf 84' lang='lat' dir='ltr'><strong>licem</strong></span> <span class='ocrx_word' id='word_1_225' title='bbox 428 3363 592 3439; x_wconf 72' lang='lat' dir='ltr'><strong>“damnari,</strong></span> <span class='ocrx_word' id='word_1_226' title='bbox 626 3363 652 3427; x_wconf 92' lang='lat' dir='ltr'><strong>si</strong></span> <span class='ocrx_word' id='word_1_227' title='bbox 674 3363 741 3443; x_wconf 87' lang='lat' dir='ltr'><strong>quis</strong></span> <span class='ocrx_word' id='word_1_228' title='bbox 763 3383 830 3426; x_wconf 89' lang='lat' dir='ltr'><strong>eum</strong></span> <span class='ocrx_word' id='word_1_229' title='bbox 852 3383 964 3426; x_wconf 82' lang='lat' dir='ltr'><strong>veneno</strong></span> <span class='ocrx_word' id='word_1_230' title='bbox 986 3366 1191 3444; x_wconf 55' lang='lat' dir='ltr'><strong>&#39;temperarit</strong></span> <span class='ocrx_word' id='word_1_231' title='bbox 1221 3384 1277 3428; x_wconf 87' lang='lat' dir='ltr'><strong>nec</strong></span> <span class='ocrx_word' id='word_1_232' title='bbox 1297 3367 1429 3446; x_wconf 80' lang='lat' dir='ltr'><strong>gladium</strong></span> <span class='ocrx_word' id='word_1_233' title='bbox 1448 3368 1482 3431; x_wconf 86' lang='lat' dir='ltr'><strong>ad</strong></span> 
     </span>
     <span class='ocr_line' id='line_1_28' title="bbox 320 3465 1479 3548; baseline 0.003 -17"><span class='ocrx_word' id='word_1_234' title='bbox 320 3469 433 3533; x_wconf 86' lang='lat' dir='ltr'><strong>bestius</strong></span> <span class='ocrx_word' id='word_1_235' title='bbox 454 3466 672 3548; x_wconf 74' lang='lat' dir='ltr'><strong>‘pronuntiari,</strong></span> <span class='ocrx_word' id='word_1_236' title='bbox 702 3465 727 3528; x_wconf 91' lang='lat' dir='ltr'><strong>si</strong></span> <span class='ocrx_word' id='word_1_237' title='bbox 755 3465 822 3546; x_wconf 93' lang='lat' dir='ltr'><strong>quis</strong></span> <span class='ocrx_word' id='word_1_238' title='bbox 851 3485 886 3528; x_wconf 94' lang='lat' dir='ltr'><strong>eo</strong></span> <span class='ocrx_word' id='word_1_239' title='bbox 915 3467 1098 3529; x_wconf 86' lang='lat' dir='ltr'><strong>latrocinium</strong></span> <span class='ocrx_word' id='word_1_240' title='bbox 1120 3468 1208 3529; x_wconf 87' lang='lat' dir='ltr'><strong>luerit</strong></span> <span class='ocrx_word' id='word_1_241' title='bbox 1229 3478 1381 3547; x_wconf 80' lang='lat' dir='ltr'><strong>operatus.</strong></span> <span class='ocrx_word' id='word_1_242' title='bbox 1424 3472 1479 3534; x_wconf 84' lang='lat' dir='ltr'><strong>lem</strong></span> 
     </span>
     <span class='ocr_line' id='line_1_29' title="bbox 322 3566 1480 3654; baseline -0.002 -21"><span class='ocrx_word' id='word_1_243' title='bbox 322 3589 393 3650; x_wconf 93' lang='lat' dir='ltr'><strong>ergo</strong></span> <span class='ocrx_word' id='word_1_244' title='bbox 415 3570 557 3633; x_wconf 90' lang='lat' dir='ltr'><strong>innocens</strong></span> <span class='ocrx_word' id='word_1_245' title='bbox 579 3587 647 3631; x_wconf 91' lang='lat' dir='ltr'><strong>caro</strong></span> <span class='ocrx_word' id='word_1_246' title='bbox 670 3586 705 3630; x_wconf 83' lang='lat' dir='ltr'><strong>ex</strong></span> <span class='ocrx_word' id='word_1_247' title='bbox 725 3566 777 3629; x_wconf 72' lang='lat' dir='ltr'><strong>”ea</strong></span> <span class='ocrx_word' id='word_1_248' title='bbox 805 3576 888 3646; x_wconf 87' lang='lat' dir='ltr'><strong>parte</strong></span> <span class='ocrx_word' id='word_1_249' title='bbox 909 3570 971 3648; x_wconf 68' lang='lat' dir='ltr'><strong>fqua</strong></span> <span class='ocrx_word' id='word_1_250' title='bbox 994 3588 1062 3645; x_wconf 60' lang='lat' dir='ltr'><strong>non,</strong></span> <span class='ocrx_word' id='word_1_251' title='bbox 1076 3569 1290 3649; x_wconf 88' lang='lat' dir='ltr'><strong>reputabuntur</strong></span> <span class='ocrx_word' id='word_1_252' title='bbox 1311 3569 1355 3632; x_wconf 86' lang='lat' dir='ltr'><strong>illi</strong></span> <span class='ocrx_word' id='word_1_253' title='bbox 1377 3589 1480 3654; x_wconf 79' lang='lat' dir='ltr'><strong>operae</strong></span> 
     </span>
     <span class='ocr_line' id='line_1_30' title="bbox 322 3669 1482 3751; baseline 0.001 -17"><span class='ocrx_word' id='word_1_254' title='bbox 322 3672 429 3746; x_wconf 86' lang='lat' dir='ltr'><strong>melae,</strong></span> <span class='ocrx_word' id='word_1_255' title='bbox 454 3680 483 3733; x_wconf 89' lang='lat' dir='ltr'><strong>et</strong></span> <span class='ocrx_word' id='word_1_256' title='bbox 504 3670 576 3732; x_wconf 91' lang='lat' dir='ltr'><strong>nibil</strong></span> <span class='ocrx_word' id='word_1_257' title='bbox 598 3669 736 3751; x_wconf 91' lang='lat' dir='ltr'><strong>probibet</strong></span> <span class='ocrx_word' id='word_1_258' title='bbox 757 3669 941 3731; x_wconf 88' lang='lat' dir='ltr'><strong>innocentiae</strong></span> <span class='ocrx_word' id='word_1_259' title='bbox 956 3670 1076 3731; x_wconf 88' lang='lat' dir='ltr'><strong>nomine</strong></span> <span class='ocrx_word' id='word_1_260' title='bbox 1091 3670 1199 3732; x_wconf 82' lang='lat' dir='ltr'><strong>salvam</strong></span> <span class='ocrx_word' id='word_1_261' title='bbox 1216 3689 1280 3732; x_wconf 87' lang='lat' dir='ltr'><strong>eum</strong></span> <span class='ocrx_word' id='word_1_262' title='bbox 1295 3671 1372 3734; x_wconf 89' lang='lat' dir='ltr'><strong>lieri.</strong></span> <span class='ocrx_word' id='word_1_263' title='bbox 1403 3672 1482 3735; x_wconf 81' lang='lat' dir='ltr'><strong>Licet</strong></span> 
     </span>
     <span class='ocr_line' id='line_1_31' title="bbox 323 3771 1480 3851; baseline 0.001 -16"><span class='ocrx_word' id='word_1_264' title='bbox 323 3774 400 3835; x_wconf 90' lang='lat' dir='ltr'><strong>enim</strong></span> <span class='ocrx_word' id='word_1_265' title='bbox 422 3791 478 3834; x_wconf 88' lang='lat' dir='ltr'><strong>noc</strong></span> <span class='ocrx_word' id='word_1_266' title='bbox 499 3771 600 3832; x_wconf 86' lang='lat' dir='ltr'><strong>¹⁰bona</strong></span> <span class='ocrx_word' id='word_1_267' title='bbox 623 3789 712 3851; x_wconf 87' lang='lat' dir='ltr'><strong>opera</strong></span> <span class='ocrx_word' id='word_1_268' title='bbox 728 3771 927 3851; x_wconf 86' lang='lat' dir='ltr'><strong>¹¹reputentur</strong></span> <span class='ocrx_word' id='word_1_269' title='bbox 942 3771 992 3844; x_wconf 89' lang='lat' dir='ltr'><strong>illi,</strong></span> <span class='ocrx_word' id='word_1_270' title='bbox 1016 3771 1119 3833; x_wconf 83' lang='lat' dir='ltr'><strong>¹²siout</strong></span> <span class='ocrx_word' id='word_1_271' title='bbox 1136 3792 1191 3833; x_wconf 88' lang='lat' dir='ltr'><strong>neo</strong></span> <span class='ocrx_word' id='word_1_272' title='bbox 1207 3771 1318 3846; x_wconf 74' lang='lat' dir='ltr'><strong>¹³mnla,</strong></span> <span class='ocrx_word' id='word_1_273' title='bbox 1345 3774 1480 3836; x_wconf 70' lang='lat' dir='ltr'><strong>&#39;&#39;divinoe</strong></span> 
     </span>
     <span class='ocr_line' id='line_1_32' title="bbox 323 3871 1484 3952; baseline 0.003 -17"><span class='ocrx_word' id='word_1_274' title='bbox 323 3883 419 3935; x_wconf 75' lang='lat' dir='ltr'><strong>mmeu</strong></span> <span class='ocrx_word' id='word_1_275' title='bbox 441 3872 613 3951; x_wconf 79' lang='lat' dir='ltr'><strong>benignitati</strong></span> <span class='ocrx_word' id='word_1_276' title='bbox 635 3871 728 3951; x_wconf 87' lang='lat' dir='ltr'><strong>nragis</strong></span> <span class='ocrx_word' id='word_1_277' title='bbox 751 3872 891 3952; x_wconf 88' lang='lat' dir='ltr'><strong>competit</strong></span> <span class='ocrx_word' id='word_1_278' title='bbox 918 3873 1091 3935; x_wconf 87' lang='lat' dir='ltr'><strong>innocentes</strong></span> <span class='ocrx_word' id='word_1_279' title='bbox 1114 3873 1249 3935; x_wconf 89' lang='lat' dir='ltr'><strong>liberare.</strong></span> <span class='ocrx_word' id='word_1_280' title='bbox 1292 3874 1484 3944; x_wconf 60' lang='lat' dir='ltr'><strong>,eueneocus</strong></span> 
     </span>
    </p>
   </div>
   <div class='ocr_carea' id='block_1_3' title="bbox 323 4025 1490 4701">
    <p class='ocr_par' dir='ltr' id='par_1_3' title="bbox 326 4025 1482 4091">
     <span class='ocr_line' id='line_1_33' title="bbox 326 4025 1482 4091; baseline 0.003 -15"><span class='ocrx_word' id='word_1_281' title='bbox 326 4027 364 4077; x_wconf 84' lang='lat' dir='ltr'><strong>lb.</strong></span> <span class='ocrx_word' id='word_1_282' title='bbox 384 4034 420 4077; x_wconf 86' lang='lat' dir='ltr'><strong>ert</strong></span> <span class='ocrx_word' id='word_1_283' title='bbox 438 4027 515 4076; x_wconf 78' lang='lat' dir='ltr'><strong>enimi</strong></span> <span class='ocrx_word' id='word_1_284' title='bbox 533 4026 576 4077; x_wconf 78' lang='grc' dir='ltr'><strong>ΑΒ.</strong></span> <span class='ocrx_word' id='word_1_285' title='bbox 626 4025 664 4077; x_wconf 84' lang='grc'><strong>16.</strong></span> <span class='ocrx_word' id='word_1_286' title='bbox 685 4027 749 4091; x_wconf 90' lang='lat' dir='ltr'><strong>quod</strong></span> <span class='ocrx_word' id='word_1_287' title='bbox 767 4030 789 4077; x_wconf 83' lang='lat' dir='ltr'><strong>t.</strong></span> <span class='ocrx_word' id='word_1_288' title='bbox 840 4027 878 4076; x_wconf 87' lang='lat' dir='ltr'><strong>l&#39;l.</strong></span> <span class='ocrx_word' id='word_1_289' title='bbox 898 4041 984 4090; x_wconf 82' lang='lat' dir='ltr'><strong>parens</strong></span> <span class='ocrx_word' id='word_1_290' title='bbox 1004 4028 1027 4076; x_wconf 87' lang='lat' dir='ltr'><strong>B.</strong></span> <span class='ocrx_word' id='word_1_291' title='bbox 1073 4028 1110 4078; x_wconf 86' lang='grc'><strong>18.</strong></span> <span class='ocrx_word' id='word_1_292' title='bbox 1130 4029 1202 4089; x_wconf 86' lang='lat' dir='ltr'><strong>gratis</strong></span> <span class='ocrx_word' id='word_1_293' title='bbox 1220 4029 1246 4078; x_wconf 82' lang='lat' dir='ltr'><strong>B.</strong></span> <span class='ocrx_word' id='word_1_294' title='bbox 1291 4029 1331 4079; x_wconf 82' lang='grc'><strong>111.</strong></span> <span class='ocrx_word' id='word_1_295' title='bbox 1351 4032 1482 4081; x_wconf 66' lang='lat' dir='ltr'><strong>[munel.</strong></span> 
     </span>
    </p>

    <p class='ocr_par' dir='ltr' id='par_1_4' title="bbox 323 4094 1490 4701">
     <span class='ocr_line' id='line_1_34' title="bbox 390 4094 1484 4163; baseline 0.003 -18"><span class='ocrx_word' id='word_1_296' title='bbox 390 4096 449 4158; x_wconf 81' lang='lat' dir='ltr'><strong>Cep.</strong></span> <span class='ocrx_word' id='word_1_297' title='bbox 467 4094 522 4144; x_wconf 82' lang='grc'><strong>11111.</strong></span> <span class='ocrx_word' id='word_1_298' title='bbox 559 4095 580 4143; x_wconf 94' lang='grc'><strong>1.</strong></span> <span class='ocrx_word' id='word_1_299' title='bbox 600 4110 629 4144; x_wconf 87' lang='lat' dir='ltr'><strong>ne</strong></span> <span class='ocrx_word' id='word_1_300' title='bbox 647 4103 670 4144; x_wconf 88' lang='lat' dir='ltr'><strong>et</strong></span> <span class='ocrx_word' id='word_1_301' title='bbox 688 4096 734 4144; x_wconf 91' lang='lat' dir='ltr'><strong>boc</strong></span> <span class='ocrx_word' id='word_1_302' title='bbox 751 4096 786 4145; x_wconf 83' lang='lat' dir='ltr'><strong>cd.</strong></span> <span class='ocrx_word' id='word_1_303' title='bbox 804 4096 969 4147; x_wconf 82' lang='lat' dir='ltr'><strong>trerl&#39;otr&#39;coru&#39;.</strong></span> <span class='ocrx_word' id='word_1_304' title='bbox 1006 4110 1034 4144; x_wconf 90' lang='lat' dir='ltr'><strong>ne</strong></span> <span class='ocrx_word' id='word_1_305' title='bbox 1053 4110 1080 4145; x_wconf 84' lang='lat' dir='ltr'><strong>ex</strong></span> <span class='ocrx_word' id='word_1_306' title='bbox 1098 4097 1183 4145; x_wconf 83' lang='lat' dir='ltr'><strong>bocB.</strong></span> <span class='ocrx_word' id='word_1_307' title='bbox 1218 4098 1376 4148; x_wconf 80' lang='lat' dir='ltr'><strong>necterboc</strong></span> <span class='ocrx_word' id='word_1_308' title='bbox 1391 4098 1484 4163; x_wconf 70' lang='lat' dir='ltr'><strong>rdiqui</strong></span> 
     </span>
     <span class='ocr_line' id='line_1_35' title="bbox 323 4160 1483 4227; baseline 0.003 -15"><span class='ocrx_word' id='word_1_309' title='bbox 323 4160 348 4212; x_wconf 82' lang='lat'><strong>2.</strong></span> <span class='ocrx_word' id='word_1_310' title='bbox 366 4177 394 4211; x_wconf 80' lang='lat' dir='ltr'><strong>ex</strong></span> <span class='ocrx_word' id='word_1_311' title='bbox 411 4163 457 4213; x_wconf 90' lang='lat' dir='ltr'><strong>boc</strong></span> <span class='ocrx_word' id='word_1_312' title='bbox 474 4164 519 4224; x_wconf 79' lang='lat' dir='ltr'><strong>cd,</strong></span> <span class='ocrx_word' id='word_1_313' title='bbox 538 4178 568 4212; x_wconf 75' lang='lat' dir='ltr'><strong>ea</strong></span> <span class='ocrx_word' id='word_1_314' title='bbox 584 4165 662 4214; x_wconf 84' lang='lat' dir='ltr'><strong>codice</strong></span> <span class='ocrx_word' id='word_1_315' title='bbox 680 4162 849 4213; x_wconf 70' lang='lat' dir='ltr'><strong>inclementis.</strong></span> <span class='ocrx_word' id='word_1_316' title='bbox 885 4171 908 4213; x_wconf 87' lang='lat' dir='ltr'><strong>et</strong></span> <span class='ocrx_word' id='word_1_317' title='bbox 925 4165 1017 4227; x_wconf 83' lang='lat' dir='ltr'><strong>reliqui.</strong></span> <span class='ocrx_word' id='word_1_318' title='bbox 1069 4162 1091 4213; x_wconf 82' lang='lat'><strong>3.</strong></span> <span class='ocrx_word' id='word_1_319' title='bbox 1112 4165 1195 4212; x_wconf 84' lang='lat' dir='ltr'><strong>merito</strong></span> <span class='ocrx_word' id='word_1_320' title='bbox 1213 4165 1256 4214; x_wconf 80' lang='grc' dir='ltr'><strong>ΑΒ.</strong></span> <span class='ocrx_word' id='word_1_321' title='bbox 1302 4165 1327 4215; x_wconf 78' lang='lat' dir='ltr'><strong>d.</strong></span> <span class='ocrx_word' id='word_1_322' title='bbox 1346 4179 1483 4217; x_wconf 79' lang='lat' dir='ltr'><strong>accommo-</strong></span> 
     </span>
     <span class='ocr_line' id='line_1_36' title="bbox 324 4230 1484 4284; baseline 0.003 -6"><span class='ocrx_word' id='word_1_323' title='bbox 324 4230 402 4279; x_wconf 85' lang='lat' dir='ltr'><strong>darint</strong></span> <span class='ocrx_word' id='word_1_324' title='bbox 418 4230 492 4281; x_wconf 77' lang='lat' dir='ltr'><strong>Atta.</strong></span> <span class='ocrx_word' id='word_1_325' title='bbox 544 4231 567 4280; x_wconf 81' lang='lat'><strong>5.</strong></span> <span class='ocrx_word' id='word_1_326' title='bbox 587 4233 637 4280; x_wconf 87' lang='lat' dir='ltr'><strong>iure</strong></span> <span class='ocrx_word' id='word_1_327' title='bbox 656 4231 680 4279; x_wconf 85' lang='lat' dir='ltr'><strong>B.</strong></span> <span class='ocrx_word' id='word_1_328' title='bbox 737 4230 761 4281; x_wconf 83' lang='grc'><strong>6.</strong></span> <span class='ocrx_word' id='word_1_329' title='bbox 779 4231 887 4280; x_wconf 81' lang='lat' dir='ltr'><strong>damnari</strong></span> <span class='ocrx_word' id='word_1_330' title='bbox 912 4232 1017 4281; x_wconf 76' lang='lat' dir='ltr'><strong>Accam.</strong></span> <span class='ocrx_word' id='word_1_331' title='bbox 1035 4238 1079 4281; x_wconf 77' lang='lat' dir='ltr'><strong>tres</strong></span> <span class='ocrx_word' id='word_1_332' title='bbox 1102 4233 1210 4282; x_wconf 80' lang='lat' dir='ltr'><strong>l&#39;oticonl.</strong></span> <span class='ocrx_word' id='word_1_333' title='bbox 1252 4233 1375 4283; x_wconf 74' lang='lat' dir='ltr'><strong>damnaris</strong></span> <span class='ocrx_word' id='word_1_334' title='bbox 1394 4236 1417 4284; x_wconf 84' lang='lat' dir='ltr'><strong>t.</strong></span> <span class='ocrx_word' id='word_1_335' title='bbox 1459 4233 1484 4282; x_wconf 87' lang='grc'><strong>1.</strong></span> 
     </span>
     <span class='ocr_line' id='line_1_37' title="bbox 324 4298 1486 4363; baseline 0.004 -17"><span class='ocrx_word' id='word_1_336' title='bbox 324 4299 490 4362; x_wconf 85' lang='lat' dir='ltr'><strong>tempcrrrerit</strong></span> <span class='ocrx_word' id='word_1_337' title='bbox 506 4302 531 4350; x_wconf 76' lang='grc' dir='ltr'><strong>Α.</strong></span> <span class='ocrx_word' id='word_1_338' title='bbox 590 4299 614 4349; x_wconf 86' lang='grc'><strong>8.</strong></span> <span class='ocrx_word' id='word_1_339' title='bbox 639 4298 788 4361; x_wconf 87' lang='lat' dir='ltr'><strong>pronuntiari</strong></span> <span class='ocrx_word' id='word_1_340' title='bbox 805 4299 911 4350; x_wconf 79' lang='lat' dir='ltr'><strong>Allt&#39;ocd.</strong></span> <span class='ocrx_word' id='word_1_341' title='bbox 935 4307 980 4349; x_wconf 75' lang='lat' dir='ltr'><strong>trec</strong></span> <span class='ocrx_word' id='word_1_342' title='bbox 1001 4300 1110 4350; x_wconf 80' lang='lat' dir='ltr'><strong>Vaticani.</strong></span> <span class='ocrx_word' id='word_1_343' title='bbox 1152 4302 1314 4363; x_wconf 81' lang='lat' dir='ltr'><strong>pronuntieris</strong></span> <span class='ocrx_word' id='word_1_344' title='bbox 1333 4304 1355 4353; x_wconf 84' lang='lat' dir='ltr'><strong>t.</strong></span> <span class='ocrx_word' id='word_1_345' title='bbox 1408 4301 1433 4353; x_wconf 79' lang='grc'><strong>9.</strong></span> <span class='ocrx_word' id='word_1_346' title='bbox 1455 4316 1486 4351; x_wconf 78' lang='lat' dir='ltr'><strong>ee</strong></span> 
     </span>
     <span class='ocr_line' id='line_1_38' title="bbox 324 4366 1483 4431; baseline 0.003 -15"><span class='ocrx_word' id='word_1_347' title='bbox 324 4368 421 4418; x_wconf 75' lang='lat' dir='ltr'><strong>onte.</strong></span> <span class='ocrx_word' id='word_1_348' title='bbox 474 4367 512 4415; x_wconf 87' lang='grc'><strong>10.</strong></span> <span class='ocrx_word' id='word_1_349' title='bbox 531 4367 608 4416; x_wconf 79' lang='lat' dir='ltr'><strong>bonae</strong></span> <span class='ocrx_word' id='word_1_350' title='bbox 626 4381 714 4430; x_wconf 78' lang='lat' dir='ltr'><strong>operae</strong></span> <span class='ocrx_word' id='word_1_351' title='bbox 732 4368 768 4416; x_wconf 83' lang='lat' dir='ltr'><strong>cd.</strong></span> <span class='ocrx_word' id='word_1_352' title='bbox 822 4366 860 4414; x_wconf 94' lang='grc'><strong>11.</strong></span> <span class='ocrx_word' id='word_1_353' title='bbox 880 4368 1025 4431; x_wconf 87' lang='lat' dir='ltr'><strong>imputentur</strong></span> <span class='ocrx_word' id='word_1_354' title='bbox 1042 4369 1066 4417; x_wconf 82' lang='lat' dir='ltr'><strong>li.</strong></span> <span class='ocrx_word' id='word_1_355' title='bbox 1120 4366 1159 4416; x_wconf 81' lang='lat'><strong>12.</strong></span> <span class='ocrx_word' id='word_1_356' title='bbox 1177 4368 1212 4415; x_wconf 90' lang='lat' dir='ltr'><strong>sic</strong></span> <span class='ocrx_word' id='word_1_357' title='bbox 1230 4375 1316 4419; x_wconf 72' lang='lat' dir='ltr'><strong>nect.</strong></span> <span class='ocrx_word' id='word_1_358' title='bbox 1375 4367 1414 4419; x_wconf 79' lang='lat' dir='ltr'><strong>tt.</strong></span> <span class='ocrx_word' id='word_1_359' title='bbox 1433 4382 1483 4429; x_wconf 73' lang='lat' dir='ltr'><strong>ma·</strong></span> 
     </span>
     <span class='ocr_line' id='line_1_39' title="bbox 325 4433 1485 4497; baseline 0.003 -14"><span class='ocrx_word' id='word_1_360' title='bbox 325 4433 362 4483; x_wconf 79' lang='lat' dir='ltr'><strong>loe</strong></span> <span class='ocrx_word' id='word_1_361' title='bbox 380 4436 415 4484; x_wconf 87' lang='lat' dir='ltr'><strong>cd.</strong></span> <span class='ocrx_word' id='word_1_362' title='bbox 470 4435 508 4484; x_wconf 81' lang='grc'><strong>11.</strong></span> <span class='ocrx_word' id='word_1_363' title='bbox 527 4435 603 4484; x_wconf 80' lang='lat' dir='ltr'><strong>divina</strong></span> <span class='ocrx_word' id='word_1_364' title='bbox 621 4442 699 4484; x_wconf 83' lang='lat' dir='ltr'><strong>temen</strong></span> <span class='ocrx_word' id='word_1_365' title='bbox 718 4434 861 4495; x_wconf 73' lang='lat' dir='ltr'><strong>benignitate</strong></span> <span class='ocrx_word' id='word_1_366' title='bbox 880 4436 904 4484; x_wconf 87' lang='lat' dir='ltr'><strong>B.</strong></span> <span class='ocrx_word' id='word_1_367' title='bbox 948 4435 985 4484; x_wconf 84' lang='lat'><strong>15.</strong></span> <span class='ocrx_word' id='word_1_368' title='bbox 1005 4436 1128 4484; x_wconf 83' lang='lat' dir='ltr'><strong>llenoitcus</strong></span> <span class='ocrx_word' id='word_1_369' title='bbox 1146 4435 1342 4497; x_wconf 77' lang='lat' dir='ltr'><strong>(Benedcostlt.)</strong></span> <span class='ocrx_word' id='word_1_370' title='bbox 1360 4438 1423 4487; x_wconf 86' lang='lat' dir='ltr'><strong>eninr</strong></span> <span class='ocrx_word' id='word_1_371' title='bbox 1441 4437 1485 4487; x_wconf 81' lang='lat' dir='ltr'><strong>de·</strong></span> 
     </span>
     <span class='ocr_line' id='line_1_40' title="bbox 323 4502 1484 4568; baseline 0.004 -18"><span class='ocrx_word' id='word_1_372' title='bbox 323 4502 379 4563; x_wconf 87' lang='lat' dir='ltr'><strong>bet;</strong></span> <span class='ocrx_word' id='word_1_373' title='bbox 407 4503 489 4564; x_wconf 86' lang='lat' dir='ltr'><strong>optimi</strong></span> <span class='ocrx_word' id='word_1_374' title='bbox 507 4503 609 4564; x_wconf 73' lang='lat' dir='ltr'><strong>{optumi</strong></span> <span class='ocrx_word' id='word_1_375' title='bbox 627 4503 662 4561; x_wconf 83' lang='lat' dir='ltr'><strong>B.)</strong></span> <span class='ocrx_word' id='word_1_376' title='bbox 686 4510 818 4552; x_wconf 80' lang='lat' dir='ltr'><strong>estoutem</strong></span> <span class='ocrx_word' id='word_1_377' title='bbox 841 4504 899 4554; x_wconf 78' lang='lat' dir='ltr'><strong>Ata.</strong></span> <span class='ocrx_word' id='word_1_378' title='bbox 942 4503 1054 4552; x_wconf 75' lang='lat' dir='ltr'><strong>beneficis</strong></span> <span class='ocrx_word' id='word_1_379' title='bbox 1078 4505 1140 4552; x_wconf 91' lang='lat' dir='ltr'><strong>enim</strong></span> <span class='ocrx_word' id='word_1_380' title='bbox 1165 4504 1242 4553; x_wconf 87' lang='lat' dir='ltr'><strong>debet.</strong></span> <span class='ocrx_word' id='word_1_381' title='bbox 1278 4505 1367 4568; x_wconf 84' lang='lat' dir='ltr'><strong>Optimi</strong></span> <span class='ocrx_word' id='word_1_382' title='bbox 1386 4513 1484 4555; x_wconf 80' lang='lat' dir='ltr'><strong>estru-</strong></span> 
     </span>
     <span class='ocr_line' id='line_1_41' title="bbox 323 4570 1490 4638; baseline 0.003 -19"><span class='ocrx_word' id='word_1_383' title='bbox 323 4576 371 4619; x_wconf 86' lang='lat' dir='ltr'><strong>tem</strong></span> <span class='ocrx_word' id='word_1_384' title='bbox 390 4571 440 4620; x_wconf 81' lang='lat' dir='ltr'><strong>bed.</strong></span> <span class='ocrx_word' id='word_1_385' title='bbox 481 4570 600 4620; x_wconf 78' lang='lat' dir='ltr'><strong>beneficus</strong></span> <span class='ocrx_word' id='word_1_386' title='bbox 618 4579 654 4620; x_wconf 83' lang='lat' dir='ltr'><strong>est</strong></span> <span class='ocrx_word' id='word_1_387' title='bbox 672 4579 742 4634; x_wconf 81' lang='lat' dir='ltr'><strong>utque</strong></span> <span class='ocrx_word' id='word_1_388' title='bbox 760 4570 874 4635; x_wconf 81' lang='lat' dir='ltr'><strong>optimus.</strong></span> <span class='ocrx_word' id='word_1_389' title='bbox 898 4571 980 4638; x_wconf 46' lang='lat' dir='ltr'><strong>,Debet</strong></span> <span class='ocrx_word' id='word_1_390' title='bbox 998 4580 1076 4621; x_wconf 81' lang='lat' dir='ltr'><strong>nutem</strong></span> <span class='ocrx_word' id='word_1_391' title='bbox 1095 4573 1165 4621; x_wconf 85' lang='lat' dir='ltr'><strong>etiam</strong></span> <span class='ocrx_word' id='word_1_392' title='bbox 1186 4572 1207 4620; x_wconf 82' lang='lat' dir='ltr'><strong>C.</strong></span> <span class='ocrx_word' id='word_1_393' title='bbox 1243 4573 1341 4623; x_wconf 67' lang='lat' dir='ltr'><strong>liobam</strong></span> <span class='ocrx_word' id='word_1_394' title='bbox 1357 4573 1490 4623; x_wconf 65' lang='lat' dir='ltr'><strong>fairnin:</strong></span> 
     </span>
     <span class='ocr_line' id='line_1_42' title="bbox 325 4638 530 4701; baseline 0.005 -14"><span class='ocrx_word' id='word_1_395' title='bbox 325 4646 346 4687; x_wconf 83' lang='lat' dir='ltr'><strong>et</strong></span> <span class='ocrx_word' id='word_1_396' title='bbox 363 4639 408 4688; x_wconf 82' lang='lat' dir='ltr'><strong>los.</strong></span> <span class='ocrx_word' id='word_1_397' title='bbox 421 4638 530 4701; x_wconf 78' lang='lat' dir='ltr'><strong>Scaliger.</strong></span> 
     </span>
    </p>
   </div>
   <div class='ocr_carea' id='block_1_4' title="bbox 321 4771 1491 4976">
    <p class='ocr_par' dir='ltr' id='par_1_5' title="bbox 321 4771 1491 4976">
     <span class='ocr_line' id='line_1_43' title="bbox 358 4771 1491 4842; baseline 0.005 -19"><span class='ocrx_word' id='word_1_398' title='bbox 358 4774 415 4837; x_wconf 81' lang='lat' dir='ltr'><strong>Cep.</strong></span> <span class='ocrx_word' id='word_1_399' title='bbox 433 4773 487 4823; x_wconf 80' lang='lat' dir='ltr'><strong>xt&#39;l.</strong></span> <span class='ocrx_word' id='word_1_400' title='bbox 529 4789 550 4823; x_wconf 84' lang='lat' dir='ltr'><strong>r.</strong></span> <span class='ocrx_word' id='word_1_401' title='bbox 569 4775 694 4837; x_wconf 86' lang='lat' dir='ltr'><strong>imperinm</strong></span> <span class='ocrx_word' id='word_1_402' title='bbox 713 4777 814 4834; x_wconf 81' lang='lat' dir='ltr'><strong>animae,</strong></span> <span class='ocrx_word' id='word_1_403' title='bbox 832 4777 877 4826; x_wconf 92' lang='lat' dir='ltr'><strong>ob·</strong></span> <span class='ocrx_word' id='word_1_404' title='bbox 961 4775 984 4823; x_wconf 93' lang='lat' dir='ltr'><strong>b.</strong></span> <span class='ocrx_word' id='word_1_405' title='bbox 1005 4771 1108 4842; x_wconf 75' lang='lat' dir='ltr'><strong>animae]</strong></span> <span class='ocrx_word' id='word_1_406' title='bbox 1132 4776 1229 4826; x_wconf 76' lang='lat' dir='ltr'><strong>inimic</strong></span> <span class='ocrx_word' id='word_1_407' title='bbox 1246 4775 1388 4827; x_wconf 76' lang='lat' dir='ltr'><strong>iudicandis</strong></span> <span class='ocrx_word' id='word_1_408' title='bbox 1405 4777 1427 4826; x_wconf 92' lang='lat' dir='ltr'><strong>in</strong></span> <span class='ocrx_word' id='word_1_409' title='bbox 1446 4776 1491 4828; x_wconf 80' lang='lat' dir='ltr'><strong>die</strong></span> 
     </span>
     <span class='ocr_line' id='line_1_44' title="bbox 323 4836 1065 4906; baseline 0.004 -15"><span class='ocrx_word' id='word_1_410' title='bbox 323 4842 432 4906; x_wconf 83' lang='lat' dir='ltr'><strong>sequium</strong></span> <span class='ocrx_word' id='word_1_411' title='bbox 451 4836 529 4905; x_wconf 81' lang='lat' dir='ltr'><strong>cerni]</strong></span> <span class='ocrx_word' id='word_1_412' title='bbox 547 4842 583 4892; x_wconf 83' lang='lat' dir='ltr'><strong>Ci.</strong></span> <span class='ocrx_word' id='word_1_413' title='bbox 602 4843 723 4903; x_wconf 76' lang='lat' dir='ltr'><strong>Augurem.</strong></span> <span class='ocrx_word' id='word_1_414' title='bbox 737 4844 825 4894; x_wconf 69' lang='lat' dir='ltr'><strong>Contra</strong></span> <span class='ocrx_word' id='word_1_415' title='bbox 837 4845 877 4893; x_wconf 90' lang='lat' dir='ltr'><strong>lu·</strong></span> <span class='ocrx_word' id='word_1_416' title='bbox 930 4844 1065 4894; x_wconf 84' lang='lat' dir='ltr'><strong>norissima.</strong></span> 
     </span>
     <span class='ocr_line' id='line_1_45' title="bbox 321 4908 876 4976; baseline 0.004 -17"><span class='ocrx_word' id='word_1_417' title='bbox 321 4909 380 4960; x_wconf 89' lang='lat' dir='ltr'><strong>lim.</strong></span> <span class='ocrx_word' id='word_1_418' title='bbox 392 4910 427 4972; x_wconf 75' lang='lat' dir='ltr'><strong>lv,</strong></span> <span class='ocrx_word' id='word_1_419' title='bbox 439 4908 477 4960; x_wconf 74' lang='grc'><strong>11.</strong></span> <span class='ocrx_word' id='word_1_420' title='bbox 504 4910 540 4960; x_wconf 73' lang='grc'><strong>(11.</strong></span> <span class='ocrx_word' id='word_1_421' title='bbox 554 4910 624 4960; x_wconf 87' lang='lat' dir='ltr'><strong>etiam</strong></span> <span class='ocrx_word' id='word_1_422' title='bbox 638 4910 671 4961; x_wconf 81' lang='lat' dir='ltr'><strong>lle</strong></span> <span class='ocrx_word' id='word_1_423' title='bbox 682 4909 763 4961; x_wconf 73' lang='lat' dir='ltr'><strong>Anime</strong></span> <span class='ocrx_word' id='word_1_424' title='bbox 775 4911 876 4976; x_wconf 73' lang='lat' dir='ltr'><strong>cupid.</strong></span> 
     </span>
    </p>
   </div>
   <div class='ocr_carea' id='block_1_5' title="bbox 0 0 1645 5775">
    <p class='ocr_par' dir='ltr' id='par_1_6' title="bbox 0 0 1645 5775">
     <span class='ocr_line' id='line_1_46' title="bbox 0 0 1645 5775; baseline 0 0"><span class='ocrx_word' id='word_1_425' title='bbox 0 0 1645 5775; x_wconf 95' lang='lat' dir='ltr'><strong> </strong></span> 
     </span>
    </p>
   </div>
  </div>
 </body>
</html>
