3242 5775
314 1639 397 1765 lle*
419 1683 661 1767 Terurlliuni
705 1685 870 1788 seriptis
912 1706 1019 1789 quae
1064 1695 1290 1788 temporum
1336 1687 1489 1771 iniuria

313 1794 558 1920 interierunt
606 1847 773 1919 nostrae
824 1836 948 1918 ueluti
997 1835 1139 1918 horum
1182 1847 1296 1919 certe
1345 1842 1489 1923 notitia

790 1990 1002 2070 remansit:

621 2235 733 2297 LIBER
755 2235 803 2297 llll
825 2236 952 2299 AARON
975 2236 1162 2299 VESTlBVS.

278 2438 284 2451 .
398 2373 594 2453 Hieronymus
616 2372 710 2453 Epist.
728 2373 797 2437 128.
820 2370 856 2433 ad
871 2371 1031 2445 Fabiolam,
1054 2382 1124 2433 tom.
1141 2372 1176 2433 ll.
1199 2391 1228 2453 p.
1242 2376 1317 2439 586.
1346 2377 1428 2459 Opp.
1444 2379 1485 2441 erl.

311 2473 437 2538 Tenen:
461 2474 588 2548 „Fertur
610 2473 639 2535 in
661 2473 757 2535 indice
772 2472 907 2553 Septimii
923 2472 1095 2536 Tertulliani
1110 2473 1184 2535 liber
1202 2474 1246 2536 De
1263 2477 1379 2541 Aaron
1400 2480 1483 2543 Vesti-

314 2574 384 2647 tus,
416 2575 467 2654 qui
489 2573 605 2636 interim
629 2593 723 2654 usque
745 2574 780 2636 ad
803 2576 881 2637 huuc
907 2575 984 2636 diem
1006 2594 1021 2635 a
1044 2594 1172 2637 menon
1196 2585 1242 2638 est
1264 2589 1422 2657 repertus.
1455 2582 1481 2643 st

313 2694 330 2738 a
351 2676 436 2738 robis
457 2684 580 2757 propter
600 2669 798 2738 celebritalem
813 2676 900 2738 Urbis
923 2677 1011 2739 luerit
1029 2678 1181 2751 iuventus,
1204 2697 1317 2757 quaeso
1336 2701 1378 2744 ne
1395 2701 1479 2745 mean

313 2775 420 2841 stillam
438 2763 525 2851 illius
553 2776 665 2840 llumiui
693 2767 881 2859 comparetis.
936 2777 1002 2840 Non
1031 2779 1107 2840 euim
1140 2798 1315 2859 magnorum
1355 2784 1479 2846 virorum

312 2878 454 2958 ingeniis,
478 2878 531 2942 sed
544 2880 627 2973 'meis
650 2899 715 2941 suut
737 2879 849 2941 viribus
872 2880 1104 2943 aestimandus.“

807 3084 1013 3101 ——b-

471 3294 473 3300 ·
547 3252 659 3315 LIBER
681 3252 729 3313 DE
751 3251 1051 3339 SVPTJRSTlTlONE
1074 3252 1241 3314 snucvtt.

394 3389 550 3485 Reperilur
572 3388 673 3452 titulus
696 3389 726 3449 in
750 3388 845 3450 tabula
874 3386 950 3449 libro
972 3388 1158 3468 Agebardino
1191 3390 1343 3468 praelixa,
1375 3391 1471 3474 quiid

310 3490 483 3570 opuseulum
507 3510 572 3552 cum
595 3490 660 3552 aliis
682 3509 762 3551 nune
784 3489 950 3569 deperditis
974 3491 1043 3552 olirn
1066 3490 1221 3552 continuit.

791 3701 994 3712 ———

569 3860 680 3922 LIBER
699 3862 747 3923 DE
769 3861 910 3923 tllllllrlll
933 3860 1198 3922 SVlllllSSIONE.

393 3995 508 4057 Titulus
529 3996 677 4075 reperitur
698 3997 728 4058 in
753 3996 848 4065 tabula
871 3996 947 4058 libro
968 3996 1154 4076 ngotardino
1178 3998 1321 4074 praelixa.

784 4210 987 4218 ———

683 4367 795 4429 Ltuuu
817 4367 865 4428 DE
887 4368 1082 4430 Plututsu.

390 4503 504 4564 Titulus
533 4504 677 4584 reperitur
706 4504 734 4565 in
764 4502 861 4565 tabula
889 4504 965 4565 libro
988 4503 1173 4583 lgohardino
1196 4505 1344 4583 praelixa,
1379 4516 1408 4568 et
1435 4507 1469 4568 ab

303 4606 370 4684 ipso
386 4605 564 4667 Tertulliano
588 4614 834 4667 commemoratur
849 4607 891 4668 lle
905 4606 1007 4666 Anima
1029 4624 1092 4685 cap.
1106 4609 1162 4668 55:
1187 4606 1308 4679 „Habes
1328 4609 1416 4670 etiarn
1429 4608 1469 4670 lle

303 4707 451 4769 Paradiso
474 4726 490 4768 a
512 4707 599 4769 nobis
622 4707 848 4788 libellum,¹quo
870 4708 1077 4770 constituimus
1101 4726 1218 4769 omnem
1242 4710 1372 4771 animam
1394 4708 1467 4790 apud

169 4839 173 4848 ι
303 4809 415 4871 inseres
438 4808 615 4888 sequestrari
638 4808 667 4870 in
690 4808 769 4871 diem
784 4808 928 4871 domini.“
960 4809 1014 4870 lli
1036 4809 1092 4872 loci
1114 4809 1150 4870 de
1172 4811 1332 4891 paradiso,
1356 4811 1468 4894 qualem
