3242 5775
488 671 491 676 ’
593 693 741 743 sormam
761 693 898 745 meros.
1270 683 1331 748 709

158 842 273 904 diceret
298 840 341 902 uti
370 841 480 921 populo
507 840 661 903 mandaret
690 850 723 904 nt
753 844 926 906 sacerdotes
958 862 1056 910 aream
1084 847 1253 910 testamenti
1284 847 1334 911 dei
1436 890 1444 899 ·

159 952 274 1023 septem
297 941 402 1003 diebus
424 943 647 1005 circumferrent
668 943 698 1005 iu
721 943 845 1007 circuitu
873 944 1015 1020 civitatis,
1043 954 1130 1026 atquo
1151 946 1191 1008 ita
1213 946 1334 1026 septimi

159 1045 218 1113 diei
240 1044 363 1105 circuitu
378 1053 496 1122 peracto
514 1052 621 1123 sponte
637 1042 786 1106 ”ruerent
806 1044 883 1106 mimi
899 1045 1035 1108 civitatis.
1065 1046 1152 1119 Quod
1167 1046 1208 1110 ita
1223 1048 1333 1112 iactum

157 1154 222 1218 est,
247 1144 304 1204 “et
324 1144 408 1204 linito
431 1144 526 1224 spatio
548 1143 606 1204 diei
627 1143 762 1224 septimi,
786 1144 864 1207 siout
877 1145 1058 1224 praedictum
1076 1154 1156 1221 erat,
1179 1146 1333 1212 ¹'ruerunt

159 1244 237 1305 muri
266 1243 401 1305 civitatis.
449 1244 492 1305 Ex
520 1262 579 1323 quo
607 1245 764 1306 manifeste
790 1247 960 1309 ostenditur
991 1246 1023 1307 in
1050 1225 1176 1309 numero
1203 1247 1333 1314 istorum

157 1346 273 1407 dierum
297 1354 409 1423 septem
432 1345 597 1406 incurrisse
619 1346 697 1407 diem
718 1346 842 1407 sabbati.
887 1347 1007 1428 Septem
1030 1349 1109 1410 enim
1131 1348 1212 1422 dies,
1233 1347 1331 1411 unde-

158 1466 276 1526 cunque
299 1446 413 1507 initium
439 1446 648 1524 ¹⁶aoceperint‚
671 1446 784 1508 sabbati
807 1448 884 1510 diem
901 1466 1001 1514 seeum
1017 1448 1331 1512 ooneludantneeesse

158 1556 221 1618 est,
251 1565 309 1625 quo
333 1548 380 1608 die
402 1566 463 1609 non
486 1556 597 1608 tantum
621 1548 792 1610 sacerdotes
816 1549 904 1610 ¹⁷sint
932 1549 1061 1628 operati,
1096 1549 1149 1612 sed
1173 1557 1203 1612 et
1222 1542 1331 1612 inore
1403 1613 1407 1626 ,

157 1648 246 1727 gladii
268 1648 376 1727 praeda
399 1650 473 1709 laeta
496 1649 537 1710 sit
560 1648 687 1710 ¹⁸civitas
710 1648 746 1709 ab
769 1650 851 1720 omni
874 1650 984 1729 populo
999 1650 1103 1712 lsrael.
1133 1648 1332 1714 Necdubium

158 1759 208 1811 est
229 1767 304 1828 opus
327 1749 434 1809 servile
456 1767 509 1809 eos
533 1759 688 1828 operatos,
722 1768 788 1816 cum
817 1751 944 1829 praedas
971 1749 1039 1814 belli
1067 1758 1190 1828 agerent
1216 1768 1251 1811 ex
1281 1748 1332 1813 dei

156 1858 326 1929 praecepto.
370 1849 442 1909 Nam
467 1857 496 1909 et
519 1850 702 1928 temporibus
726 1850 991 1918 ¹⁹llaooabaeorum
1018 1841 1149 1916 sabbatis
1171 1850 1330 1929 pugnando
1342 1837 1454 1946 „¹24¹pr-

156 1950 276 2011 lortiter
303 1951 452 2023 lecerunt,
486 1949 675 2010 et·¹⁰bostes
698 1950 861 2030 allophylos
889 1959 1145 2030 expugnaremus,
1177 1950 1333 2031 legemque
1428 1994 1441 2006 .

156 2060 311 2132 paternam
334 2050 369 2111 ad
398 2051 557 2130 pristinum
585 2051 661 2111 ritae
690 2060 798 2112 statum
826 2051 983 2130 pugnando
1011 2049 1143 2117 sabbatis
1170 2069 1329 2114 rsroears-

158 2160 239 2213 rnnt
283 2150 345 2211 Neo
365 2161 463 2230 putem
487 2150 572 2212 aliam
601 2152 695 2229 legem
724 2171 777 2214 eos
807 2153 975 2215 defendisse
1002 2151 1062 2212 nisi
1092 2152 1123 2214 in
1145 2151 1262 2231 quade
1282 2150 1332 2215 die

157 2253 349 2314 sabbatorum
372 2253 569 2312 meminerant
591 2270 660 2313 esse
682 2253 907 2332 praescriptum.
956 2252 1039 2313 Unde
1067 2252 1254 2314 manifestum
1283 2258 1332 2313 est
1439 2279 1442 2283 ’
1482 2243 1491 2253 ’

157 2355 195 2415 ad
218 2364 335 2433 tempus
358 2361 388 2412 ct
407 2353 576 2433 praesentis
599 2371 704 2414 causae
726 2354 932 2415 necessitatem
956 2352 1155 2416 ’'huiusmodi
1173 2360 1332 2432 praesepta

157 2454 303 2526 valuisse,
336 2461 366 2513 et
386 2472 447 2548 non
470 2454 505 2515 ad
528 2454 663 2532 perpetui
693 2455 837 2534 temporis
867 2453 1103 2515 observationem
1131 2452 1332 2517 ¹”huiusmodi

157 2557 254 2634 legem
277 2554 321 2615 eis
344 2554 431 2615 deum
454 2565 522 2615 ante
544 2554 674 2616 dedisse.

243 2656 296 2716 Sic
317 2663 347 2715 et
368 2655 510 2716 sacrificia
534 2662 718 2716 terrenarum
734 2653 915 2716 oblationum
931 2662 961 2715 et
976 2653 1151 2732 spiritalium
1166 2651 1331 2714 sacrificio·
1350 2666 1437 2725 capr.

155 2776 225 2819 rum
248 2756 429 2836 ¹praedicata
452 2756 652 2829 ostendimus,
686 2765 716 2817 et
743 2756 863 2835 quidem
885 2774 901 2816 a
923 2754 1087 2835 primordio
1116 2752 1238 2816 maioris
1267 2751 1331 2826 lilii,

156 2858 189 2920 id
213 2866 259 2919 est
272 2856 379 2930 lsrael,
402 2866 517 2919 terrena
539 2858 633 2927 luisse
655 2857 686 2918 in
703 2857 773 2918 Cain
795 2864 987 2938 praeostensa
1004 2854 1163 2927 sacrificia,
1187 2860 1217 2916 et
1230 2851 1330 2915 mino·
1428 2835 1434 2843 ’

152 2962 202 3022 'ris
225 2958 386 3031 utilibet,
421 2958 450 3019 id
473 2969 520 3020 est
540 2958 643 3038 pupuli
665 2957 778 3030 nostri,
807 2957 951 3021 sacrific-ia
980 2956 1097 3019 diversa
1119 2957 1332 3016 demonstrata.

155 3062 291 3139 Namque
318 3060 412 3120 maior
440 3067 508 3119 natu
536 3059 624 3121 ²Cain
654 3059 691 3119 de
719 3060 815 3120 lructu
849 3066 945 3118 terrae
977 3057 1084 3119 obtulit
1110 3031 1234 3118 munera
1262 3054 1412 3158 demwttep·

156 3163 257 3224 minor
279 3179 348 3221 vero
371 3159 448 3220 lilius
470 3159 541 3220 libel
563 3160 600 3220 de
622 3161 717 3220 fructu
740 3159 840 3219 ovium
861 3177 994 3219 suarum.
1041 3156 1185 3236 Respexit
1205 3155 1278 3218 deus
1300 3154 1332 3215 in
1372 3144 1379 3166 '
1401 3125 1452 3170 'qq'

157 3262 231 3323 Abel
253 3272 282 3322 et
304 3262 334 3321 iu
356 3246 582 3332 muneramus,
605 3261 634 3319 in
651 3259 721 3319 Cain
744 3266 840 3319 autem
864 3266 894 3318 et
916 3258 946 3317 in
968 3275 1091 3318 munera
1114 3256 1178 3323 eius
1199 3272 1260 3314 non
1282 3272 1333 3315 re-

156 3364 266 3443 spexit.
294 3362 348 3422 ³Et
362 3361 434 3421 dixit
449 3362 522 3421 deus
538 3361 573 3420 ad
590 3359 689 3434 Cain·‚
713 3358 811 3429 Quare
827 3357 956 3417 concidit
977 3357 1073 3417 vultus
1088 3351 1183 3416 tuus?
1204 3353 1332 3425 ‘nonne

156 3466 186 3526 si
209 3473 289 3524 recte
311 3462 429 3542 quidem
453 3462 571 3533 offeras,
594 3478 654 3519 non
677 3467 757 3520 reete
773 3466 870 3518 antem
887 3456 1010 3527 dividas,
1033 3453 1179 3534 peccasti;
1200 3452 1332 3531 quiesse.

158 3565 203 3625 Ad
226 3575 254 3626 te
277 3564 355 3624 enim
378 3562 533 3622 conversio
556 3561 639 3630 Qua,
661 3560 779 3637 etipse
801 3556 843 3617 tui
866 3554 1075 3616 dominabitur.
1112 3552 1149 3613 Et
1169 3560 1241 3613 tunc
1261 3550 1335 3612 dixit

158 3666 231 3726 Cain
254 3665 290 3726 ad
311 3663 382 3725 Abel
405 3665 525 3723 fratrem
550 3680 652 3732 suum,
687 3659 796 3719 Eamus
825 3657 855 3718 in
877 3673 1029 3733 campum,
1063 3662 1093 3714 et
1114 3651 1185 3713 abiit
1207 3669 1274 3713 cum
1296 3668 1333 3712 eo

157 3766 235 3826 ⁶illie
264 3775 294 3826 et
322 3763 470 3825 interiecit
499 3780 577 3823 eum.
632 3761 667 3821 Et
695 3769 767 3820 tunc
793 3757 867 3818 dixit
892 3756 983 3818 'deus
1016 3753 1051 3815 ad
1081 3753 1170 3828 Cain,
1203 3751 1258 3813 Ubi
1287 3758 1335 3813 est

161 3950 383 4002 13.raerunras.
438 3948 475 3997 t-l.
495 3942 578 3997 ulid.
633 3938 826 3994 15.rueren1t
886 3940 923 3990 lb.
943 3896 1129 4005 acceperuntl.
1183 3935 1223 3986 tt.
1242 3935 1336 3999 operati

159 4023 251 4070 siml.
307 4017 345 4066 18.
366 4017 466 4066 civitatis
483 4011 506 4063 λ.
555 4014 591 4062 19.
611 4011 806 4061 llaecabaeornm
827 4010 850 4059 d.
885 4008 1096 4057 Macchabaeorum
1115 4007 1140 4056 l.
1175 4003 1335 4054 liacbabaao·

160 4101 214 4137 rum
233 4088 326 4149 reliqui.
378 4084 418 4132 20.
438 4085 521 4131 hostes
538 4076 612 4140 ilitio
623 4080 705 4141 marg.)
718 4081 784 4129 obed.
826 4077 928 4127 hostiles
946 4077 987 4125 ln.
1045 4073 1085 4123 21.
1105 4071 1244 4123 huiusmodi
1262 4084 1335 4134 prte-

159 4164 230 4217 cepta
256 4150 361 4200 valuisse
385 4160 406 4200 et
432 4166 479 4199 non
498 4145 536 4198 id.
578 4148 736 4205 convaluisse,
761 4155 787 4194 ut
810 4148 845 4206 (et
862 4143 899 4200 l.)
921 4157 968 4191 non
987 4143 1073 4192 ABnbe.
1133 4138 1173 4191 22.
1197 4137 1336 4188 laninsmodi

159 4224 238 4282 legem
258 4222 292 4268 eis
311 4221 381 4268 deum
401 4228 455 4266 ante
473 4218 569 4265 dedisse
588 4218 611 4264 d.
646 4215 717 4263 buius
736 4213 814 4275 legem
833 4201 1161 4262 eisdemauradedissemi.
1197 4203 1336 4256 bniusmodi

159 4290 239 4350 legem
260 4289 295 4335 eis
313 4288 373 4335 deus
393 4295 446 4333 ante
465 4286 572 4333 dedisset
589 4285 681 4346 reliqui.

231 4356 289 4418 Cap.
308 4355 332 4401 li.
371 4354 393 4401 1.
412 4353 547 4416 praedicata
566 4345 605 4397 id.
641 4348 762 4413 praedicta
780 4348 874 4410 reliqui.
915 4341 1178 4405 adamatisque.
1220 4338 1245 4389 8.
1266 4339 1338 4389 Verbo

160 4425 189 4472 Et
208 4424 268 4471 dixit
286 4422 346 4469 dens
364 4445 396 4455 -
413 4445 448 4454 —
464 4444 498 4453 -
516 4420 595 4466 omnis
614 4420 653 4480 qni
673 4431 710 4464 me
728 4417 852 4471 invenerit,
877 4412 971 4461 occidet
993 4410 1086 4461 uncinis
1103 4414 1183 4458 notata
1200 4414 1254 4457 aunt
1270 4408 1296 4455 ia
1313 4407 1336 4455 d.

161 4491 184 4540 l.
205 4504 286 4538 nonna
304 4483 343 4536 la.
380 4503 427 4551 quo
446 4490 470 4537 Α.
513 4487 626 4548 qnoniam
644 4485 736 4548 reliqui.
794 4482 819 4530 5.
838 4489 876 4530 tna
896 4472 1019 4538 (tussi),
1038 4477 1132 4541 etipse
1150 4475 1183 4524 tui
1201 4473 1338 4524 dominabi-

159 4552 256 4607 rorte.
293 4556 355 4617 eins,
374 4562 396 4604 et
415 4564 438 4604 tn
458 4553 621 4602 dominaberis
640 4553 692 4601 eius
710 4552 802 4615 reliqui.
857 4547 880 4596 e.
899 4539 1045 4596 illicemi.
1097 4542 1121 4593 l.
1140 4542 1208 4592 lesus
1226 4544 1276 4591 nbc.
1323 4559 1329 4569 ·

195 4691 255 4754 Cap.
274 4690 299 4739 l.
342 4706 363 4740 a.
389 4690 418 4738 Et
441 4689 498 4737 dixit
522 4688 582 4737 dens
607 4686 636 4737 ad
656 4682 728 4748 Cain]
778 4681 943 4744 indiligentius
966 4679 1119 4742 transcripta,
1143 4674 1208 4740 qnod
1232 4680 1256 4722 et
1278 4670 1340 4720 alias

163 4759 229 4808 llaec
247 4759 319 4806 rerba
338 4773 414 4821 nsque
433 4758 461 4805 ad
481 4765 523 4815 „et
543 4757 622 4804 omnis
641 4755 681 4818 qui
705 4761 728 4802 te
780 4752 843 4814 apud
863 4751 926 4799 hune
942 4750 1086 4813 scriptorem
1110 4745 1238 4794 observare
1262 4745 1299 4788 est
1315 4738 1342 4787 in

163 4827 281 4875 invenerit
294 4825 406 4874 occidet·‘
425 4825 567 4872 inclusimus
579 4821 729 4889 uncisquis
781 4819 811 4869 iia
830 4832 891 4884 qnae
909 4830 937 4867 ex
953 4815 1021 4867 llose
1038 4816 1150 4866 ciuntur.
1168 4806 1273 4872 (Rigalt)

164 4894 205 4943 bie
223 4907 372 4957 supervacue
391 4893 458 4942 citari
476 4892 593 4941 ridentur.
627 4890 657 4938 Et
674 4895 731 4938 snat
