3242 5775
307 653 369 716 572
564 665 666 714 ΟῦΙΝΤΙ
688 664 818 707 aarum!
841 662 1005 706 FLORENTIS
1028 663 1224 706 rssnrumtltt

305 817 364 878 boc
385 823 413 876 et
436 813 550 893 spirare
572 821 603 875 et
624 813 721 875 rivere
743 813 807 873 eius
832 822 880 873 est
901 813 985 873 cuius
1009 821 1038 873 et
1060 812 1173 882 virere,
1207 811 1266 873 ¹'id
1290 821 1338 875 cst
1359 813 1465 875 anirum

306 915 438 993 lienique
461 914 487 975 si
510 933 631 994 separas
653 915 789 994 spiritum
811 912 872 974 ²”et
893 914 1035 987 animam,
1065 931 1170 993 separa
1192 921 1223 975 et
1243 932 1347 993 opera.
1390 916 1469 993 lgent

305 1016 364 1077 ”in
387 1014 516 1076 discreto
539 1015 647 1093 aliquid
663 1015 762 1088 ambo,
785 1033 922 1077 scorsum
940 1015 1046 1086 anima,
1070 1033 1207 1076 seorsum
1224 1015 1366 1095 spiritus;
1388 1015 1471 1076 anina

307 1117 374 1178 sinc
395 1116 502 1195 spiritu
525 1116 616 1187 visat,
638 1115 762 1195 spiritus
784 1117 849 1178 sine
866 1117 963 1177 anima
978 1116 1088 1195 spiret3
1111 1115 1470 1198 alterumrelinquatcor-

306 1235 397 1296 pora,
420 1216 543 1277 alterum
572 1227 738 1289 remaneat,
772 1235 856 1277 mors
884 1217 999 1278 etrite
1027 1216 1215 1277 conveniant.
1266 1217 1300 1277 Si
1322 1218 1403 1280 eninr
1422 1217 1472 1279 duo
1521 1221 1523 1226 '

307 1327 378 1379 sunt
399 1318 496 1379 anima
519 1326 548 1378 et
569 1318 710 1396 spiritus,
733 1316 822 1377 dividi
844 1325 989 1397 possunt,
1013 1328 1043 1378 ut
1066 1317 1211 1378 divisione
1234 1336 1340 1379 eorum
1363 1319 1473 1381 alterius

307 1418 504 1492 discedentis,
528 1419 648 1480 alterius
671 1419 691 1450 ³¹
700 1418 864 1490 manentis,
888 1419 994 1480 mortis
1017 1427 1048 1479 et
1069 1418 1143 1479 vitae
1165 1437 1333 1480 concursus
1358 1421 1474 1481 eveniat

307 1519 366 1580 Sed
389 1519 582 1580 nullomodo
606 1521 735 1580 eveniet:
768 1538 839 1597 ergo
869 1520 927 1580 duo
956 1538 1017 1580 non
1047 1528 1149 1592 erunt,
1180 1518 1287 1598 ”quae
1308 1521 1400 1582 dividi
1421 1538 1475 1581 nou

306 1628 449 1699 possunt,
480 1638 555 1698 quae
576 1619 664 1680 dividi
687 1630 829 1698 possent,
864 1620 889 1680 si
917 1620 1056 1681 fuissent.
1109 1620 1167 1681 Sed
1189 1621 1260 1680 licet
1281 1628 1312 1681 et
1334 1621 1394 1684 duo
1415 1639 1476 1682 esse

306 1729 456 1781 concreta.
487 1720 546 1780 Sed
569 1738 629 1781 non
653 1731 740 1783 erunt
761 1730 910 1791 concreta,
935 1720 960 1781 si
976 1719 1054 1781 aliud
1070 1730 1117 1783 est
1132 1720 1238 1793 rivere,
1261 1721 1343 1782 aliud
1359 1722 1475 1802 spirare

306 1818 527 1899 ”Distinguunt
546 1821 727 1883 substantias
750 1841 851 1902 opera.
880 1822 918 1882 Et
932 1831 1042 1901 quanto
1059 1840 1138 1883 nunc
1151 1823 1265 1883 firmius
1282 1832 1330 1882 est
1345 1830 1379 1883 ut
1392 1840 1476 1883 unuin

306 1921 425 1995 credas,
460 1940 526 1983 cum
549 1922 717 1983 distantiam
740 1942 801 1984 non
824 1924 877 1984 das
901 1932 933 1985 ut
954 1924 1019 2002 ipsa
1048 1924 1088 1984 sit
1116 1924 1211 1984 anima
1235 1922 1380 2002 spiritus,
1413 1923 1476 1983 dum

306 2022 400 2101 ipsius
423 2031 469 2083 est
490 2024 603 2101 spirare
625 2024 708 2085 cuius
731 2008 762 2084 et
783 2022 905 2085 virere?
942 2024 1020 2096 Quid
1037 2023 1126 2095 enim,
1150 2025 1176 2084 si
1192 2024 1270 2084 diem
1286 2024 1367 2086 aliud
1382 2022 1475 2085 baberi

306 2122 390 2195 velis,
412 2124 491 2184 atiud
514 2124 619 2197 lucem,
643 2143 717 2202 quae
738 2124 880 2186 ”accidat
894 2125 962 2197 diei,
987 2144 1052 2186 cum
1068 2125 1133 2185 dies
1148 2125 1214 2204 ipsa
1228 2125 1277 2186 lux
1296 2123 1362 2186 sit?
1394 2124 1475 2186 Plano

306 2232 395 2285 erunt
416 2233 445 2285 et
466 2225 521 2285 alia
544 2243 651 2303 genera
674 2227 767 2298 lucis,
789 2225 852 2286 ³³ut
874 2245 909 2287 ex
932 2226 1043 2305 ignium
1066 2225 1242 2288 ministerio.
1287 2225 1384 2288 Erunt
1403 2226 1475 2286 eninr

306 2334 337 2386 et
356 2324 430 2387 aliae
452 2327 574 2405 spiritus
598 2327 731 2406 species,
759 2334 793 2386 ut
822 2346 856 2386 ex
886 2327 959 2399 deo,
993 2336 1025 2387 ut
1053 2346 1088 2387 ex
1111 2326 1239 2387 diabolo.
1289 2326 1333 2387 lta
1357 2345 1423 2388 cunr
1442 2325 1476 2385 de

305 2427 401 2487 anima
425 2437 455 2488 et
477 2428 584 2506 spiritu
606 2428 717 2506 agitur,
752 2428 818 2506 ipsa
846 2427 902 2487 erit
924 2427 1020 2487 anima
1044 2427 1185 2506 spiritus,
1216 2427 1293 2488 sicut
1324 2426 1391 2503 ipsa
1417 2423 1475 2484 dies

306 2525 364 2588 lux.
407 2527 511 2605 lpsum
533 2538 579 2589 est
601 2529 679 2589 enim
703 2528 773 2608 quid
795 2547 851 2605 per
873 2528 952 2607 quod
976 2536 1023 2588 est
1044 2528 1125 2606 quid.

188 2641 287 2700 capu.
391 2627 450 2686 Sed
480 2636 513 2687 ut
539 2628 666 2687 animam
694 2626 833 2705 spiritum
862 2627 956 2684 dicam
989 2628 1157 2703 praesentis
1191 2624 1377 2702 quaestionis
1406 2625 1476 2685 ratio

306 2725 471 2804 compellit,
500 2726 567 2803 quia
590 2726 704 2804 spirare
727 2726 775 2786 alii
797 2725 983 2786 substantiae
1004 2723 1191 2785 adscribitur.
1235 2724 1299 2785 Hoc
1321 2725 1392 2787 dum
1413 2724 1475 2787 ani·

305 2844 371 2888 mac
392 2824 590 2898 vindicamus,
614 2844 701 2905 quam
725 2826 902 2887 uniformem
925 2835 954 2887 et
976 2824 1139 2904 simplicem
1158 2825 1367 2904 agnoscimus,
1390 2826 1477 2906 spiri·

307 2936 368 2989 tum
391 2945 517 2987 necesse
539 2936 585 2987 est
606 2937 686 2987 certa
709 2927 885 2988 condicione
907 2926 1055 2998 dicamus,
1079 2943 1140 2986 non
1156 2934 1251 2987 status
1267 2928 1406 3001 nomine,
1428 2924 1478 2989 sed

305 3034 404 3100 actus,
432 3045 487 3087 nec
514 3026 696 3088 substantiae
725 3027 827 3096 titulo,
860 3027 913 3088 sed
936 3045 1060 3105 operae,
1092 3027 1161 3105 quia
1183 3027 1293 3106 spirat,
1328 3027 1478 3108 nunquia

305 3128 427 3208 spiritus
454 3127 575 3206 proprie
603 3135 659 3187 est.
709 3127 782 3187 Nam
811 3128 938 3188 efflare
966 3128 1080 3206 spirare
1108 3135 1165 3187 est.
1213 3127 1257 3189 lta
1285 3137 1315 3189 et
1343 3129 1478 3200 ammam,

305 3249 392 3309 quam
415 3231 515 3290 flatum
539 3247 574 3288 ex
596 3227 778 3306 proprietate
800 3228 1002 3301 defendimus,
1026 3228 1163 3306 spiritum
1185 3246 1265 3288 nunc
1286 3246 1322 3289 cx
1345 3228 1477 3290 necmsi-

306 3338 364 3393 tate
388 3330 625 3409 pronuntiamus.
670 3329 806 3390 Ceterum
835 3328 978 3389 adversus
1001 3327 1251 3406 'Hermogenem
1283 3328 1424 3407 quicum
1445 3345 1479 3389 ex

304 3433 444 3504 materia,
473 3450 535 3492 uon
557 3450 591 3490 ex
616 3429 662 3491 dei
685 3431 754 3490 flatu
778 3429 946 3502 contendit,
976 3431 1076 3489 flatum
1105 3429 1225 3508 proprie
1255 3436 1387 3491 tuemur.
1430 3428 1479 3490 llle

243 3552 247 3559 ·
304 3535 383 3595 onim
406 3534 550 3595 adversus
572 3530 686 3611 ’ipsius
709 3531 874 3609 scripturae
895 3530 983 3591 fidem
999 3530 1099 3590 flatum
1116 3530 1145 3590 in
1162 3529 1299 3609 spiritum
1315 3531 1416 3605 vertit,
1438 3536 1478 3604 ut,

305 3634 373 3696 dum
403 3634 574 3696 incredibile
602 3640 650 3694 est
676 3631 813 3711 spiritum
842 3631 889 3691 dei
918 3631 948 3692 in
977 3630 1114 3692 delictum
1144 3639 1174 3691 et
1196 3649 1262 3691 mox
1287 3630 1316 3691 in
1340 3631 1479 3693 iudicium

304 3733 457 3804 devenire,
492 3754 526 3794 er
549 3733 671 3794 materia
694 3733 794 3812 potius
816 3732 913 3792 anima
943 3733 1080 3793 credatur
1107 3750 1192 3809 quam
1222 3750 1257 3792 ex
1286 3732 1335 3792 dei
1363 3731 1478 3812 spiritu

303 3833 416 3895 idcirco
439 3850 495 3892 nos
519 3841 549 3892 et
563 3833 622 3894 illic
637 3835 737 3894 flatum
757 3852 820 3894 eam
838 3832 1039 3905 defendimus,
1062 3850 1123 3892 non
1140 3831 1294 3911 spiritum,
1318 3831 1480 3894 secundum

303 3932 481 4011 scripturam
504 3941 534 3992 et
555 3933 717 3994 secundum
740 3933 866 4013 spiritus
889 3933 1125 4006 distinctionem,
1149 3940 1180 3993 et
1201 3932 1249 3992 hic
1270 3932 1412 4012 spiritum
1433 3933 1480 3993 iu·

305 4030 414 4110 gratis·
437 4032 664 4111 pronuntiamus
693 4034 856 4095 secundum
884 4034 1016 4113 spirandi
1047 4041 1078 4094 et
1097 4033 1187 4095 flandi
1209 4031 1479 4094 'communionem

303 4131 366 4193 lllic
387 4133 424 4194 dc
447 4133 611 4195 substantia
634 4135 768 4213 quaestio
792 4144 855 4208 est;
878 4135 994 4214 spirare
1016 4134 1095 4195 enim
1112 4133 1296 4195 substantiae
1318 4141 1403 4196 actus
1426 4140 1479 4196 est.

305 4283 346 4334 28.
364 4284 388 4333 id
407 4293 444 4334 est
461 4289 540 4336 omi.
592 4285 632 4336 29.
652 4286 797 4335 etenimem
817 4289 847 4346 b„
869 4287 1210 4338 comminutabuntur.
1248 4294 1333 4335 nature
1351 4288 1377 4337 t
1414 4294 1481 4336 ustu-

304 4366 355 4401 ram
373 4354 465 4416 reliqui.
507 4354 548 4404 30.
568 4353 591 4403 io
610 4355 714 4403 discreto
732 4355 775 4416 Αβ.
817 4352 858 4403 31.
878 4355 1022 4404 inminentis
1039 4356 1082 4416 Αβ,
1124 4353 1164 4402 32.
1184 4366 1245 4418 quae
1264 4353 1336 4403 uiridi
1356 4368 1406 4404 ooo
1423 4367 1480 4418 pos-

304 4427 373 4469 sent:
398 4428 421 4469 et
439 4421 549 4482 fuissent,
568 4422 610 4471 sed
631 4421 685 4470 licet
704 4421 752 4470 duo
771 4435 826 4469 esse
844 4430 966 4481 concretu,
989 4423 1032 4471 sed
1051 4436 1098 4471 non
1118 4428 1189 4470 erunt
1206 4429 1319 4471 concrete
1344 4423 1379 4484 8.,
1398 4424 1479 4487 inuno

302 4490 371 4537 serbo
389 4502 450 4550 quie
464 4489 534 4538 dividi
554 4516 586 4525 -
599 4489 693 4537 —sed
713 4503 761 4537 oon
780 4497 850 4538 erunt
867 4491 959 4539 uncinis
978 4497 1031 4539 runt
1049 4490 1147 4540 incluso.
1183 4504 1245 4552 quae
1263 4488 1336 4538 diuidi
1355 4504 1404 4540 noo
1422 4503 1481 4555 por·

303 4563 360 4603 snut
378 4565 491 4604 concreta
511 4557 550 4606 t'c.
601 4554 642 4604 33.
661 4557 794 4618 distingunt
811 4557 855 4618 Αρ.
907 4555 1109 4607 anseredus.
1161 4554 1202 4606 3⁶.
1221 4556 1305 4606 autA.

372 4622 429 4682 cap.
448 4623 486 4671 lfl.
525 4625 547 4672 1.
563 4623 763 4686 llermogeneul.
806 4623 831 4672 2.
850 4624 1048 4689 ipsiusom.lp.
1090 4623 1114 4673 3.
1134 4624 1331 4674 communionem
1344 4627 1387 4676 Ab.
1423 4637 1481 4674 con·

303 4690 418 4739 ditionem
435 4692 529 4755 reliqui.

337 4790 396 4848 Cep.
414 4789 452 4839 lll.
488 4806 509 4839 a.
534 4787 645 4855 ingratis]
672 4790 698 4840 ld
725 4799 763 4842 est
790 4793 863 4851 inriti,
916 4793 1071 4855 supradixit
1095 4806 1141 4853 „er
1167 4794 1312 4844 necessitate
1336 4793 1483 4861 pronuntio·

303 4849 445 4910 movetur.
480 4859 517 4909 ct.
536 4859 592 4907 adn.
611 4858 640 4908 ad
659 4860 759 4922 Apulos.
779 4859 864 4924 cupi.
917 4862 998 4910 mus.“
