3242 5775
522 635 671 680 intensus
693 636 867 683 senercunis
889 642 946 685 tre.
962 644 995 687 n.
1309 641 1350 703 85

141 796 212 862 est,
240 785 315 867 quia
336 802 497 865 nunquam
520 786 623 857 latuit,
651 787 721 867 quia
744 806 865 869 semper
890 791 1002 866 illuxit,
1031 796 1120 858 etiam
1142 808 1211 861 ante
1232 803 1348 868 Romu-

146 888 215 949 lum
229 888 352 967 ipsum,
375 887 490 949 nedum
506 896 576 949 ante
593 887 763 964 Tiberium3
786 891 846 952 nisi
868 893 948 971 quod
971 894 1045 955 solis
1060 895 1220 963 haereticis
1241 906 1346 983 cogni-

147 999 207 1051 tus
228 1008 292 1050 non
312 996 378 1061 est,
402 989 454 1068 qui
477 988 504 1050 ei
527 990 681 1069 negotium
702 990 831 1064 iaciunt,
854 1000 1014 1072 propterea
1029 995 1118 1058 alium
1133 999 1223 1062 deum
1237 1004 1345 1067 existi·
1433 999 1448 1036 ·'
1495 1026 1511 1053 ·

145 1099 272 1152 mantes
294 1091 569 1169 praesumendum,
591 1091 661 1169 quia
676 1109 765 1170 quem
780 1095 896 1154 constat
914 1112 983 1156 esse
997 1094 1234 1176 'reprehendere
1248 1105 1343 1183 magis

142 1199 288 1272 possum
307 1210 399 1270 quam
420 1210 547 1271 negare,
580 1192 618 1253 de
645 1192 769 1254 arbitrio
802 1212 910 1256 sensus
938 1197 984 1256 sni
1012 1195 1214 1276 'pensitantes
1242 1203 1341 1278 deum,

141 1293 266 1372 aliqui⁸
290 1292 539 1372 proinde⁴atque
560 1292 586 1353 si
601 1291 740 1353 ‘caecus'
763 1292 807 1355 vel
823 1295 1023 1358 “fluitantibus
1046 1298 1148 1360 oculis·
1161 1298 1229 1361 ideo
1252 1302 1342 1366 aliurn

144 1393 248 1455 solem
274 1411 470 1472 praesumere
492 1393 562 1455 velit
584 1393 733 1454 mitiorem
756 1402 787 1454 et
808 1393 1004 1457 salubriorem
1037 1398 1105 1475 quia
1134 1418 1223 1477 quem
1245 1402 1343 1464 videat

145 1513 212 1555 non
235 1494 331 1554 videt.
377 1494 487 1556 Unicus
511 1494 558 1555 sol
580 1502 642 1567 est,
666 1513 684 1555 o
706 1492 816 1567 homo,
846 1496 895 1574 qui
918 1496 1061 1557 mundum
1082 1496 1163 1559 bunc
1183 1507 1339 1581 temperat,

145 1605 180 1656 et
201 1595 331 1675 quando
354 1614 416 1655 non
437 1603 543 1674 putas,
571 1595 701 1671 optimus
724 1602 755 1654 et
776 1595 873 1667 utilis,
903 1604 1021 1656 etcum
1043 1595 1095 1657 tibi
1118 1598 1216 1659 acrior
1238 1609 1270 1661 et
1288 1602 1338 1662 in·

145 1697 265 1756 latior
289 1694 337 1755 vel
359 1695 448 1755 etiam
469 1694 621 1756 sordidior
642 1703 731 1772 atque
753 1696 938 1774 corruptior,
960 1696 1069 1758 rationi
1084 1704 1182 1758 tamen
1199 1717 1270 1760 suae
1284 1718 1339 1781 par

147 1808 209 1857 est.
261 1795 339 1856 Eam
362 1804 394 1855 tu
421 1795 466 1855 'si
495 1794 666 1875 perspicere
694 1812 756 1856 non
783 1796 880 1870 vales,
913 1797 971 1857 iarn
1000 1815 1055 1858 nec
1081 1797 1187 1857 'ullius
1216 1798 1337 1862 alterius

149 1898 244 1969 solis,
279 1896 307 1956 si
329 1896 381 1975 qui
403 1896 528 1968 suisset,
560 1896 661 1956 radios
684 1897 836 1958 sustinere
857 1896 1026 1976 potuisses,
1057 1897 1159 1976 utique
1186 1897 1336 1964 'maioris

148 1998 224 2058 uam
247 1997 303 2076 qut
327 1996 386 2057 ¹‘'in
409 1996 580 2057 inferiorem
596 1996 684 2056 deum
699 1997 844 2069 caecutis,
867 1997 937 2075 quid
953 1997 983 2057 in
999 1996 1228 2060 sublimiorem?
1257 1999 1337 2072 Quin

150 2100 254 2177 potius
278 2097 444 2159 infirmitati
461 2106 528 2157 tuae
545 2097 682 2175 ¹¹parcis‚
706 2098 812 2158 necin
836 2097 1000 2175 periculum
1015 2098 1199 2171 extenderis,
1220 2097 1336 2161 babens

151 2199 240 2259 duim
264 2199 383 2259 certum
406 2206 436 2257 et
457 2195 652 2258 indubitatum
675 2204 706 2258 et
726 2197 784 2258 hoc
803 2198 872 2276 ipso
895 2198 968 2258 satis
990 2200 1103 2269 visum,
1128 2215 1195 2258 cum
1217 2197 1248 2258 id
1269 2197 1335 2276 pri·

154 2318 231 2361 nam
255 2301 451 2379 conspexeris
474 2316 543 2359 eum
564 2316 632 2359 esse
654 2316 742 2376 quem
764 2315 826 2358 uon
854 2298 932 2359 scias
953 2297 1014 2359 nisi
1037 2304 1178 2375 exparte
1200 2314 1258 2375 qua
1278 2315 1336 2357 vo·
1428 2311 1435 2316 ’

156 2400 206 2461 luit
233 2401 314 2479 ipse.
369 2399 430 2459 Sed
457 2399 547 2459 deum
574 2398 693 2477 quidem
720 2405 753 2459 ut
780 2398 880 2460 sciens
910 2415 971 2458 non
999 2415 1107 2475 negas,
1139 2405 1173 2458 ut
1198 2396 1335 2458 nesciens

158 2510 315 2573 mutam,
340 2499 433 2560 immo
450 2508 481 2559 et
495 2516 616 2559 accusas
639 2499 721 2577 quasi
745 2498 861 2571 sciens,
884 2515 972 2578 quem
993 2497 1020 2558 si
1035 2497 1144 2569 scires,
1167 2513 1228 2557 uon
1243 2514 1333 2558 accu-

158 2619 253 2670 sares,
277 2602 374 2663 immo
396 2618 452 2660 nec
472 2607 661 2660 retractares.
694 2598 832 2659 Reddens
848 2616 960 2659 nomen
973 2597 1016 2659 illi
1030 2615 1121 2675 negas
1137 2597 1334 2659 substantiam

157 2702 302 2774 minis,
327 2701 359 2761 id
381 2708 428 2761 est
449 2698 689 2777 ¹²magnitudinis
711 2717 786 2777 quae
808 2700 882 2759 deus
905 2698 1028 2772 dicitur,
1050 2716 1112 2760 non
1135 2675 1245 2759 uniam
1266 2716 1333 2761 eant

160 2800 368 2880 ”agnoscens,
397 2808 537 2880 quanmm
559 2799 585 2859 si
607 2800 697 2859 borno
722 2798 741 2829 ¹⁴
749 2799 936 2860 omnifariam
957 2817 1050 2861 nosse
1071 2798 1237 2877 potuisset,
1265 2816 1332 2860 ma·

158 2904 274 2981 gtiitndu
289 2921 353 2963 non
369 2911 463 2963 esset.
499 2901 626 2961 ¹⁵Esaias
642 2901 700 2961 iam
715 2909 777 2961 tum
800 2901 953 2980 apostolus
976 2899 1163 2978 prospiciens
1185 2898 1333 2960 haeretica

159 3005 261 3076 corda,
284 3002 377 3075 Quis,
401 3003 513 3081 inquit,
537 3001 677 3079 cognovit
690 3020 810 3062 sensum
826 3001 953 3072 domini,
969 3010 1018 3061 aut
1032 3000 1099 3080 quis
1114 2991 1486 3098 “consiiiarius'ssgfflfflj

162 3105 220 3165 eins
243 3104 323 3165 luit?
347 3103 456 3165 autad
478 3120 567 3180 quem
589 3102 779 3174 consultavit,
802 3110 853 3161 aut
873 3102 950 3162 viam
963 3100 1131 3161 intellectus
1148 3110 1178 3160 et
1191 3101 1334 3162 scientiae

161 3206 221 3282 (pris
242 3204 458 3265 demonstravit
479 3201 531 3263 ei?
575 3202 680 3262 eules
701 3201 855 3280 apostolus
880 3199 1071 3272 ¹²eondicet³‚
1104 3199 1128 3261 0
1152 3200 1487 3279 profundentem

162 3304 324 3366 diritiamm
348 3315 377 3366 et
400 3304 524 3383 sophiae
553 3303 617 3374 dei,
647 3310 679 3362 ut
706 3300 951 3379 ininvestigabilia
979 3301 1087 3362 iudicia
1116 3300 1197 3372 eius,
1231 3301 1333 3378 utiquc

164 3404 206 3465 dei
227 3406 352 3479 indicis,
376 3412 407 3465 el
428 3403 679 3480 ininvestigabiles
701 3402 764 3463 viae
787 3403 871 3471 eius,
894 3401 995 3477 utique
1011 3398 1176 3458 intellectus
1191 3406 1221 3457 et
1237 3399 1338 3458 scien·

163 3507 231 3577 tiae,
258 3525 332 3585 quas
356 3505 493 3566 sinemo
517 3503 707 3575 monstravit,
735 3502 793 3562 nisi
821 3503 899 3559 lorte
927 3499 978 3558 isti
1001 3514 1144 3558 censores
1167 3495 1337 3569 divinitatis,

165 3606 305 3680 dicentes,
329 3606 380 3666 Sic
403 3624 462 3665 non
485 3602 588 3664 debuit
608 3602 698 3674 deus,
722 3612 765 3674 et,
790 3601 841 3661 Sic
863 3599 957 3677 magis
973 3595 1091 3670 debuit,
1114 3596 1199 3676 quasi
1221 3615 1335 3677 cogno-

167 3755 499 3821 2reprebendendumlBC.
542 3754 565 3803 3.
584 3755 706 3818 pensitant
724 3756 837 3803 latinius.
879 3751 903 3800 4.
922 3751 1010 3800 aelli.
1057 3750 1081 3798 5.
1100 3751 1178 3799 caecis
1196 3751 1335 3802 Salmasius.

167 3823 372 3875 &induentibus
389 3824 432 3873 ta.
475 3823 499 3871 i.
518 3824 539 3871 si
558 3823 698 3886 perspicere
716 3836 764 3869 non
783 3821 862 3868 valeas
884 3820 1005 3869 Vaticanus
1023 3833 1091 3866 unus.
1127 3818 1267 3880 perspicere
1285 3833 1335 3868 non

167 3893 300 3942 uituslb.
353 3892 377 3940 8.
398 3891 542 3939 illiusABC.
594 3889 617 3938 9.
638 3889 742 3936 maiores
764 3890 886 3936 Vaticanus
904 3902 972 3935 unus.
1026 3885 1242 3934 10.inom.tnt.
1294 3885 1334 3934 ll.

168 3966 302 4020 pamma.
359 3958 396 4007 12.
417 3958 588 4018 magnitudinis
606 3970 668 4019 qnae
686 3957 805 4004 llit'clred.
843 3953 1029 4012 magnitudinem
1049 3967 1095 4016 qua
1114 3953 1226 4001 latitius.
1251 3953 1336 4003 stoici

168 4028 441 4076 humfridum.
497 4023 785 4083 13.cognoscenst(li).
832 4020 870 4068 14.
891 4020 1079 4069 omnilarislli.
1126 4018 1334 4069 15.Esoirsiam

169 4101 212 4142 tn
228 4099 259 4152 ι,
278 4096 431 4144 mietinio
451 4093 659 4154 excodiceoiiquo
672 4091 786 4139 Vaticano.
823 4089 875 4150 ipse
894 4089 957 4135 enim
974 4087 1018 4136 tu.
1053 4087 1108 4150 lpse
1127 4087 1173 4134 ism
1188 4086 1241 4136 dub.
1276 4086 1334 4149 lpse

168 4162 277 4210 ianm
294 4179 324 4221 c,
344 4178 374 4210 es
396 4162 505 4208 Vaticano
523 4175 579 4207 uno.
632 4156 672 4206 16.
691 4156 845 4205 consiliarius
863 4155 914 4202 eius
932 4155 1036 4204 lucete.
1084 4153 1119 4202 ilii
1137 4153 1291 4202 consiliarius
1308 4154 1366 4204 d.-

170 4228 204 4277 li.
219 4232 326 4279 condicet
342 4229 418 4278 luca.
441 4228 565 4276 Vaticanus
583 4233 685 4288 uterque.
721 4224 869 4272 contradicet
888 4222 941 4271 Coi.
1408 4212 1416 4229 ⁴

170 4362 295 4426 tisapnl.
314 4361 393 4424 capd
410 4359 503 4420 „Quod
523 4358 587 4407 aliud
605 4361 721 4420 negotium
772 4358 827 4406 libr.
849 4356 882 4404 tte
901 4355 977 4404 Pallio
1001 4369 1025 4417 p.
1046 4352 1093 4402 134
1104 4368 1140 4416 sq.
1166 4353 1270 4402 correxit
1293 4351 1333 4411 „si

169 4439 243 4488 suitur
265 4432 417 4479 Christianus
447 4428 494 4476 nisi
519 4441 578 4474 sure
601 4422 721 4475 sectae?“
772 4426 846 4474 coccis
864 4423 899 4471 vel
919 4421 1065 4470 fluitantibus
1084 4419 1178 4469 oculis“
1197 4427 1252 4468 cett
1279 4419 1334 4467 Non

169 4494 198 4542 lt·
217 4499 282 4546 verbo
304 4501 355 4563 pati
385 4498 418 4548 ci.
442 4496 539 4544 aduott.
566 4493 595 4541 ad
619 4493 720 4556 lpolog.
772 4506 835 4553 opus
847 4499 905 4539 erat.
931 4489 1047 4549 Rigaltius
1065 4502 1093 4536 ex
1107 4486 1332 4536 tinniturum.

171 4564 258 4625 nult.
772 4573 825 4621 cap.
839 4557 854 4606 2
873 4558 950 4605 adlert
960 4558 1040 4604 locum
1052 4554 1181 4614 gemellum
1200 4553 1348 4615 „lippiens

197 4629 216 4678 i.
232 4628 312 4697 aliqui]
328 4632 431 4693 Vulgata
451 4627 580 4679 distinctio
594 4635 721 4689 est„pen·
770 4627 835 4674 tibus
854 4627 925 4673 etiarn
942 4622 1073 4686 singularis
1091 4621 1189 4671 lucerna
1202 4630 1334 4668 numerosa

171 4705 252 4748 naues
274 4702 344 4750 deum
374 4699 469 4761 aliqui:
503 4694 606 4759 proinde
631 4694 721 4758 atque“
771 4692 836 4742 est.“

172 4772 215 4813 Φ
805 4760 830 4808 d.
849 4754 970 4822 condicet]
989 4755 1136 4807 consentiet
1161 4753 1198 4802 Cl.
1216 4745 1335 4814 quasad·
1396 4761 1400 4767 ·

198 4846 215 4881 t·
228 4832 317 4904 nans]
335 4835 427 4887 Claud.
435 4830 578 4882 Salmasius
589 4828 722 4880 inlertull.
772 4828 852 4878 notari
869 4827 901 4877 ad
917 4825 1041 4892 Scorpius.
1060 4837 1113 4888 cap.
1124 4820 1164 4872 tt„
