3242 5775
303 634 368 700 230
394 673 404 690 ι
548 648 650 700 oulltrl
673 646 803 691 smtlnt
826 646 991 690 raonunats
1013 644 1209 690 tantulam!

303 821 341 865 an
363 819 380 863 a
401 818 461 880 quo
482 798 557 861 fiunt
577 798 666 860 etiam
687 796 783 876 angeli
805 796 946 877 spiritus,
968 796 1054 858 cuius
1077 804 1107 857 et
1121 795 1151 857 in
1170 794 1337 875 primordio
1353 813 1389 876 sp

305 920 397 983 super
410 919 501 980 aquas
516 895 691 961 ferebatur?
722 898 796 959 Eius
819 915 944 976 rognum
966 896 1076 976 optabo
1096 896 1199 959 venire
1220 915 1310 977 quem
1326 915 1389 958 nun

303 1021 404 1083 mem
426 1001 538 1081 gloriae
559 998 673 1073 audivi,
702 1017 740 1062 an
762 998 792 1060 in
814 999 898 1061 cuius
920 1017 1010 1060 manu
1032 998 1120 1060 etiam
1143 997 1233 1059 corda
1254 1005 1328 1060 sunt
1350 1016 1389 1074 rep

164 1115 211 1161 tue
228 1116 288 1167 xes.
304 1105 380 1178 Quis
402 1102 484 1165 dabit
503 1101 576 1164 mibi
597 1119 704 1181 panem
725 1098 929 1163 cotidianan
962 1100 1095 1179 qni-nec
1122 1099 1236 1162 milium
1264 1098 1338 1160 milri
1368 1117 1389 1161 o

304 1223 343 1269 an
370 1204 421 1284 qui
448 1204 536 1265 etiam
563 1203 601 1265 de
629 1202 711 1264 caelo
737 1220 845 1281 panem
873 1201 1045 1279 angelorum
1073 1200 1254 1262 cotidianum
1282 1200 1389 1280 popul<

164 1316 288 1371 anama.
304 1303 476 1387 praestitit?
519 1304 595 1377 Quis
617 1303 689 1364 mibi
712 1302 816 1365 delicta
839 1300 989 1364 dimittet?
1021 1301 1071 1381 qui
1098 1320 1132 1363 ea
1154 1320 1215 1363 non
1237 1301 1389 1364 iudicandr

304 1407 428 1481 retinet,
450 1424 495 1467 an·
509 1405 576 1485 qui,
600 1405 626 1468 si
649 1422 710 1466 non
733 1404 897 1475 dimiserit,
920 1403 1074 1476 retinebit,
1098 1411 1130 1464 ut
1151 1401 1286 1465 iudicet?
1320 1403 1389 1475 Qua

304 1510 383 1571 sinet
408 1526 465 1569 noo
492 1505 597 1568 deduci
625 1505 656 1567 in
685 1503 934 1584 temptationem?
969 1522 1057 1583 quem
1089 1504 1200 1585 poterit
1230 1512 1389 1583 temptator

305 1610 426 1682 timere,
460 1627 498 1671 an
525 1608 613 1687 quia
641 1606 806 1687 primordio
835 1614 1042 1685 temptatorem
1070 1607 1206 1686 angelum
1233 1607 1389 1685 praedamr

304 1710 369 1772 lloc
390 1710 495 1771 ordine
515 1708 566 1789 qrri
587 1707 637 1769 alii
658 1708 715 1769 deo
736 1706 884 1786 supplicat
905 1716 935 1768 et
955 1724 1016 1767 non
1038 1707 1183 1779 creatori,
1211 1725 1274 1767 non
1296 1709 1389 1769 orati

164 1805 290 1877 [νο-113.
305 1812 359 1873 sed
380 1811 511 1872 infamat„
543 1809 674 1871 Proinde
695 1828 712 1869 a
734 1829 793 1889 qno
817 1817 930 1887 petam,
954 1817 987 1869 ut
1001 1806 1164 1888 accipiam?
1186 1807 1264 1888 apud
1280 1827 1389 1887 quem‹

305 1930 383 1984 ram,
406 1922 439 1973 ut
458 1908 629 1973 inveniam?
651 1911 688 1971 ad
710 1929 798 1989 quem
813 1910 956 1989 pulsabo,
979 1917 1011 1971 ut
1025 1910 1174 1989 aperiatur
1189 1907 1284 1971 mibi?
1306 1910 1376 1989 quis

304 2012 416 2093 petenti
438 2012 525 2080 dare,
559 2012 617 2073 nisi
645 2012 727 2074 ornus
756 2011 872 2083 omnia,
906 2012 990 2072 cuius
1021 2030 1088 2072 snm
1111 2009 1199 2072 etiarn
1221 2010 1287 2090 ipse
1310 2012 1389 2091 quil

305 2113 383 2187 Quid
405 2120 503 2174 autem
525 2112 640 2191 perdidi
668 2112 746 2193 apud
773 2113 860 2173 deum
889 2112 987 2183 illum,
1019 2120 1052 2172 ut
1079 2112 1157 2191 apud
1185 2130 1253 2173 eum
1280 2130 1389 2190 quaere

304 2211 475 2275 inveniam?
518 2214 551 2275 Si
573 2214 748 2293 sapientiam
770 2195 859 2292 atque
880 2212 1077 2292 prudentiam,
1100 2213 1154 2274 has
1176 2220 1292 2274 creator
1314 2213 1389 2275 abac

303 2315 389 2396 Apud
412 2333 480 2376 eum
502 2333 572 2393 ergo
593 2314 758 2394 quaeram?
790 2315 823 2375 Si
846 2314 970 2376 salutem
992 2321 1023 2374 et
1043 2314 1147 2387 vitam,
1171 2322 1201 2375 et
1222 2314 1276 2375 bas
1299 2314 1380 2393 apud

304 2413 425 2476 torem?
460 2414 540 2476 Nihil
561 2415 629 2477 alibi
652 2423 812 2495 quaeretur
833 2422 867 2474 ut
888 2415 1056 2476 inveniatur
1076 2434 1162 2494 qaam
1190 2413 1241 2475 ubi
1264 2414 1350 2477 latuit
1372 2435 1389 2477 u

305 2525 416 2595 pareat.
460 2514 510 2576 Sic
530 2533 586 2576 neo
607 2515 750 2577 aliorsum
773 2515 898 2594 pulsabo
921 2533 1009 2593 quam
1031 2516 1111 2576 unde
1133 2534 1199 2577 sum
1221 2515 1388 2577 “sunctust

281 2615 395 2694 ·nique
417 2616 444 2675 ai
466 2614 599 2694 accipere
621 2623 652 2676 et
673 2616 806 2676 iuvenire
828 2622 857 2677 et
879 2615 993 2677 admitti
1015 2616 1126 2677 laboris
1149 2623 1180 2677 et
1191 2616 1352 2677 instantiae
1367 2618 1389 2678 ir

234 2747 237 2755 ·
306 2725 352 2777 est
373 2714 414 2776 illi
436 2715 487 2795 qui
507 2715 609 2796 ⁷petiit
629 2723 660 2777 et
680 2715 826 2795 quaesivit
846 2724 877 2777 et
898 2716 1042 2802 pulsavit,
1066 2716 1203 2795 intellege
1225 2717 1298 2778 baec
1317 2737 1389 2780 acra

306 2816 438 2879 mandari
460 2824 490 2878 et
510 2816 690 2897 repromitti.
734 2816 786 2877 llle
814 2815 895 2877 enim
922 2816 997 2878 deus
1026 2817 1156 2897 optimus
1184 2805 1263 2878 ultro
1292 2820 1389 2881 veniet

305 2919 515 2998 praestandum
536 2937 597 2980 non
619 2919 693 2980 ⁸suo
715 2917 830 2979 homini
858 2917 972 2980 nullum
999 2919 1040 2981 illi
1067 2919 1199 2980 laborem
1227 2938 1284 2982 neo
1312 2921 1389 2983 insta

304 3020 491 3093 'indixisset
534 3020 595 3081 lam
618 3020 697 3082 enirn
720 3039 780 3081 non
802 3019 950 3099 optimus,
974 3020 1001 3082 si
1022 3039 1082 3081 non
1104 3020 1181 3082 ultro
1204 3021 1292 3099 daret,
1315 3022 1389 3084 ¹⁰nor

304 3120 393 3194 uoti,
416 3129 447 3183 et
467 3121 601 3183 invenire
622 3129 786 3201 praestaret
807 3139 869 3181 non
884 3121 1052 3199 qurerenti,
1075 3130 1105 3182 et
1119 3122 1248 3202 aperiret
1262 3141 1323 3184 non
1339 3124 1389 3203 pul

305 3221 429 3284 Creator
450 3230 548 3284 autem
569 3222 667 3302 potuit
687 3222 818 3284 indicere
846 3222 902 3283 ista
931 3241 986 3302 per
1006 3221 1173 3296 Christum,
1207 3231 1255 3297 nt,
1285 3225 1352 3304 quia
1380 3244 1389 3287 r

305 3323 424 3402 quando
446 3323 537 3385 homo
561 3323 726 3386 offenderat
740 3325 828 3385 deum
844 3341 946 3395 suum,
967 3323 1132 3397 laboraret,
1156 3333 1186 3386 et
1204 3324 1344 3387 instantia
1358 3345 1389 3406 pa

190 3435 291 3530 22:3¹¹.
305 3425 467 3505 acciperet,
490 3434 521 3487 ot
541 3424 701 3505 quaerendi
716 3424 877 3496 inveniret,
899 3431 930 3486 et
944 3424 1081 3504 pulsandi
1096 3424 1241 3487 introiret.
1281 3425 1332 3488 Sic
1345 3436 1377 3488 et

258 3518 263 3530 ’
304 3526 398 3588 mium
429 3526 592 3588 similitudo
619 3534 799 3587 nocturnum
826 3523 917 3604 panis
951 3526 1111 3605 petitorem
1140 3526 1294 3588 ''amioum
1322 3527 1389 3591 lauit

305 3627 448 3699 alienum,
472 3634 502 3687 et
523 3626 560 3688 ad
581 3627 708 3697 amicum
722 3625 908 3706 pulsantem,
930 3643 992 3686 non
1006 3626 1043 3687 ad
1058 3626 1201 3705 ignotum.
1234 3627 1389 3691 Amicusa

306 3726 394 3788 etiam
416 3727 443 3788 si
466 3727 606 3801 offendit,
641 3726 735 3806 magis
765 3725 908 3787 creatoris
938 3736 984 3788 est
1010 3728 1102 3789 bomo
1131 3746 1218 3806 quam
1240 3729 1288 3790 dei
1308 3729 1389 3793 llam

266 3826 268 3830 ’
304 3827 405 3906 ltaque
427 3827 464 3890 ad
485 3845 554 3889 eum
574 3826 674 3909 pulsat
700 3827 737 3888 ad
759 3845 847 3908 quem
869 3825 916 3888 ius
943 3827 984 3888 illi
1008 3835 1086 3901 erat,
1124 3830 1208 3890 ouius
1237 3829 1355 3892 ianuam
1382 3850 1389 3892 r

305 3946 393 4005 quem
415 3927 525 3990 babere
546 3947 640 4008 panes
668 3928 794 4002 sciebat,
827 3928 985 3991 cubantem
1011 3928 1070 3990 iam
1097 3949 1164 3992 cum
1192 3930 1371 4004 infantibus,

246 4053 248 4057 ·
305 4027 389 4089 nasci
409 4029 553 4091 voluerat
596 4027 692 4090 Etiam
720 4029 800 4110 quod
829 4047 899 4091 aero
927 4029 1077 4110 pulsatur,
1108 4031 1389 4095 nestorianitas

304 4127 385 4190 lilius
408 4138 438 4190 et
458 4148 559 4192 serum
580 4128 664 4192 cuius
687 4130 838 4193 saeculum
861 4140 892 4192 et
912 4129 1019 4192 saeculi
1046 4149 1178 4195 occasus
1215 4132 1259 4194 nd
1273 4132 1389 4197 deuma

305 4313 329 4363 d.
349 4315 444 4364 tanetus
461 4316 533 4368 aar.
556 4319 716 4368 latiomorum
732 4318 799 4368 alter.
842 4317 938 4379 lagatus
955 4319 992 4367 ab.
1051 4316 1076 4367 7.
1095 4318 1154 4382 petit
1172 4319 1215 4370 ac.
1265 4317 1290 4369 8.
1307 4320 1346 4370 ani
1363 4320 1389 4371 m

305 4381 480 4434 induaisaatd.
534 4384 573 4437 1⁰.
592 4398 642 4434 non
659 4385 756 4436 eradit.
810 4384 850 4434 ll.
869 4384 939 4435 amici
956 4384 1000 4434 BG

338 4531 359 4566 e
378 4530 449 4579 quau
474 4517 538 4568 aa&
561 4532 615 4568 san
640 4512 748 4584 lunatas]
773 4519 800 4569 ld
818 4528 864 4578 ast,
916 4518 1004 4570 melius
1022 4519 1194 4584 interpretatur
1212 4520 1389 4586 „abiaiiqani

304 4584 344 4634 abi
367 4590 392 4663 et
413 4584 478 4648 apua
502 4599 574 4649 qnam
598 4585 702 4650 palum,
729 4588 775 4636 nisi
799 4588 863 4650 apud
915 4600 973 4636 nere
993 4601 1046 4636 mec
1064 4602 1119 4638 aum
1139 4589 1244 4648 tuaene,
1262 4603 1293 4638 ea
1310 4584 1389 4655 quoa

303 4666 358 4730 eam
377 4665 456 4729 ipram
466 4653 669 4732 quincuncem
683 4653 864 4731 bac'laoctione
914 4653 1028 4731 pulsandi
1045 4663 1099 4705 orta
1116 4664 1169 4719 ηις
1195 4657 1243 4707 boc
1265 4665 1304 4707 ast
1329 4656 1389 4709 calu

303 4717 863 4849 :tttttfllttttll‘tlttltltt
913 4721 1160 4854 :illudunt
1177 4724 1389 4844 tutata!

303 4861 365 4919 dus,
381 4855 429 4906 boe
445 4861 484 4906 ast
500 4854 564 4909 rada
580 4856 715 4923 inpetrari,
733 4857 769 4907 rel
780 4857 862 4909 ntPa·
912 4857 1009 4909 ianam
1026 4857 1125 4909 norea‘·
