<?xml version="1.0" encoding="UTF-8"?>
<!DOCTYPE html PUBLIC "-//W3C//DTD XHTML 1.0 Transitional//EN"
    "http://www.w3.org/TR/xhtml1/DTD/xhtml1-transitional.dtd">
<html xmlns="http://www.w3.org/1999/xhtml" xml:lang="en" lang="en">
 <head>
  <title>
</title>
<meta http-equiv="Content-Type" content="text/html;charset=utf-8" />
  <meta name='ocr-system' content='tesseract 3.04.00' />
  <meta name='ocr-capabilities' content='ocr_page ocr_carea ocr_par ocr_line ocrx_word'/>
</head>
<body>
  <div class='ocr_page' id='page_1' title='image "./quaesupersuntom00oehlgoog_0177.png"; bbox 0 0 3242 5775; ppageno 0'>
   <div class='ocr_carea' id='block_1_1' title="bbox 583 658 1408 723">
    <p class='ocr_par' dir='ltr' id='par_1_1' title="bbox 583 658 1408 723">
     <span class='ocr_line' id='line_1_1' title="bbox 583 658 1408 723; baseline 0.027 -22"><span class='ocrx_word' id='word_1_1' title='bbox 583 658 731 701; x_wconf 77' lang='lat' dir='ltr'><strong>rovenses</strong></span> <span class='ocrx_word' id='word_1_2' title='bbox 755 659 927 706; x_wconf 68' lang='lat' dir='ltr'><strong>alucinanti</strong></span> <span class='ocrx_word' id='word_1_3' title='bbox 949 663 1006 706; x_wconf 82' lang='lat' dir='ltr'><strong>tin.</strong></span> <span class='ocrx_word' id='word_1_4' title='bbox 1023 665 1059 707; x_wconf 80' lang='lat' dir='ltr'><strong>rr.</strong></span> <span class='ocrx_word' id='word_1_5' title='bbox 1209 668 1212 674; x_wconf 82' lang='lat'>·</span> <span class='ocrx_word' id='word_1_6' title='bbox 1346 659 1408 723; x_wconf 74' lang='lat'><strong>2¹3</strong></span> 
     </span>
    </p>
   </div>
   <div class='ocr_carea' id='block_1_2' title="bbox 189 806 1529 3310">
    <p class='ocr_par' dir='ltr' id='par_1_2' title="bbox 246 806 1404 991">
     <span class='ocr_line' id='line_1_2' title="bbox 252 806 1404 891; baseline 0.013 -23"><span class='ocrx_word' id='word_1_7' title='bbox 252 807 325 887; x_wconf 64' lang='lat' dir='ltr'><strong>igitur</strong></span> <span class='ocrx_word' id='word_1_8' title='bbox 343 818 374 869; x_wconf 92' lang='lat' dir='ltr'><strong>et</strong></span> <span class='ocrx_word' id='word_1_9' title='bbox 396 817 426 870; x_wconf 91' lang='lat' dir='ltr'><strong>tu</strong></span> <span class='ocrx_word' id='word_1_10' title='bbox 448 826 515 870; x_wconf 89' lang='lat' dir='ltr'><strong>cum</strong></span> <span class='ocrx_word' id='word_1_11' title='bbox 538 826 609 888; x_wconf 74' lang='lat' dir='ltr'><strong>rege</strong></span> <span class='ocrx_word' id='word_1_12' title='bbox 630 806 792 888; x_wconf 78' lang='lat' dir='ltr'><strong>Babylonio</strong></span> <span class='ocrx_word' id='word_1_13' title='bbox 814 811 965 873; x_wconf 77' lang='lat' dir='ltr'><strong>fornacem</strong></span> <span class='ocrx_word' id='word_1_14' title='bbox 989 813 1053 876; x_wconf 91' lang='lat' dir='ltr'><strong>eius</strong></span> <span class='ocrx_word' id='word_1_15' title='bbox 1076 815 1244 891; x_wconf 80' lang='lat' dir='ltr'>ardentem,</span> <span class='ocrx_word' id='word_1_16' title='bbox 1267 829 1298 881; x_wconf 88' lang='lat' dir='ltr'><strong>et</strong></span> <span class='ocrx_word' id='word_1_17' title='bbox 1318 822 1404 884; x_wconf 87' lang='lat' dir='ltr'><strong>inve-</strong></span> 
     </span>
     <span class='ocr_line' id='line_1_3' title="bbox 246 908 1404 991; baseline 0.013 -21"><span class='ocrx_word' id='word_1_18' title='bbox 246 909 295 970; x_wconf 73' lang='lat' dir='ltr'><strong>ricr</strong></span> <span class='ocrx_word' id='word_1_19' title='bbox 314 908 374 970; x_wconf 91' lang='lat' dir='ltr'><strong>illic</strong></span> <span class='ocrx_word' id='word_1_20' title='bbox 396 916 533 988; x_wconf 80' lang='lat' dir='ltr'><strong>tanquam</strong></span> <span class='ocrx_word' id='word_1_21' title='bbox 557 908 649 971; x_wconf 82' lang='lat' dir='ltr'><strong>tilium</strong></span> <span class='ocrx_word' id='word_1_22' title='bbox 670 909 802 972; x_wconf 88' lang='lat' dir='ltr'><strong>henricis</strong></span> <span class='ocrx_word' id='word_1_23' title='bbox 825 911 969 981; x_wconf 82' lang='lat' dir='ltr'><strong>(nondiun</strong></span> <span class='ocrx_word' id='word_1_24' title='bbox 991 915 1068 976; x_wconf 89' lang='lat' dir='ltr'><strong>enim</strong></span> <span class='ocrx_word' id='word_1_25' title='bbox 1085 936 1154 979; x_wconf 85' lang='lat' dir='ltr'><strong>vere</strong></span> <span class='ocrx_word' id='word_1_26' title='bbox 1169 927 1247 991; x_wconf 86' lang='lat' dir='ltr'><strong>erat,</strong></span> <span class='ocrx_word' id='word_1_27' title='bbox 1269 922 1404 986; x_wconf 90' lang='lat' dir='ltr'><strong>nondum</strong></span> 
     </span>
    </p>

    <p class='ocr_par' dir='ltr' id='par_1_3' title="bbox 189 999 1402 1086">
     <span class='ocr_line' id='line_1_4' title="bbox 189 999 1402 1086; baseline 0.012 -16"><span class='ocrx_word' id='word_1_28' title='bbox 189 999 193 1010; x_wconf 61' lang='lat'><strong>⁴</strong></span> <span class='ocrx_word' id='word_1_29' title='bbox 241 1008 335 1072; x_wconf 74' lang='lat' dir='ltr'><strong>adlieet</strong></span> <span class='ocrx_word' id='word_1_30' title='bbox 359 1018 448 1072; x_wconf 88' lang='lat' dir='ltr'><strong>natus</strong></span> <span class='ocrx_word' id='word_1_31' title='bbox 464 1030 500 1072; x_wconf 85' lang='lat' dir='ltr'><strong>ex</strong></span> <span class='ocrx_word' id='word_1_32' title='bbox 515 1009 649 1086; x_wconf 87' lang='lat' dir='ltr'><strong>homine)</strong></span> <span class='ocrx_word' id='word_1_33' title='bbox 671 1010 729 1074; x_wconf 88' lang='lat' dir='ltr'><strong>iam</strong></span> <span class='ocrx_word' id='word_1_34' title='bbox 753 1021 824 1074; x_wconf 90' lang='lat' dir='ltr'><strong>tunc</strong></span> <span class='ocrx_word' id='word_1_35' title='bbox 845 1013 923 1073; x_wconf 90' lang='lat' dir='ltr'><strong>istos</strong></span> <span class='ocrx_word' id='word_1_36' title='bbox 944 1015 1041 1086; x_wconf 80' lang='lat' dir='ltr'><strong>exitus</strong></span> <span class='ocrx_word' id='word_1_37' title='bbox 1064 1018 1305 1084; x_wconf 70' lang='lat' dir='ltr'><strong>constituentem.</strong></span> <span class='ocrx_word' id='word_1_38' title='bbox 1333 1022 1402 1085; x_wconf 89' lang='lat' dir='ltr'><strong>Sal-</strong></span> 
     </span>
    </p>

    <p class='ocr_par' dir='ltr' id='par_1_4' title="bbox 190 1111 1529 2806">
     <span class='ocr_line' id='line_1_5' title="bbox 190 1111 1400 1201; baseline 0.009 -28"><span class='ocrx_word' id='word_1_39' title='bbox 190 1123 194 1128; x_wconf 86' lang='grc'><strong><em>·</em></strong></span> <span class='ocrx_word' id='word_1_40' title='bbox 237 1129 275 1174; x_wconf 78' lang='lat' dir='ltr'><strong>tas</strong></span> <span class='ocrx_word' id='word_1_41' title='bbox 293 1112 365 1174; x_wconf 83' lang='lat' dir='ltr'><strong>iacit</strong></span> <span class='ocrx_word' id='word_1_42' title='bbox 387 1111 502 1173; x_wconf 89' lang='lat' dir='ltr'><strong>animas</strong></span> <span class='ocrx_word' id='word_1_43' title='bbox 525 1111 615 1173; x_wconf 90' lang='lat' dir='ltr'><strong>trium</strong></span> <span class='ocrx_word' id='word_1_44' title='bbox 632 1113 773 1184; x_wconf 80' lang='lat' dir='ltr'><strong>fratrum,</strong></span> <span class='ocrx_word' id='word_1_45' title='bbox 795 1113 845 1191; x_wconf 82' lang='lat' dir='ltr'><strong>qui</strong></span> <span class='ocrx_word' id='word_1_46' title='bbox 867 1133 918 1175; x_wconf 90' lang='lat' dir='ltr'><strong>eas</strong></span> <span class='ocrx_word' id='word_1_47' title='bbox 940 1134 995 1194; x_wconf 94' lang='lat' dir='ltr'><strong>pro</strong></span> <span class='ocrx_word' id='word_1_48' title='bbox 1019 1116 1075 1177; x_wconf 92' lang='lat' dir='ltr'><strong>deo</strong></span> <span class='ocrx_word' id='word_1_49' title='bbox 1098 1119 1223 1197; x_wconf 81' lang='lat' dir='ltr'><strong>perdere</strong></span> <span class='ocrx_word' id='word_1_50' title='bbox 1244 1123 1400 1201; x_wconf 88' lang='lat' dir='ltr'><strong>conspira-</strong></span> 
     </span>
     <span class='ocr_line' id='line_1_6' title="bbox 233 1212 1399 1295; baseline 0.015 -28"><span class='ocrx_word' id='word_1_51' title='bbox 233 1221 337 1285; x_wconf 74' lang='lat' dir='ltr'><strong>renui,</strong></span> <span class='ocrx_word' id='word_1_52' title='bbox 362 1213 581 1275; x_wconf 77' lang='lat' dir='ltr'><strong>Chaldaeorum</strong></span> <span class='ocrx_word' id='word_1_53' title='bbox 597 1232 667 1274; x_wconf 90' lang='lat' dir='ltr'><strong>rere</strong></span> <span class='ocrx_word' id='word_1_54' title='bbox 682 1212 829 1293; x_wconf 77' lang='lat' dir='ltr'><strong>perdidit,</strong></span> <span class='ocrx_word' id='word_1_55' title='bbox 851 1234 924 1293; x_wconf 85' lang='lat' dir='ltr'><strong>quas</strong></span> <span class='ocrx_word' id='word_1_56' title='bbox 940 1216 981 1278; x_wconf 90' lang='lat' dir='ltr'><strong>illi</strong></span> <span class='ocrx_word' id='word_1_57' title='bbox 996 1235 1050 1295; x_wconf 84' lang='lat' dir='ltr'><strong>per</strong></span> <span class='ocrx_word' id='word_1_58' title='bbox 1064 1217 1286 1282; x_wconf 81' lang='lat' dir='ltr'><strong>”idololatriam</strong></span> <span class='ocrx_word' id='word_1_59' title='bbox 1303 1221 1399 1285; x_wconf 85' lang='lat' dir='ltr'><strong>salvas</strong></span> 
     </span>
     <span class='ocr_line' id='line_1_7' title="bbox 228 1313 1397 1400; baseline 0.006 -22"><span class='ocrx_word' id='word_1_60' title='bbox 228 1313 314 1378; x_wconf 76' lang='lat' dir='ltr'><strong>lacere</strong></span> <span class='ocrx_word' id='word_1_61' title='bbox 345 1314 527 1400; x_wconf 75' lang='lat' dir='ltr'><strong>maluerant.</strong></span> <span class='ocrx_word' id='word_1_62' title='bbox 570 1313 653 1386; x_wconf 76' lang='lat' dir='ltr'><strong>Quae</strong></span> <span class='ocrx_word' id='word_1_63' title='bbox 676 1322 722 1374; x_wconf 90' lang='lat' dir='ltr'><strong>est</strong></span> <span class='ocrx_word' id='word_1_64' title='bbox 743 1313 800 1375; x_wconf 88' lang='lat' dir='ltr'><strong>ista</strong></span> <span class='ocrx_word' id='word_1_65' title='bbox 822 1332 898 1376; x_wconf 86' lang='lat' dir='ltr'><strong>nova</strong></span> <span class='ocrx_word' id='word_1_66' title='bbox 921 1316 1055 1379; x_wconf 91' lang='lat' dir='ltr'><strong>doctrina</strong></span> <span class='ocrx_word' id='word_1_67' title='bbox 1077 1319 1160 1380; x_wconf 88' lang='lat' dir='ltr'><strong>cuius</strong></span> <span class='ocrx_word' id='word_1_68' title='bbox 1183 1328 1281 1383; x_wconf 82' lang='lat' dir='ltr'><strong>vetera</strong></span> <span class='ocrx_word' id='word_1_69' title='bbox 1303 1321 1397 1386; x_wconf 88' lang='lat' dir='ltr'><strong>doce·</strong></span> 
     </span>
     <span class='ocr_line' id='line_1_8' title="bbox 224 1414 1395 1500; baseline 0.006 -24"><span class='ocrx_word' id='word_1_70' title='bbox 224 1425 314 1476; x_wconf 83' lang='lat' dir='ltr'><strong>menta</strong></span> <span class='ocrx_word' id='word_1_71' title='bbox 338 1414 439 1478; x_wconf 79' lang='lat' dir='ltr'><strong>sunt?</strong></span> <span class='ocrx_word' id='word_1_72' title='bbox 470 1416 654 1500; x_wconf 84' lang='lat' dir='ltr'><strong>Quamquam</strong></span> <span class='ocrx_word' id='word_1_73' title='bbox 678 1423 708 1476; x_wconf 91' lang='lat' dir='ltr'><strong>et</strong></span> <span class='ocrx_word' id='word_1_74' title='bbox 729 1414 965 1494; x_wconf 81' lang='lat' dir='ltr'><strong>praedicationes</strong></span> <span class='ocrx_word' id='word_1_75' title='bbox 980 1418 1186 1498; x_wconf 62' lang='lat' dir='ltr'><strong>martyriorum</strong></span> <span class='ocrx_word' id='word_1_76' title='bbox 1202 1429 1263 1482; x_wconf 89' lang='lat' dir='ltr'><strong>tam</strong></span> <span class='ocrx_word' id='word_1_77' title='bbox 1277 1417 1395 1483; x_wconf 86' lang='lat' dir='ltr'><strong>luurro·</strong></span> 
     </span>
     <span class='ocr_line' id='line_1_9' title="bbox 222 1504 1398 1602; baseline 0.005 -26"><span class='ocrx_word' id='word_1_78' title='bbox 222 1534 281 1586; x_wconf 81' lang='lat' dir='ltr'><strong>mm</strong></span> <span class='ocrx_word' id='word_1_79' title='bbox 302 1535 397 1596; x_wconf 87' lang='lat' dir='ltr'><strong>quam</strong></span> <span class='ocrx_word' id='word_1_80' title='bbox 413 1534 430 1576; x_wconf 90' lang='lat' dir='ltr'><strong>a</strong></span> <span class='ocrx_word' id='word_1_81' title='bbox 447 1504 504 1577; x_wconf 85' lang='lat' dir='ltr'><strong>deo</strong></span> <span class='ocrx_word' id='word_1_82' title='bbox 520 1515 687 1577; x_wconf 86' lang='lat' dir='ltr'><strong>mercedem</strong></span> <span class='ocrx_word' id='word_1_83' title='bbox 702 1516 901 1577; x_wconf 89' lang='lat' dir='ltr'><strong>relaturorum</strong></span> <span class='ocrx_word' id='word_1_84' title='bbox 924 1518 1164 1588; x_wconf 84' lang='lat' dir='ltr'><strong>decucurrerunt.</strong></span> <span class='ocrx_word' id='word_1_85' title='bbox 1196 1520 1278 1593; x_wconf 83' lang='lat' dir='ltr'><strong>Vide,</strong></span> <span class='ocrx_word' id='word_1_86' title='bbox 1301 1522 1398 1602; x_wconf 83' lang='lat' dir='ltr'><strong>inquit</strong></span> 
     </span>
     <span class='ocr_line' id='line_1_10' title="bbox 221 1615 1529 1699; baseline 0.003 -19"><span class='ocrx_word' id='word_1_87' title='bbox 221 1615 337 1680; x_wconf 69' lang='lat' dir='ltr'><strong>isaias.</strong></span> <span class='ocrx_word' id='word_1_88' title='bbox 363 1617 519 1697; x_wconf 83' lang='lat' dir='ltr'><strong>quomodo</strong></span> <span class='ocrx_word' id='word_1_89' title='bbox 542 1616 619 1697; x_wconf 92' lang='lat' dir='ltr'><strong>pcrit</strong></span> <span class='ocrx_word' id='word_1_90' title='bbox 640 1617 751 1688; x_wconf 86' lang='lat' dir='ltr'><strong>iustus,</strong></span> <span class='ocrx_word' id='word_1_91' title='bbox 775 1628 805 1680; x_wconf 89' lang='lat' dir='ltr'><strong>et</strong></span> <span class='ocrx_word' id='word_1_92' title='bbox 827 1636 915 1679; x_wconf 91' lang='lat' dir='ltr'><strong>nemo</strong></span> <span class='ocrx_word' id='word_1_93' title='bbox 939 1619 1046 1699; x_wconf 83' lang='lat' dir='ltr'><strong>excipit</strong></span> <span class='ocrx_word' id='word_1_94' title='bbox 1067 1621 1171 1693; x_wconf 86' lang='lat' dir='ltr'><strong>corde,</strong></span> <span class='ocrx_word' id='word_1_95' title='bbox 1195 1629 1226 1682; x_wconf 91' lang='lat' dir='ltr'><strong>et</strong></span> <span class='ocrx_word' id='word_1_96' title='bbox 1245 1620 1299 1692; x_wconf 78' lang='lat' dir='ltr'><strong>riri</strong></span> <span class='ocrx_word' id='word_1_97' title='bbox 1322 1620 1529 1692; x_wconf 72' lang='lat' dir='ltr'><strong>instinctum</strong></span> 
     </span>
     <span class='ocr_line' id='line_1_11' title="bbox 218 1718 1395 1800; baseline 0.003 -20"><span class='ocrx_word' id='word_1_98' title='bbox 218 1719 410 1798; x_wconf 65' lang='lat' dir='ltr'><strong>epicrocum,</strong></span> <span class='ocrx_word' id='word_1_99' title='bbox 444 1728 474 1779; x_wconf 90' lang='lat' dir='ltr'><strong>et</strong></span> <span class='ocrx_word' id='word_1_100' title='bbox 502 1737 590 1778; x_wconf 84' lang='lat' dir='ltr'><strong>nemo</strong></span> <span class='ocrx_word' id='word_1_101' title='bbox 619 1718 799 1778; x_wconf 79' lang='lat' dir='ltr'><strong>considerat</strong></span> <span class='ocrx_word' id='word_1_102' title='bbox 850 1719 979 1791; x_wconf 78' lang='lat' dir='ltr'><strong>Quando</strong></span> <span class='ocrx_word' id='word_1_103' title='bbox 1005 1719 1098 1798; x_wconf 80' lang='lat' dir='ltr'><strong>magis</strong></span> <span class='ocrx_word' id='word_1_104' title='bbox 1122 1720 1179 1782; x_wconf 93' lang='lat' dir='ltr'><strong>hoc</strong></span> <span class='ocrx_word' id='word_1_105' title='bbox 1200 1720 1233 1781; x_wconf 85' lang='lat' dir='ltr'><strong>fit</strong></span> <span class='ocrx_word' id='word_1_106' title='bbox 1253 1740 1340 1800; x_wconf 88' lang='lat' dir='ltr'><strong>quarn</strong></span> <span class='ocrx_word' id='word_1_107' title='bbox 1363 1722 1395 1784; x_wconf 91' lang='lat' dir='ltr'><strong>in</strong></span> 
     </span>
     <span class='ocr_line' id='line_1_12' title="bbox 216 1815 1394 1899; baseline 0.003 -17"><span class='ocrx_word' id='word_1_108' title='bbox 216 1819 427 1899; x_wconf 80' lang='lat' dir='ltr'><strong>persecattione</strong></span> <span class='ocrx_word' id='word_1_109' title='bbox 450 1828 621 1882; x_wconf 89' lang='lat' dir='ltr'><strong>sanctorum</strong></span> <span class='ocrx_word' id='word_1_110' title='bbox 637 1815 727 1880; x_wconf 79' lang='lat' dir='ltr'><strong>eiust</strong></span> <span class='ocrx_word' id='word_1_111' title='bbox 763 1818 870 1897; x_wconf 86' lang='lat' dir='ltr'><strong>Utique</strong></span> <span class='ocrx_word' id='word_1_112' title='bbox 892 1838 953 1880; x_wconf 92' lang='lat' dir='ltr'><strong>non</strong></span> <span class='ocrx_word' id='word_1_113' title='bbox 975 1820 1114 1899; x_wconf 82' lang='lat' dir='ltr'><strong>simplex,</strong></span> <span class='ocrx_word' id='word_1_114' title='bbox 1137 1838 1192 1881; x_wconf 91' lang='lat' dir='ltr'><strong>nec</strong></span> <span class='ocrx_word' id='word_1_115' title='bbox 1214 1821 1394 1888; x_wconf 80' lang='lat' dir='ltr'><strong>dc&#39;naturae</strong></span> 
     </span>
     <span class='ocr_line' id='line_1_13' title="bbox 215 1918 1392 2006; baseline 0.002 -25"><span class='ocrx_word' id='word_1_116' title='bbox 215 1920 276 1999; x_wconf 64' lang='lat' dir='ltr'><strong>lege</strong></span> <span class='ocrx_word' id='word_1_117' title='bbox 296 1918 504 1992; x_wconf 56' lang='lat' dir='ltr'><strong>communiat,</strong></span> <span class='ocrx_word' id='word_1_118' title='bbox 526 1918 608 1980; x_wconf 73' lang='lat' dir='ltr'><strong>”sed</strong></span> <span class='ocrx_word' id='word_1_119' title='bbox 631 1920 678 1981; x_wconf 90' lang='lat' dir='ltr'><strong>illa</strong></span> <span class='ocrx_word' id='word_1_120' title='bbox 701 1918 826 1997; x_wconf 80' lang='lat' dir='ltr'><strong>insignis</strong></span> <span class='ocrx_word' id='word_1_121' title='bbox 851 1928 881 1981; x_wconf 89' lang='lat' dir='ltr'><strong>et</strong></span> <span class='ocrx_word' id='word_1_122' title='bbox 901 1921 1029 1999; x_wconf 84' lang='lat' dir='ltr'><strong>preside</strong></span> <span class='ocrx_word' id='word_1_123' title='bbox 1046 1920 1198 1992; x_wconf 87' lang='lat' dir='ltr'><strong>militaris,</strong></span> <span class='ocrx_word' id='word_1_124' title='bbox 1222 1921 1253 1981; x_wconf 92' lang='lat' dir='ltr'><strong>in</strong></span> <span class='ocrx_word' id='word_1_125' title='bbox 1269 1939 1326 2006; x_wconf 83' lang='lat' dir='ltr'><strong>qua</strong></span> <span class='ocrx_word' id='word_1_126' title='bbox 1340 1921 1392 2000; x_wconf 81' lang='lat' dir='ltr'><strong>qui</strong></span> 
     </span>
     <span class='ocr_line' id='line_1_14' title="bbox 215 2020 1393 2100; baseline 0 -16"><span class='ocrx_word' id='word_1_127' title='bbox 215 2023 342 2084; x_wconf 75' lang='lat' dir='ltr'><strong>ammam</strong></span> <span class='ocrx_word' id='word_1_128' title='bbox 367 2040 452 2082; x_wconf 93' lang='lat' dir='ltr'><strong>suam</strong></span> <span class='ocrx_word' id='word_1_129' title='bbox 477 2029 600 2100; x_wconf 90' lang='lat' dir='ltr'><strong>propter</strong></span> <span class='ocrx_word' id='word_1_130' title='bbox 621 2020 707 2081; x_wconf 90' lang='lat' dir='ltr'><strong>deum</strong></span> <span class='ocrx_word' id='word_1_131' title='bbox 729 2020 844 2100; x_wconf 82' lang='lat' dir='ltr'><strong>perdit.</strong></span> <span class='ocrx_word' id='word_1_132' title='bbox 866 2031 965 2082; x_wconf 89' lang='lat' dir='ltr'><strong>servat</strong></span> <span class='ocrx_word' id='word_1_133' title='bbox 985 2021 1080 2095; x_wconf 89' lang='lat' dir='ltr'><strong>illam,</strong></span> <span class='ocrx_word' id='word_1_134' title='bbox 1103 2021 1164 2082; x_wconf 80' lang='lat' dir='ltr'><strong>²⁴ut</strong></span> <span class='ocrx_word' id='word_1_135' title='bbox 1186 2029 1216 2082; x_wconf 93' lang='lat' dir='ltr'><strong>et</strong></span> <span class='ocrx_word' id='word_1_136' title='bbox 1231 2021 1280 2086; x_wconf 83' lang='lat' dir='ltr'><strong>liic</strong></span> <span class='ocrx_word' id='word_1_137' title='bbox 1296 2030 1393 2084; x_wconf 75' lang='lat' dir='ltr'><strong>umen</strong></span> 
     </span>
     <span class='ocr_line' id='line_1_15' title="bbox 217 2120 1393 2202; baseline 0 -20"><span class='ocrx_word' id='word_1_138' title='bbox 217 2122 343 2184; x_wconf 84' lang='lat' dir='ltr'><strong>indicem</strong></span> <span class='ocrx_word' id='word_1_139' title='bbox 366 2121 579 2199; x_wconf 58' lang='lat' dir='ltr'><strong>¹*cognoscas</strong></span> <span class='ocrx_word' id='word_1_140' title='bbox 608 2120 657 2200; x_wconf 88' lang='lat' dir='ltr'><strong>qui</strong></span> <span class='ocrx_word' id='word_1_141' title='bbox 680 2121 786 2182; x_wconf 75' lang='lat' dir='ltr'><strong>indum</strong></span> <span class='ocrx_word' id='word_1_142' title='bbox 815 2122 930 2183; x_wconf 90' lang='lat' dir='ltr'><strong>animae</strong></span> <span class='ocrx_word' id='word_1_143' title='bbox 950 2123 1064 2183; x_wconf 89' lang='lat' dir='ltr'><strong>lucrum</strong></span> <span class='ocrx_word' id='word_1_144' title='bbox 1087 2122 1255 2202; x_wconf 88' lang='lat' dir='ltr'><strong>perditione</strong></span> <span class='ocrx_word' id='word_1_145' title='bbox 1276 2122 1340 2188; x_wconf 86' lang='lat' dir='ltr'><strong>eius</strong></span> <span class='ocrx_word' id='word_1_146' title='bbox 1363 2129 1393 2182; x_wconf 91' lang='lat' dir='ltr'><strong>ct</strong></span> 
     </span>
     <span class='ocr_line' id='line_1_16' title="bbox 218 2221 1390 2286; baseline 0.002 -2"><span class='ocrx_word' id='word_1_147' title='bbox 218 2221 326 2284; x_wconf 62' lang='lat' dir='ltr'><strong>Mum</strong></span> <span class='ocrx_word' id='word_1_148' title='bbox 351 2222 469 2284; x_wconf 72' lang='lat' dir='ltr'><strong>annuae</strong></span> <span class='ocrx_word' id='word_1_149' title='bbox 490 2222 700 2283; x_wconf 87' lang='lat' dir='ltr'><strong>detrimentum</strong></span> <span class='ocrx_word' id='word_1_150' title='bbox 722 2221 818 2283; x_wconf 89' lang='lat' dir='ltr'><strong>salute</strong></span> <span class='ocrx_word' id='word_1_151' title='bbox 840 2222 904 2284; x_wconf 88' lang='lat' dir='ltr'><strong>eius</strong></span> <span class='ocrx_word' id='word_1_152' title='bbox 926 2222 1171 2284; x_wconf 69' lang='lat' dir='ltr'><strong>”remuneratum</strong></span> <span class='ocrx_word' id='word_1_153' title='bbox 1209 2222 1268 2284; x_wconf 89' lang='lat' dir='ltr'><strong>Sed</strong></span> <span class='ocrx_word' id='word_1_154' title='bbox 1290 2232 1319 2284; x_wconf 91' lang='lat' dir='ltr'><strong>ct</strong></span> <span class='ocrx_word' id='word_1_155' title='bbox 1339 2240 1390 2286; x_wconf 80' lang='lat' dir='ltr'><strong>zo·</strong></span> 
     </span>
     <span class='ocr_line' id='line_1_17' title="bbox 218 2321 1529 2396; baseline 0.003 -12"><span class='ocrx_word' id='word_1_156' title='bbox 218 2323 296 2388; x_wconf 78' lang='lat' dir='ltr'><strong>loten</strong></span> <span class='ocrx_word' id='word_1_157' title='bbox 317 2324 409 2385; x_wconf 89' lang='lat' dir='ltr'><strong>deum</strong></span> <span class='ocrx_word' id='word_1_158' title='bbox 431 2322 532 2383; x_wconf 71' lang='lat' dir='ltr'><strong>”mihi</strong></span> <span class='ocrx_word' id='word_1_159' title='bbox 554 2321 685 2396; x_wconf 78' lang='lat' dir='ltr'><strong>exhibet,</strong></span> <span class='ocrx_word' id='word_1_160' title='bbox 708 2323 815 2390; x_wconf 89' lang='lat' dir='ltr'><strong>malum</strong></span> <span class='ocrx_word' id='word_1_161' title='bbox 839 2323 916 2384; x_wconf 92' lang='lat' dir='ltr'><strong>malo</strong></span> <span class='ocrx_word' id='word_1_162' title='bbox 938 2324 1121 2396; x_wconf 76' lang='lat' dir='ltr'><strong>reddentem.</strong></span> <span class='ocrx_word' id='word_1_163' title='bbox 1160 2323 1216 2396; x_wconf 77' lang='lat' dir='ltr'><strong>ear</strong></span> <span class='ocrx_word' id='word_1_164' title='bbox 1239 2323 1529 2394; x_wconf 69' lang='lat' dir='ltr'><strong>eontusucuucmat·</strong></span> 
     </span>
     <span class='ocr_line' id='line_1_18' title="bbox 222 2423 1388 2505; baseline -0.004 -17"><span class='ocrx_word' id='word_1_165' title='bbox 222 2425 329 2505; x_wconf 73' lang='lat' dir='ltr'><strong>innuit,</strong></span> <span class='ocrx_word' id='word_1_166' title='bbox 353 2423 442 2485; x_wconf 75' lang='lat' dir='ltr'><strong>”mci</strong></span> <span class='ocrx_word' id='word_1_167' title='bbox 466 2425 568 2495; x_wconf 85' lang='lat' dir='ltr'><strong>luerit,</strong></span> <span class='ocrx_word' id='word_1_168' title='bbox 595 2431 625 2483; x_wconf 89' lang='lat' dir='ltr'><strong>ct</strong></span> <span class='ocrx_word' id='word_1_169' title='bbox 647 2442 701 2502; x_wconf 79' lang='lat' dir='ltr'><strong>ego</strong></span> <span class='ocrx_word' id='word_1_170' title='bbox 724 2424 888 2485; x_wconf 81' lang='lat' dir='ltr'><strong>confundar</strong></span> <span class='ocrx_word' id='word_1_171' title='bbox 910 2423 1012 2486; x_wconf 71' lang='lat' dir='ltr'><strong>”eius</strong></span> <span class='ocrx_word' id='word_1_172' title='bbox 1058 2424 1183 2497; x_wconf 78' lang='lat' dir='ltr'><strong>Quando</strong></span> <span class='ocrx_word' id='word_1_173' title='bbox 1207 2442 1264 2494; x_wconf 87' lang='lat' dir='ltr'><strong>nec</strong></span> <span class='ocrx_word' id='word_1_174' title='bbox 1283 2423 1388 2484; x_wconf 84' lang='lat' dir='ltr'><strong>conlu-</strong></span> 
     </span>
     <span class='ocr_line' id='line_1_19' title="bbox 223 2523 1388 2602; baseline -0.003 -14"><span class='ocrx_word' id='word_1_175' title='bbox 223 2525 314 2600; x_wconf 74' lang='lat' dir='ltr'><strong>tiopis</strong></span> <span class='ocrx_word' id='word_1_176' title='bbox 337 2524 464 2586; x_wconf 88' lang='lat' dir='ltr'><strong>materia</strong></span> <span class='ocrx_word' id='word_1_177' title='bbox 487 2524 642 2585; x_wconf 82' lang='lat' dir='ltr'><strong>conveniat</strong></span> <span class='ocrx_word' id='word_1_178' title='bbox 663 2525 720 2585; x_wconf 90' lang='lat' dir='ltr'><strong>nisi</strong></span> <span class='ocrx_word' id='word_1_179' title='bbox 749 2544 816 2586; x_wconf 91' lang='lat' dir='ltr'><strong>meo</strong></span> <span class='ocrx_word' id='word_1_180' title='bbox 839 2524 970 2594; x_wconf 83' lang='lat' dir='ltr'><strong>Christo,</strong></span> <span class='ocrx_word' id='word_1_181' title='bbox 1005 2525 1088 2587; x_wconf 89' lang='lat' dir='ltr'><strong>cuius</strong></span> <span class='ocrx_word' id='word_1_182' title='bbox 1120 2523 1194 2586; x_wconf 92' lang='lat' dir='ltr'><strong>ordo</strong></span> <span class='ocrx_word' id='word_1_183' title='bbox 1216 2523 1310 2602; x_wconf 71' lang='lat' dir='ltr'><strong>magis</strong></span> <span class='ocrx_word' id='word_1_184' title='bbox 1330 2542 1388 2602; x_wconf 93' lang='lat' dir='ltr'><strong>pu-</strong></span> 
     </span>
     <span class='ocr_line' id='line_1_20' title="bbox 224 2623 1389 2702; baseline -0.003 -14"><span class='ocrx_word' id='word_1_185' title='bbox 224 2625 358 2696; x_wconf 60' lang='lat' dir='ltr'><strong>dendusi,</strong></span> <span class='ocrx_word' id='word_1_186' title='bbox 380 2634 413 2687; x_wconf 91' lang='lat' dir='ltr'><strong>ut</strong></span> <span class='ocrx_word' id='word_1_187' title='bbox 435 2626 524 2686; x_wconf 91' lang='lat' dir='ltr'><strong>etiam</strong></span> <span class='ocrx_word' id='word_1_188' title='bbox 547 2626 762 2687; x_wconf 89' lang='lat' dir='ltr'><strong>haereticorum</strong></span> <span class='ocrx_word' id='word_1_189' title='bbox 785 2625 924 2686; x_wconf 82' lang='lat' dir='ltr'><strong>conviciis</strong></span> <span class='ocrx_word' id='word_1_190' title='bbox 946 2634 1059 2702; x_wconf 87' lang='lat' dir='ltr'><strong>pateat,</strong></span> <span class='ocrx_word' id='word_1_191' title='bbox 1089 2644 1207 2686; x_wconf 90' lang='lat' dir='ltr'><strong>omnem</strong></span> <span class='ocrx_word' id='word_1_192' title='bbox 1229 2623 1389 2686; x_wconf 75' lang='lat' dir='ltr'><strong>uiduitatis</strong></span> 
     </span>
     <span class='ocr_line' id='line_1_21' title="bbox 226 2725 1446 2806; baseline -0.002 -17"><span class='ocrx_word' id='word_1_193' title='bbox 226 2735 252 2788; x_wconf 84' lang='lat' dir='ltr'><strong>et</strong></span> <span class='ocrx_word' id='word_1_194' title='bbox 280 2726 465 2789; x_wconf 83' lang='lat' dir='ltr'><strong>educationis</strong></span> <span class='ocrx_word' id='word_1_195' title='bbox 499 2726 668 2787; x_wconf 88' lang='lat' dir='ltr'><strong>ineditatem</strong></span> <span class='ocrx_word' id='word_1_196' title='bbox 701 2733 731 2786; x_wconf 93' lang='lat' dir='ltr'><strong>et</strong></span> <span class='ocrx_word' id='word_1_197' title='bbox 762 2725 883 2805; x_wconf 76' lang='lat' dir='ltr'><strong>³⁰ipsius</strong></span> <span class='ocrx_word' id='word_1_198' title='bbox 914 2726 1001 2786; x_wconf 87' lang='lat' dir='ltr'><strong>etiam</strong></span> <span class='ocrx_word' id='word_1_199' title='bbox 1038 2726 1136 2788; x_wconf 86' lang='lat' dir='ltr'><strong>carnis</strong></span> <span class='ocrx_word' id='word_1_200' title='bbox 1166 2725 1391 2806; x_wconf 58' lang='lat' dir='ltr'><strong>indignitatem*</strong></span> <span class='ocrx_word' id='word_1_201' title='bbox 1438 2729 1446 2742; x_wconf 75' lang='lat'><em>⁶</em></span> 
     </span>
    </p>

    <p class='ocr_par' dir='ltr' id='par_1_5' title="bbox 190 2825 1390 2908">
     <span class='ocr_line' id='line_1_22' title="bbox 190 2825 1390 2908; baseline -0.002 -18"><span class='ocrx_word' id='word_1_202' title='bbox 190 2859 191 2868; x_wconf 21' lang='grc' dir='ltr'><strong>κ</strong></span> <span class='ocrx_word' id='word_1_203' title='bbox 227 2838 324 2907; x_wconf 69' lang='lat' dir='ltr'><strong>marta</strong></span> <span class='ocrx_word' id='word_1_204' title='bbox 346 2827 542 2889; x_wconf 85' lang='lat' dir='ltr'><strong>amaritudine</strong></span> <span class='ocrx_word' id='word_1_205' title='bbox 568 2835 697 2908; x_wconf 74' lang='lat' dir='ltr'><strong>possunt</strong></span> <span class='ocrx_word' id='word_1_206' title='bbox 724 2826 944 2906; x_wconf 86' lang='lat' dir='ltr'><strong>perorantibus.</strong></span> <span class='ocrx_word' id='word_1_207' title='bbox 995 2826 1133 2889; x_wconf 89' lang='lat' dir='ltr'><strong>Ceterum</strong></span> <span class='ocrx_word' id='word_1_208' title='bbox 1161 2825 1312 2907; x_wconf 91' lang='lat' dir='ltr'><strong>quomodo</strong></span> <span class='ocrx_word' id='word_1_209' title='bbox 1342 2825 1390 2888; x_wconf 91' lang='lat' dir='ltr'><strong>ille</strong></span> 
     </span>
    </p>

    <p class='ocr_par' dir='ltr' id='par_1_6' title="bbox 190 2918 1388 3310">
     <span class='ocr_line' id='line_1_23' title="bbox 190 2918 1388 3006; baseline 0 -17"><span class='ocrx_word' id='word_1_210' title='bbox 190 2918 192 2925; x_wconf 66' lang='grc'><em>’</em></span> <span class='ocrx_word' id='word_1_211' title='bbox 229 2930 278 2990; x_wconf 82' lang='lat' dir='ltr'><strong>erit</strong></span> <span class='ocrx_word' id='word_1_212' title='bbox 297 2929 442 2991; x_wconf 83' lang='lat' dir='ltr'><strong>obnoxius</strong></span> <span class='ocrx_word' id='word_1_213' title='bbox 465 2928 650 2989; x_wconf 82' lang='lat' dir='ltr'><strong>contusionis</strong></span> <span class='ocrx_word' id='word_1_214' title='bbox 672 2927 721 3006; x_wconf 83' lang='lat' dir='ltr'><strong>qui</strong></span> <span class='ocrx_word' id='word_1_215' title='bbox 744 2947 807 2989; x_wconf 91' lang='lat' dir='ltr'><strong>eam</strong></span> <span class='ocrx_word' id='word_1_216' title='bbox 832 2946 891 2988; x_wconf 89' lang='lat' dir='ltr'><strong>non</strong></span> <span class='ocrx_word' id='word_1_217' title='bbox 914 2926 1017 3006; x_wconf 78' lang='lat' dir='ltr'><strong>capit?</strong></span> <span class='ocrx_word' id='word_1_218' title='bbox 1051 2947 1109 2988; x_wconf 90' lang='lat' dir='ltr'><strong>non</strong></span> <span class='ocrx_word' id='word_1_219' title='bbox 1133 2929 1213 2988; x_wconf 86' lang='lat' dir='ltr'><strong>vulva</strong></span> <span class='ocrx_word' id='word_1_220' title='bbox 1237 2927 1306 2999; x_wconf 88' lang='lat' dir='ltr'><strong>licet</strong></span> <span class='ocrx_word' id='word_1_221' title='bbox 1327 2927 1388 2989; x_wconf 87' lang='lat' dir='ltr'><strong>rir-</strong></span> 
     </span>
     <span class='ocr_line' id='line_1_24' title="bbox 232 3028 1388 3106; baseline -0.001 -16"><span class='ocrx_word' id='word_1_222' title='bbox 232 3029 315 3106; x_wconf 71' lang='lat' dir='ltr'><strong>ginis,</strong></span> <span class='ocrx_word' id='word_1_223' title='bbox 343 3039 440 3090; x_wconf 76' lang='lat' dir='ltr'><strong>umen</strong></span> <span class='ocrx_word' id='word_1_224' title='bbox 463 3030 603 3100; x_wconf 79' lang='lat' dir='ltr'><strong>feminae,</strong></span> <span class='ocrx_word' id='word_1_225' title='bbox 636 3028 851 3106; x_wconf 83' lang='lat' dir='ltr'><strong>³¹coagulatus,</strong></span> <span class='ocrx_word' id='word_1_226' title='bbox 886 3030 963 3089; x_wconf 86' lang='lat' dir='ltr'><strong>etsi</strong></span> <span class='ocrx_word' id='word_1_227' title='bbox 987 3028 1198 3100; x_wconf 88' lang='lat' dir='ltr'><strong>consemine,</strong></span> <span class='ocrx_word' id='word_1_228' title='bbox 1233 3037 1331 3091; x_wconf 88' lang='lat' dir='ltr'><strong>tamen</strong></span> <span class='ocrx_word' id='word_1_229' title='bbox 1353 3048 1388 3089; x_wconf 86' lang='lat' dir='ltr'><strong>ex</strong></span> 
     </span>
     <span class='ocr_line' id='line_1_25' title="bbox 233 3128 1387 3209; baseline 0.002 -22"><span class='ocrx_word' id='word_1_230' title='bbox 233 3128 287 3209; x_wconf 71' lang='lat' dir='ltr'><strong>lege</strong></span> <span class='ocrx_word' id='word_1_231' title='bbox 306 3130 489 3192; x_wconf 85' lang='lat' dir='ltr'><strong>substantiae</strong></span> <span class='ocrx_word' id='word_1_232' title='bbox 511 3130 691 3208; x_wconf 87' lang='lat' dir='ltr'><strong>corporalis,</strong></span> <span class='ocrx_word' id='word_1_233' title='bbox 712 3129 775 3190; x_wconf 84' lang='lat' dir='ltr'><strong>³²ex</strong></span> <span class='ocrx_word' id='word_1_234' title='bbox 792 3129 917 3189; x_wconf 84' lang='lat' dir='ltr'><strong>lemicae</strong></span> <span class='ocrx_word' id='word_1_235' title='bbox 933 3130 1083 3198; x_wconf 85' lang='lat' dir='ltr'><strong>humnre&#39;,</strong></span> <span class='ocrx_word' id='word_1_236' title='bbox 1106 3148 1166 3189; x_wconf 91' lang='lat' dir='ltr'><strong>non</strong></span> <span class='ocrx_word' id='word_1_237' title='bbox 1186 3148 1254 3190; x_wconf 91' lang='lat' dir='ltr'><strong>caro</strong></span> <span class='ocrx_word' id='word_1_238' title='bbox 1269 3129 1387 3191; x_wconf 89' lang='lat' dir='ltr'><strong>habitus</strong></span> 
     </span>
     <span class='ocr_line' id='line_1_26' title="bbox 236 3229 1386 3310; baseline 0 -20"><span class='ocrx_word' id='word_1_239' title='bbox 236 3240 292 3291; x_wconf 81' lang='lat' dir='ltr'><strong>ante</strong></span> <span class='ocrx_word' id='word_1_240' title='bbox 312 3232 451 3303; x_wconf 86' lang='lat' dir='ltr'><strong>turmam,</strong></span> <span class='ocrx_word' id='word_1_241' title='bbox 474 3249 534 3290; x_wconf 88' lang='lat' dir='ltr'><strong>non</strong></span> <span class='ocrx_word' id='word_1_242' title='bbox 555 3250 646 3310; x_wconf 86' lang='lat' dir='ltr'><strong>pecus</strong></span> <span class='ocrx_word' id='word_1_243' title='bbox 669 3230 764 3292; x_wconf 87' lang='lat' dir='ltr'><strong>dictus</strong></span> <span class='ocrx_word' id='word_1_244' title='bbox 786 3239 856 3310; x_wconf 92' lang='lat' dir='ltr'><strong>post</strong></span> <span class='ocrx_word' id='word_1_245' title='bbox 878 3232 1037 3308; x_wconf 64' lang='lat' dir='ltr'><strong>egerrime,</strong></span> <span class='ocrx_word' id='word_1_246' title='bbox 1064 3249 1125 3291; x_wconf 83' lang='lat' dir='ltr'><strong>nori</strong></span> <span class='ocrx_word' id='word_1_247' title='bbox 1148 3229 1279 3291; x_wconf 69' lang='lat' dir='ltr'><strong>³³decern</strong></span> <span class='ocrx_word' id='word_1_248' title='bbox 1300 3247 1386 3291; x_wconf 91' lang='lat' dir='ltr'><strong>men-</strong></span> 
     </span>
    </p>
   </div>
   <div class='ocr_carea' id='block_1_3' title="bbox 239 3378 1447 3789">
    <p class='ocr_par' dir='ltr' id='par_1_7' title="bbox 239 3378 1447 3789">
     <span class='ocr_line' id='line_1_27' title="bbox 239 3378 1390 3448; baseline -0.003 -17"><span class='ocrx_word' id='word_1_249' title='bbox 239 3378 415 3433; x_wconf 70' lang='lat' dir='ltr'><strong>itinerariam</strong></span> <span class='ocrx_word' id='word_1_250' title='bbox 433 3384 459 3433; x_wconf 80' lang='lat' dir='ltr'><strong>B.</strong></span> <span class='ocrx_word' id='word_1_251' title='bbox 477 3383 659 3447; x_wconf 63' lang='lat' dir='ltr'><strong>lloctirpeasnl„</strong></span> <span class='ocrx_word' id='word_1_252' title='bbox 677 3400 719 3448; x_wconf 85' lang='lat' dir='ltr'><strong>pro</strong></span> <span class='ocrx_word' id='word_1_253' title='bbox 736 3399 806 3433; x_wconf 84' lang='lat' dir='ltr'><strong>aiore.</strong></span> <span class='ocrx_word' id='word_1_254' title='bbox 859 3381 899 3432; x_wconf 80' lang='lat'><strong>23.</strong></span> <span class='ocrx_word' id='word_1_255' title='bbox 919 3390 942 3431; x_wconf 86' lang='lat' dir='ltr'><strong>et</strong></span> <span class='ocrx_word' id='word_1_256' title='bbox 960 3383 983 3431; x_wconf 83' lang='lat' dir='ltr'><strong>tt.</strong></span> <span class='ocrx_word' id='word_1_257' title='bbox 1002 3382 1174 3445; x_wconf 79' lang='lat' dir='ltr'><strong>Montiapessul.</strong></span> <span class='ocrx_word' id='word_1_258' title='bbox 1221 3379 1262 3428; x_wconf 76' lang='lat' dir='ltr'><strong>tt.</strong></span> <span class='ocrx_word' id='word_1_259' title='bbox 1281 3387 1304 3444; x_wconf 78' lang='lat' dir='ltr'><strong>et</strong></span> <span class='ocrx_word' id='word_1_260' title='bbox 1322 3387 1348 3427; x_wconf 92' lang='lat' dir='ltr'><strong>nt</strong></span> <span class='ocrx_word' id='word_1_261' title='bbox 1364 3380 1390 3428; x_wconf 83' lang='lat' dir='ltr'><strong>B.</strong></span> 
     </span>
     <span class='ocr_line' id='line_1_28' title="bbox 241 3444 1392 3515; baseline -0.003 -19"><span class='ocrx_word' id='word_1_262' title='bbox 241 3445 272 3498; x_wconf 80' lang='lat' dir='ltr'><strong>tt.</strong></span> <span class='ocrx_word' id='word_1_263' title='bbox 291 3453 448 3512; x_wconf 69' lang='lat' dir='ltr'><strong>adcognoscas</strong></span> <span class='ocrx_word' id='word_1_264' title='bbox 473 3453 497 3500; x_wconf 88' lang='lat' dir='ltr'><strong>d.</strong></span> <span class='ocrx_word' id='word_1_265' title='bbox 521 3451 691 3515; x_wconf 80' lang='lat' dir='ltr'><strong>ilentispessul.</strong></span> <span class='ocrx_word' id='word_1_266' title='bbox 754 3450 794 3501; x_wconf 78' lang='grc'><strong>26.</strong></span> <span class='ocrx_word' id='word_1_267' title='bbox 820 3459 985 3503; x_wconf 84' lang='lat' dir='ltr'><strong>remuneratur</strong></span> <span class='ocrx_word' id='word_1_268' title='bbox 1009 3452 1060 3498; x_wconf 82' lang='lat' dir='ltr'><strong>otc.</strong></span> <span class='ocrx_word' id='word_1_269' title='bbox 1110 3454 1307 3497; x_wconf 81' lang='lat' dir='ltr'><strong>remuneratores</strong></span> <span class='ocrx_word' id='word_1_270' title='bbox 1332 3444 1392 3494; x_wconf 78' lang='lat' dir='ltr'><strong>BGd.</strong></span> 
     </span>
     <span class='ocr_line' id='line_1_29' title="bbox 242 3512 1391 3581; baseline -0.007 -14"><span class='ocrx_word' id='word_1_271' title='bbox 242 3528 387 3568; x_wconf 71' lang='lat' dir='ltr'><strong>mearum</strong></span> <span class='ocrx_word' id='word_1_272' title='bbox 405 3519 597 3581; x_wconf 65' lang='lat' dir='ltr'><strong>(llantispessnld</strong></span> <span class='ocrx_word' id='word_1_273' title='bbox 649 3517 878 3567; x_wconf 67' lang='lat' dir='ltr'><strong>tamaianam.</strong></span> <span class='ocrx_word' id='word_1_274' title='bbox 940 3516 979 3566; x_wconf 81' lang='lat'><strong>28.</strong></span> <span class='ocrx_word' id='word_1_275' title='bbox 1006 3516 1051 3563; x_wconf 89' lang='lat' dir='ltr'><strong>mei</strong></span> <span class='ocrx_word' id='word_1_276' title='bbox 1077 3512 1391 3576; x_wconf 64' lang='lat' dir='ltr'><strong>circumpositarum.</strong></span> 
     </span>
     <span class='ocr_line' id='line_1_30' title="bbox 244 3576 1389 3650; baseline -0.008 -15"><span class='ocrx_word' id='word_1_277' title='bbox 244 3582 327 3635; x_wconf 67' lang='lat' dir='ltr'><strong>orsu.</strong></span> <span class='ocrx_word' id='word_1_278' title='bbox 360 3601 398 3634; x_wconf 79' lang='lat' dir='ltr'><strong>me</strong></span> <span class='ocrx_word' id='word_1_279' title='bbox 415 3587 508 3650; x_wconf 75' lang='lat' dir='ltr'><strong>reliqui.</strong></span> <span class='ocrx_word' id='word_1_280' title='bbox 562 3585 603 3635; x_wconf 80' lang='grc'><strong>29.</strong></span> <span class='ocrx_word' id='word_1_281' title='bbox 621 3586 672 3634; x_wconf 87' lang='lat' dir='ltr'><strong>eius</strong></span> <span class='ocrx_word' id='word_1_282' title='bbox 691 3586 778 3635; x_wconf 80' lang='lat' dir='ltr'><strong>Bt&#39;oid.</strong></span> <span class='ocrx_word' id='word_1_283' title='bbox 798 3586 968 3649; x_wconf 78' lang='lat' dir='ltr'><strong>Montispesiut.</strong></span> <span class='ocrx_word' id='word_1_284' title='bbox 1013 3595 1067 3630; x_wconf 87' lang='lat' dir='ltr'><strong>enin</strong></span> <span class='ocrx_word' id='word_1_285' title='bbox 1086 3598 1115 3642; x_wconf 72' lang='lat' dir='ltr'><strong>c,</strong></span> <span class='ocrx_word' id='word_1_286' title='bbox 1136 3596 1165 3630; x_wconf 76' lang='lat' dir='ltr'><strong>ec</strong></span> <span class='ocrx_word' id='word_1_287' title='bbox 1186 3581 1307 3629; x_wconf 80' lang='lat' dir='ltr'><strong>Vaticanis.</strong></span> <span class='ocrx_word' id='word_1_288' title='bbox 1349 3576 1389 3628; x_wconf 82' lang='grc'><strong>30.</strong></span> 
     </span>
     <span class='ocr_line' id='line_1_31' title="bbox 245 3647 1447 3716; baseline -0.007 -14"><span class='ocrx_word' id='word_1_289' title='bbox 245 3649 481 3709; x_wconf 61' lang='grc' dir='ltr'><strong>ὴεὴῑιὶτ.ϋηιήυι.</strong></span> <span class='ocrx_word' id='word_1_290' title='bbox 533 3651 574 3700; x_wconf 82' lang='lat' dir='ltr'><strong>at.</strong></span> <span class='ocrx_word' id='word_1_291' title='bbox 592 3653 743 3714; x_wconf 80' lang='lat' dir='ltr'><strong>coagulatum</strong></span> <span class='ocrx_word' id='word_1_292' title='bbox 761 3653 803 3701; x_wconf 83' lang='lat' dir='ltr'><strong>BC.</strong></span> <span class='ocrx_word' id='word_1_293' title='bbox 821 3652 990 3716; x_wconf 77' lang='lat' dir='ltr'><strong>Montispassul.</strong></span> <span class='ocrx_word' id='word_1_294' title='bbox 1035 3647 1076 3698; x_wconf 81' lang='lat'><strong>32.</strong></span> <span class='ocrx_word' id='word_1_295' title='bbox 1095 3663 1122 3698; x_wconf 80' lang='lat' dir='ltr'><strong>ea</strong></span> <span class='ocrx_word' id='word_1_296' title='bbox 1142 3649 1229 3698; x_wconf 85' lang='lat' dir='ltr'><strong>lentina</strong></span> <span class='ocrx_word' id='word_1_297' title='bbox 1248 3647 1390 3697; x_wconf 76' lang='lat' dir='ltr'><strong>ethonore</strong></span> <span class='ocrx_word' id='word_1_298' title='bbox 1441 3660 1447 3670; x_wconf 63' lang='lat'>²</span> 
     </span>
     <span class='ocr_line' id='line_1_32' title="bbox 243 3714 1033 3789; baseline -0.005 -19"><span class='ocrx_word' id='word_1_299' title='bbox 243 3714 389 3785; x_wconf 63' lang='lat' dir='ltr'><strong>Enipeum.</strong></span> <span class='ocrx_word' id='word_1_300' title='bbox 424 3721 563 3769; x_wconf 80' lang='lat' dir='ltr'><strong>exsemine</strong></span> <span class='ocrx_word' id='word_1_301' title='bbox 581 3729 604 3768; x_wconf 88' lang='lat' dir='ltr'><strong>et</strong></span> <span class='ocrx_word' id='word_1_302' title='bbox 623 3721 723 3769; x_wconf 84' lang='lat' dir='ltr'><strong>humore</strong></span> <span class='ocrx_word' id='word_1_303' title='bbox 742 3719 784 3770; x_wconf 80' lang='lat' dir='ltr'><strong>BC.</strong></span> <span class='ocrx_word' id='word_1_304' title='bbox 837 3718 877 3768; x_wconf 84' lang='grc'><strong>33.</strong></span> <span class='ocrx_word' id='word_1_305' title='bbox 897 3734 980 3768; x_wconf 86' lang='lat' dir='ltr'><strong>norem</strong></span> <span class='ocrx_word' id='word_1_306' title='bbox 1000 3734 1033 3789; x_wconf 32' lang='lat' dir='ltr'><strong>c..</strong></span> 
     </span>
    </p>
   </div>
   <div class='ocr_carea' id='block_1_4' title="bbox 190 3846 1475 4926">
    <p class='ocr_par' dir='ltr' id='par_1_8' title="bbox 190 3846 1475 4926">
     <span class='ocr_line' id='line_1_33' title="bbox 269 3846 1391 3918; baseline -0.007 -17"><span class='ocrx_word' id='word_1_307' title='bbox 269 3852 381 3918; x_wconf 70' lang='lat' dir='ltr'><strong>titiane</strong></span> <span class='ocrx_word' id='word_1_308' title='bbox 398 3869 447 3903; x_wconf 91' lang='lat' dir='ltr'><strong>non</strong></span> <span class='ocrx_word' id='word_1_309' title='bbox 466 3854 578 3917; x_wconf 78' lang='lat' dir='ltr'><strong>simplex,</strong></span> <span class='ocrx_word' id='word_1_310' title='bbox 598 3868 641 3903; x_wconf 89' lang='lat' dir='ltr'><strong>nee</strong></span> <span class='ocrx_word' id='word_1_311' title='bbox 659 3853 688 3901; x_wconf 94' lang='lat' dir='ltr'><strong>de</strong></span> <span class='ocrx_word' id='word_1_312' title='bbox 708 3861 777 3901; x_wconf 88' lang='lat' dir='ltr'><strong>natu·</strong></span> <span class='ocrx_word' id='word_1_313' title='bbox 830 3852 938 3901; x_wconf 82' lang='lat' dir='ltr'><strong>mortalis</strong></span> <span class='ocrx_word' id='word_1_314' title='bbox 957 3850 1125 3911; x_wconf 79' lang='lat' dir='ltr'><strong>indignitate.“‘</strong></span> <span class='ocrx_word' id='word_1_315' title='bbox 1159 3848 1200 3896; x_wconf 78' lang='lat' dir='ltr'><strong>Vel</strong></span> <span class='ocrx_word' id='word_1_316' title='bbox 1225 3846 1391 3911; x_wconf 70' lang='lat' dir='ltr'><strong>indignitatem</strong></span> 
     </span>
     <span class='ocr_line' id='line_1_34' title="bbox 245 3905 1388 3985; baseline -0.01 -16"><span class='ocrx_word' id='word_1_317' title='bbox 245 3920 331 3983; x_wconf 58' lang='lat' dir='ltr'><strong>micae</strong></span> <span class='ocrx_word' id='word_1_318' title='bbox 348 3918 495 3985; x_wconf 83' lang='lat' dir='ltr'><strong>communis]</strong></span> <span class='ocrx_word' id='word_1_319' title='bbox 523 3922 586 3969; x_wconf 84' lang='lat' dir='ltr'><strong>llaec</strong></span> <span class='ocrx_word' id='word_1_320' title='bbox 604 3936 651 3969; x_wconf 91' lang='lat' dir='ltr'><strong>noo</strong></span> <span class='ocrx_word' id='word_1_321' title='bbox 671 3922 718 3969; x_wconf 83' lang='lat' dir='ltr'><strong>alio</strong></span> <span class='ocrx_word' id='word_1_322' title='bbox 738 3935 776 3969; x_wconf 84' lang='lat' dir='ltr'><strong>rc·</strong></span> <span class='ocrx_word' id='word_1_323' title='bbox 829 3919 935 3980; x_wconf 83' lang='lat' dir='ltr'><strong>intellige</strong></span> <span class='ocrx_word' id='word_1_324' title='bbox 959 3905 1031 3968; x_wconf 68' lang='lat' dir='ltr'><strong>aldor</strong></span> <span class='ocrx_word' id='word_1_325' title='bbox 1054 3908 1101 3965; x_wconf 73' lang='lat' dir='ltr'><strong>otu</strong></span> <span class='ocrx_word' id='word_1_326' title='bbox 1125 3907 1203 3972; x_wconf 70' lang='grc' dir='ltr'>ἄξιον</span> <span class='ocrx_word' id='word_1_327' title='bbox 1220 3906 1388 3978; x_wconf 75' lang='grc' dir='ltr'><strong>τυραννίδος,</strong></span> 
     </span>
     <span class='ocr_line' id='line_1_35' title="bbox 245 3979 1388 4053; baseline -0.006 -18"><span class='ocrx_word' id='word_1_328' title='bbox 245 3982 395 4051; x_wconf 71' lang='grc' dir='ltr'><strong>Ιεπὶροςειιηῑ</strong></span> <span class='ocrx_word' id='word_1_329' title='bbox 412 3989 567 4053; x_wconf 82' lang='lat' dir='ltr'><strong>quamadea</strong></span> <span class='ocrx_word' id='word_1_330' title='bbox 587 3990 777 4046; x_wconf 77' lang='lat' dir='ltr'><strong>,.0uaccstista</strong></span> <span class='ocrx_word' id='word_1_331' title='bbox 830 3988 859 4035; x_wconf 91' lang='lat' dir='ltr'><strong>Ut</strong></span> <span class='ocrx_word' id='word_1_332' title='bbox 882 3986 1061 4034; x_wconf 80' lang='lat' dir='ltr'><strong>obsecravimus</strong></span> <span class='ocrx_word' id='word_1_333' title='bbox 1090 3984 1120 4034; x_wconf 90' lang='lat' dir='ltr'><strong>ad</strong></span> <span class='ocrx_word' id='word_1_334' title='bbox 1151 3984 1192 4032; x_wconf 84' lang='lat' dir='ltr'><strong>lib.</strong></span> <span class='ocrx_word' id='word_1_335' title='bbox 1218 3982 1249 4031; x_wconf 86' lang='lat' dir='ltr'><strong>de</strong></span> <span class='ocrx_word' id='word_1_336' title='bbox 1273 3979 1388 4030; x_wconf 83' lang='lat' dir='ltr'><strong>Patientia</strong></span> 
     </span>
     <span class='ocr_line' id='line_1_36' title="bbox 246 4050 1320 4119; baseline -0.004 -18"><span class='ocrx_word' id='word_1_337' title='bbox 246 4062 287 4101; x_wconf 84' lang='lat' dir='ltr'><strong>ttn</strong></span> <span class='ocrx_word' id='word_1_338' title='bbox 300 4050 402 4105; x_wconf 78' lang='lat' dir='ltr'><strong>doctrina</strong></span> <span class='ocrx_word' id='word_1_339' title='bbox 420 4057 502 4119; x_wconf 81' lang='lat' dir='ltr'><strong>qnae“</strong></span> <span class='ocrx_word' id='word_1_340' title='bbox 521 4064 575 4103; x_wconf 87' lang='lat' dir='ltr'><strong>cett.</strong></span> <span class='ocrx_word' id='word_1_341' title='bbox 595 4056 699 4117; x_wconf 72' lang='lat' dir='ltr'><strong>irrigati)</strong></span> <span class='ocrx_word' id='word_1_342' title='bbox 830 4051 915 4117; x_wconf 62' lang='lat' dir='ltr'><strong>capii.</strong></span> <span class='ocrx_word' id='word_1_343' title='bbox 935 4053 1040 4113; x_wconf 71' lang='lat' dir='ltr'><strong>illigati.)</strong></span> <span class='ocrx_word' id='word_1_344' title='bbox 1318 4115 1320 4119; x_wconf 14' lang='lat' dir='ltr'>y</span> 
     </span>
     <span class='ocr_line' id='line_1_37' title="bbox 190 4110 1388 4186; baseline -0.009 -16"><span class='ocrx_word' id='word_1_345' title='bbox 190 4118 193 4139; x_wconf 65' lang='lat'><em>³</em></span> <span class='ocrx_word' id='word_1_346' title='bbox 268 4120 352 4173; x_wconf 72' lang='lat' dir='ltr'><strong>&#39;tuias</strong></span> <span class='ocrx_word' id='word_1_347' title='bbox 370 4125 430 4172; x_wconf 89' lang='lat' dir='ltr'><strong>erdo</strong></span> <span class='ocrx_word' id='word_1_348' title='bbox 455 4125 531 4183; x_wconf 74' lang='lat' dir='ltr'><strong>magia</strong></span> <span class='ocrx_word' id='word_1_349' title='bbox 549 4118 687 4186; x_wconf 87' lang='lat' dir='ltr'><strong>pudendus]</strong></span> <span class='ocrx_word' id='word_1_350' title='bbox 707 4122 779 4171; x_wconf 89' lang='lat' dir='ltr'><strong>Ordi-</strong></span> <span class='ocrx_word' id='word_1_351' title='bbox 865 4121 880 4168; x_wconf 95' lang='grc' dir='ltr'><strong>Ι.</strong></span> <span class='ocrx_word' id='word_1_352' title='bbox 900 4111 1181 4179; x_wconf 70' lang='lat' dir='ltr'><strong>erieminaclrutnorc]</strong></span> <span class='ocrx_word' id='word_1_353' title='bbox 1200 4110 1388 4165; x_wconf 74' lang='lat' dir='ltr'><strong>ocearnecm.</strong></span> 
     </span>
     <span class='ocr_line' id='line_1_38' title="bbox 246 4177 1389 4252; baseline -0.01 -16"><span class='ocrx_word' id='word_1_354' title='bbox 246 4197 285 4236; x_wconf 76' lang='lat' dir='ltr'><strong>ten</strong></span> <span class='ocrx_word' id='word_1_355' title='bbox 297 4192 348 4240; x_wconf 84' lang='lat' dir='ltr'><strong>dicit</strong></span> <span class='ocrx_word' id='word_1_356' title='bbox 365 4191 493 4240; x_wconf 73' lang='lat' dir='ltr'><strong>mauritanis</strong></span> <span class='ocrx_word' id='word_1_357' title='bbox 511 4198 535 4238; x_wconf 88' lang='lat' dir='ltr'><strong>et</strong></span> <span class='ocrx_word' id='word_1_358' title='bbox 552 4190 709 4239; x_wconf 83' lang='lat' dir='ltr'><strong>educationis.</strong></span> <span class='ocrx_word' id='word_1_359' title='bbox 728 4188 778 4248; x_wconf 83' lang='lat' dir='ltr'><strong>(tti—</strong></span> <span class='ocrx_word' id='word_1_360' title='bbox 830 4182 930 4252; x_wconf 79' lang='lat' dir='ltr'><strong>[cap.4]</strong></span> <span class='ocrx_word' id='word_1_361' title='bbox 944 4187 1001 4235; x_wconf 82' lang='lat' dir='ltr'><strong>dixit</strong></span> <span class='ocrx_word' id='word_1_362' title='bbox 1012 4185 1140 4243; x_wconf 83' lang='lat' dir='ltr'><strong>„humoris</strong></span> <span class='ocrx_word' id='word_1_363' title='bbox 1151 4190 1174 4232; x_wconf 87' lang='lat' dir='ltr'><strong>et</strong></span> <span class='ocrx_word' id='word_1_364' title='bbox 1184 4182 1309 4243; x_wconf 67' lang='lat' dir='ltr'><strong>sanguinis</strong></span> <span class='ocrx_word' id='word_1_365' title='bbox 1319 4177 1389 4228; x_wconf 84' lang='lat' dir='ltr'><strong>loeda</strong></span> 
     </span>
     <span class='ocr_line' id='line_1_39' title="bbox 245 4250 1081 4318; baseline -0.008 -12"><span class='ocrx_word' id='word_1_366' title='bbox 245 4250 292 4311; x_wconf 65' lang='lat' dir='ltr'><strong>ulti</strong></span> <span class='ocrx_word' id='word_1_367' title='bbox 314 4258 344 4305; x_wconf 78' lang='lat' dir='ltr'><strong>lle</strong></span> <span class='ocrx_word' id='word_1_368' title='bbox 362 4258 472 4306; x_wconf 79' lang='lat' dir='ltr'><strong>rocabnii</strong></span> <span class='ocrx_word' id='word_1_369' title='bbox 491 4258 548 4305; x_wconf 83' lang='lat' dir='ltr'><strong>ordo</strong></span> <span class='ocrx_word' id='word_1_370' title='bbox 567 4258 628 4318; x_wconf 82' lang='lat' dir='ltr'><strong>apud</strong></span> <span class='ocrx_word' id='word_1_371' title='bbox 648 4255 778 4306; x_wconf 85' lang='lat' dir='ltr'><strong>Tertullia-</strong></span> <span class='ocrx_word' id='word_1_372' title='bbox 829 4255 957 4316; x_wconf 76' lang='lat' dir='ltr'><strong>coagula.“</strong></span> <span class='ocrx_word' id='word_1_373' title='bbox 975 4251 1081 4313; x_wconf 77' lang='lat' dir='ltr'><strong>(Rigalt)</strong></span> 
     </span>
     <span class='ocr_line' id='line_1_40' title="bbox 245 4304 1389 4386; baseline -0.01 -17"><span class='ocrx_word' id='word_1_374' title='bbox 245 4330 338 4372; x_wconf 72' lang='lat' dir='ltr'><strong>tauma</strong></span> <span class='ocrx_word' id='word_1_375' title='bbox 356 4325 404 4373; x_wconf 78' lang='lat' dir='ltr'><strong>diii</strong></span> <span class='ocrx_word' id='word_1_376' title='bbox 423 4325 453 4372; x_wconf 87' lang='lat' dir='ltr'><strong>ad</strong></span> <span class='ocrx_word' id='word_1_377' title='bbox 473 4323 503 4371; x_wconf 84' lang='lat' dir='ltr'><strong>de</strong></span> <span class='ocrx_word' id='word_1_378' title='bbox 522 4323 600 4372; x_wconf 85' lang='lat' dir='ltr'><strong>Pndie.</strong></span> <span class='ocrx_word' id='word_1_379' title='bbox 619 4324 706 4386; x_wconf 75' lang='lat' dir='ltr'><strong>capii.</strong></span> <span class='ocrx_word' id='word_1_380' title='bbox 740 4323 776 4373; x_wconf 82' lang='lat' dir='ltr'><strong>Ci.</strong></span> <span class='ocrx_word' id='word_1_381' title='bbox 863 4337 895 4370; x_wconf 90' lang='lat' dir='ltr'><strong>m.</strong></span> <span class='ocrx_word' id='word_1_382' title='bbox 920 4335 968 4369; x_wconf 91' lang='lat' dir='ltr'><strong>oon</strong></span> <span class='ocrx_word' id='word_1_383' title='bbox 993 4332 1067 4382; x_wconf 80' lang='lat' dir='ltr'><strong>pecus</strong></span> <span class='ocrx_word' id='word_1_384' title='bbox 1090 4317 1169 4366; x_wconf 82' lang='lat' dir='ltr'><strong>dictus</strong></span> <span class='ocrx_word' id='word_1_385' title='bbox 1194 4321 1251 4378; x_wconf 87' lang='lat' dir='ltr'><strong>post</strong></span> <span class='ocrx_word' id='word_1_386' title='bbox 1275 4304 1389 4385; x_wconf 77' lang='lat' dir='ltr'><strong>liguram]</strong></span> 
     </span>
     <span class='ocr_line' id='line_1_41' title="bbox 190 4380 1388 4455; baseline -0.012 -17"><span class='ocrx_word' id='word_1_387' title='bbox 190 4448 192 4455; x_wconf 25' lang='grc' dir='ltr'>Ι</span> <span class='ocrx_word' id='word_1_388' title='bbox 243 4399 296 4449; x_wconf 70' lang='lat' dir='ltr'><strong>upra</strong></span> <span class='ocrx_word' id='word_1_389' title='bbox 316 4392 408 4455; x_wconf 76' lang='lat' dir='ltr'><strong>capii</strong></span> <span class='ocrx_word' id='word_1_390' title='bbox 437 4390 553 4450; x_wconf 83' lang='lat' dir='ltr'><strong>„loannis</strong></span> <span class='ocrx_word' id='word_1_391' title='bbox 576 4390 669 4451; x_wconf 80' lang='lat' dir='ltr'><strong>ordo.“,</strong></span> <span class='ocrx_word' id='word_1_392' title='bbox 698 4389 776 4453; x_wconf 77' lang='lat' dir='ltr'><strong>capi</strong></span> <span class='ocrx_word' id='word_1_393' title='bbox 828 4389 854 4437; x_wconf 94' lang='lat' dir='ltr'><strong>ld</strong></span> <span class='ocrx_word' id='word_1_394' title='bbox 879 4396 916 4438; x_wconf 87' lang='lat' dir='ltr'><strong>est</strong></span> <span class='ocrx_word' id='word_1_395' title='bbox 939 4400 1029 4449; x_wconf 88' lang='lat' dir='ltr'><strong>corpus</strong></span> <span class='ocrx_word' id='word_1_396' title='bbox 1052 4387 1182 4433; x_wconf 87' lang='lat' dir='ltr'><strong>animatum</strong></span> <span class='ocrx_word' id='word_1_397' title='bbox 1206 4380 1313 4430; x_wconf 88' lang='lat' dir='ltr'><strong>sentiens</strong></span> <span class='ocrx_word' id='word_1_398' title='bbox 1338 4390 1388 4440; x_wconf 87' lang='lat' dir='ltr'><strong>pri·</strong></span> 
     </span>
     <span class='ocr_line' id='line_1_42' title="bbox 190 4451 1388 4520; baseline -0.02 -8"><span class='ocrx_word' id='word_1_399' title='bbox 190 4470 197 4475; x_wconf 83' lang='grc'><strong>“’</strong></span> <span class='ocrx_word' id='word_1_400' title='bbox 242 4457 565 4517; x_wconf 67' lang='grc' dir='ltr'><strong>Μιωὼεειιιείουίε.“,</strong></span> <span class='ocrx_word' id='word_1_401' title='bbox 583 4455 779 4520; x_wconf 67' lang='lat' dir='ltr'><strong>perrumpat</strong></span> <span class='ocrx_word' id='word_1_402' title='bbox 832 4469 897 4504; x_wconf 87' lang='lat' dir='ltr'><strong>inum</strong></span> <span class='ocrx_word' id='word_1_403' title='bbox 925 4455 1041 4514; x_wconf 73' lang='lat' dir='ltr'><strong>elligere</strong></span> <span class='ocrx_word' id='word_1_404' title='bbox 1060 4467 1103 4500; x_wconf 81' lang='lat' dir='ltr'><strong>sua</strong></span> <span class='ocrx_word' id='word_1_405' title='bbox 1128 4451 1273 4499; x_wconf 83' lang='lat' dir='ltr'><strong>instructum</strong></span> <span class='ocrx_word' id='word_1_406' title='bbox 1295 4456 1388 4493; x_wconf 84' lang='lat' dir='ltr'><strong>recens.</strong></span> 
     </span>
     <span class='ocr_line' id='line_1_43' title="bbox 240 4510 1391 4589; baseline -0.011 -19"><span class='ocrx_word' id='word_1_407' title='bbox 240 4520 335 4577; x_wconf 72' lang='lat' dir='ltr'><strong>„alterins</strong></span> <span class='ocrx_word' id='word_1_408' title='bbox 353 4526 392 4574; x_wconf 86' lang='lat' dir='ltr'><strong>dei</strong></span> <span class='ocrx_word' id='word_1_409' title='bbox 411 4522 550 4574; x_wconf 76' lang='lat' dir='ltr'><strong>ordinent.“</strong></span> <span class='ocrx_word' id='word_1_410' title='bbox 832 4524 872 4571; x_wconf 88' lang='lat' dir='ltr'><strong>Sic</strong></span> <span class='ocrx_word' id='word_1_411' title='bbox 891 4521 1006 4583; x_wconf 87' lang='lat' dir='ltr'><strong>accipitur</strong></span> <span class='ocrx_word' id='word_1_412' title='bbox 1024 4519 1065 4567; x_wconf 90' lang='lat' dir='ltr'><strong>lib.</strong></span> <span class='ocrx_word' id='word_1_413' title='bbox 1085 4516 1212 4566; x_wconf 78' lang='lat' dir='ltr'><strong>llelnima</strong></span> <span class='ocrx_word' id='word_1_414' title='bbox 1231 4510 1345 4589; x_wconf 65' lang='lat' dir='ltr'><strong>capto„</strong></span> <span class='ocrx_word' id='word_1_415' title='bbox 1364 4521 1391 4557; x_wconf 85' lang='lat' dir='ltr'><strong>cx</strong></span> 
     </span>
     <span class='ocr_line' id='line_1_44' title="bbox 190 4574 1393 4657; baseline -0.01 -16"><span class='ocrx_word' id='word_1_416' title='bbox 190 4646 191 4651; x_wconf 65' lang='lat'><strong>,</strong></span> <span class='ocrx_word' id='word_1_417' title='bbox 262 4589 376 4656; x_wconf 66' lang='lat' dir='ltr'><strong>Lipsius</strong></span> <span class='ocrx_word' id='word_1_418' title='bbox 402 4592 477 4640; x_wconf 83' lang='lat' dir='ltr'><strong>etiam</strong></span> <span class='ocrx_word' id='word_1_419' title='bbox 502 4592 578 4641; x_wconf 85' lang='lat' dir='ltr'><strong>carnis</strong></span> <span class='ocrx_word' id='word_1_420' title='bbox 604 4587 781 4655; x_wconf 72' lang='lat' dir='ltr'><strong>indignitatem]</strong></span> <span class='ocrx_word' id='word_1_421' title='bbox 833 4588 959 4653; x_wconf 86' lang='lat' dir='ltr'><strong>principiis</strong></span> <span class='ocrx_word' id='word_1_422' title='bbox 974 4585 1151 4649; x_wconf 85' lang='lat' dir='ltr'><strong>philosophiae.</strong></span> <span class='ocrx_word' id='word_1_423' title='bbox 1166 4582 1215 4657; x_wconf 71' lang='lat' dir='ltr'><strong>tl&#39;r.</strong></span> <span class='ocrx_word' id='word_1_424' title='bbox 1226 4578 1327 4656; x_wconf 76' lang='lat' dir='ltr'><strong>luciosi</strong></span> <span class='ocrx_word' id='word_1_425' title='bbox 1345 4574 1393 4646; x_wconf 56' lang='grc' dir='ltr'><strong>Ερ-</strong></span> 
     </span>
     <span class='ocr_line' id='line_1_45' title="bbox 236 4639 1395 4723; baseline -0.016 -15"><span class='ocrx_word' id='word_1_426' title='bbox 236 4651 302 4707; x_wconf 70' lang='lat' dir='ltr'><strong>lmis</strong></span> <span class='ocrx_word' id='word_1_427' title='bbox 325 4658 439 4709; x_wconf 71' lang='lat' dir='ltr'><strong>uidelicet</strong></span> <span class='ocrx_word' id='word_1_428' title='bbox 461 4658 583 4721; x_wconf 81' lang='lat' dir='ltr'><strong>passibilia</strong></span> <span class='ocrx_word' id='word_1_429' title='bbox 614 4667 637 4708; x_wconf 87' lang='lat' dir='ltr'><strong>et</strong></span> <span class='ocrx_word' id='word_1_430' title='bbox 661 4657 781 4717; x_wconf 88' lang='lat' dir='ltr'><strong>mortalis,</strong></span> <span class='ocrx_word' id='word_1_431' title='bbox 832 4656 888 4704; x_wconf 89' lang='lat' dir='ltr'><strong>dem</strong></span> <span class='ocrx_word' id='word_1_432' title='bbox 908 4654 1023 4703; x_wconf 79' lang='lat' dir='ltr'><strong>uocabulo</strong></span> <span class='ocrx_word' id='word_1_433' title='bbox 1042 4654 1116 4701; x_wconf 85' lang='lat' dir='ltr'><strong>utitur</strong></span> <span class='ocrx_word' id='word_1_434' title='bbox 1131 4648 1335 4723; x_wconf 35' lang='lat' dir='ltr'><strong>lnlrns&#39;lrrrnreus</strong></span> <span class='ocrx_word' id='word_1_435' title='bbox 1353 4639 1395 4711; x_wconf 75' lang='lat' dir='ltr'><strong>&#39;¹l’·</strong></span> 
     </span>
     <span class='ocr_line' id='line_1_46' title="bbox 235 4711 1392 4785; baseline -0.016 -11"><span class='ocrx_word' id='word_1_436' title='bbox 235 4734 354 4785; x_wconf 54' lang='lat' dir='ltr'><strong>meane</strong></span> <span class='ocrx_word' id='word_1_437' title='bbox 380 4726 483 4785; x_wconf 67' lang='lat' dir='ltr'><strong>indigna</strong></span> <span class='ocrx_word' id='word_1_438' title='bbox 506 4724 550 4773; x_wconf 83' lang='lat' dir='ltr'><strong>deo</strong></span> <span class='ocrx_word' id='word_1_439' title='bbox 573 4727 704 4775; x_wconf 80' lang='lat' dir='ltr'><strong>ridebatur.</strong></span> <span class='ocrx_word' id='word_1_440' title='bbox 741 4725 781 4774; x_wconf 86' lang='lat' dir='ltr'><strong>Sic</strong></span> <span class='ocrx_word' id='word_1_441' title='bbox 832 4723 882 4781; x_wconf 80' lang='lat' dir='ltr'><strong>vti,</strong></span> <span class='ocrx_word' id='word_1_442' title='bbox 900 4718 980 4785; x_wconf 82' lang='lat' dir='ltr'><strong>capi</strong></span> <span class='ocrx_word' id='word_1_443' title='bbox 1006 4720 1093 4779; x_wconf 77' lang='lat' dir='ltr'><strong>„Pecus</strong></span> <span class='ocrx_word' id='word_1_444' title='bbox 1120 4711 1392 4766; x_wconf 68' lang='lat' dir='ltr'><strong>intramuraneum</strong></span> 
     </span>
     <span class='ocr_line' id='line_1_47' title="bbox 233 4771 1393 4855; baseline -0.024 -12"><span class='ocrx_word' id='word_1_445' title='bbox 233 4790 275 4841; x_wconf 73' lang='lat' dir='ltr'><strong>lli.</strong></span> <span class='ocrx_word' id='word_1_446' title='bbox 291 4792 395 4843; x_wconf 79' lang='lat' dir='ltr'><strong>ledaeos</strong></span> <span class='ocrx_word' id='word_1_447' title='bbox 416 4785 534 4855; x_wconf 75' lang='lat' dir='ltr'><strong>{cap-ll]</strong></span> <span class='ocrx_word' id='word_1_448' title='bbox 558 4793 656 4851; x_wconf 85' lang='lat' dir='ltr'><strong>„Primo</strong></span> <span class='ocrx_word' id='word_1_449' title='bbox 674 4792 781 4841; x_wconf 73' lang='lat' dir='ltr'><strong>sordidis</strong></span> <span class='ocrx_word' id='word_1_450' title='bbox 832 4791 943 4839; x_wconf 85' lang='lat' dir='ltr'><strong>artuatiin</strong></span> <span class='ocrx_word' id='word_1_451' title='bbox 968 4785 1092 4837; x_wconf 67' lang='lat' dir='ltr'><strong>cenomani</strong></span> <span class='ocrx_word' id='word_1_452' title='bbox 1119 4800 1132 4832; x_wconf 86' lang='lat' dir='ltr'><strong>a</strong></span> <span class='ocrx_word' id='word_1_453' title='bbox 1157 4779 1257 4854; x_wconf 76' lang='lat' dir='ltr'><strong>medicis</strong></span> <span class='ocrx_word' id='word_1_454' title='bbox 1281 4771 1393 4836; x_wconf 82' lang='lat' dir='ltr'><strong>proiece-</strong></span> 
     </span>
     <span class='ocr_line' id='line_1_48' title="bbox 232 4839 1475 4926; baseline -0.015 -21"><span class='ocrx_word' id='word_1_455' title='bbox 232 4854 385 4921; x_wconf 47' lang='lat' dir='ltr'><strong>blancari,</strong></span> <span class='ocrx_word' id='word_1_456' title='bbox 413 4857 439 4906; x_wconf 89' lang='lat' dir='ltr'><strong>id</strong></span> <span class='ocrx_word' id='word_1_457' title='bbox 464 4864 501 4905; x_wconf 84' lang='lat' dir='ltr'><strong>est</strong></span> <span class='ocrx_word' id='word_1_458' title='bbox 523 4862 598 4911; x_wconf 84' lang='lat' dir='ltr'><strong>earnis</strong></span> <span class='ocrx_word' id='word_1_459' title='bbox 615 4859 740 4926; x_wconf 78' lang='lat' dir='ltr'><strong>passibilia</strong></span> <span class='ocrx_word' id='word_1_460' title='bbox 759 4867 782 4909; x_wconf 88' lang='lat' dir='ltr'><strong>et</strong></span> <span class='ocrx_word' id='word_1_461' title='bbox 833 4854 1017 4921; x_wconf 71' lang='lat' dir='ltr'><strong>tor.“liligalt.)</strong></span> <span class='ocrx_word' id='word_1_462' title='bbox 1041 4853 1076 4904; x_wconf 83' lang='lat' dir='ltr'><strong>lle</strong></span> <span class='ocrx_word' id='word_1_463' title='bbox 1093 4846 1255 4910; x_wconf 66' lang='lat' dir='ltr'><strong>brachylogia</strong></span> <span class='ocrx_word' id='word_1_464' title='bbox 1273 4844 1326 4891; x_wconf 78' lang='lat' dir='ltr'><strong>eata</strong></span> <span class='ocrx_word' id='word_1_465' title='bbox 1342 4839 1394 4898; x_wconf 72' lang='lat' dir='ltr'><strong>[or-</strong></span> <span class='ocrx_word' id='word_1_466' title='bbox 1469 4902 1475 4914; x_wconf 93' lang='lat'><em>.</em></span> 
     </span>
    </p>
   </div>
   <div class='ocr_carea' id='block_1_5' title="bbox 0 0 1631 5775">
    <p class='ocr_par' dir='ltr' id='par_1_9' title="bbox 0 0 1631 5775">
     <span class='ocr_line' id='line_1_49' title="bbox 0 0 1631 5775; baseline 0 0"><span class='ocrx_word' id='word_1_467' title='bbox 0 0 1631 5775; x_wconf 95' lang='lat' dir='ltr'><strong> </strong></span> 
     </span>
    </p>
   </div>
  </div>
 </body>
</html>
