3242 5775
628 635 667 678 ns
690 635 784 679 cumn
807 635 935 680 cuntem
1307 624 1371 690 457

221 801 276 863 pus
292 801 381 864 pomo
405 801 440 845 ox
463 783 624 848 concubitu
645 803 708 846 non
730 784 876 865 ''negaut
889 783 925 848 ex
941 802 1044 859 carne,
1068 785 1161 848 immo
1183 786 1372 852 “conflemu-

220 884 251 946 rit
267 905 296 947 ex
315 903 422 959 mnne,
455 886 606 964 quianon
629 886 979 966 ¹‘proindenegavitex
1002 905 1091 949 carne
1119 887 1198 949 sicut
1231 906 1267 950 ex
1294 906 1372 950 con-
1457 930 1480 968 μ

220 986 297 1049 cubitu
317 987 444 1066 negavit.
489 986 551 1049 Oro
579 1006 650 1059 vos,
682 989 707 1049 si
736 986 783 1049 dei
806 985 956 1066 ¹“spiritus
986 1005 1047 1070 non
1073 988 1111 1049 de
1138 988 1223 1050 vulva
1252 1007 1372 1054 caruem

179 1107 184 1126 ·
219 1088 423 1168 pntiripaturus
446 1088 602 1151 deseendit
622 1089 654 1150 in
676 1088 806 1161 vulvum,
829 1107 883 1151 cur
904 1088 1059 1150 descendit
1080 1088 1112 1150 in
1134 1088 1272 1153 vulvam?
1306 1090 1372 1153 Po·
1394 1073 1403 1088 ⁶

222 1189 261 1250 trit
281 1191 357 1251 enim
385 1198 468 1251 extra
497 1208 561 1250 eam
587 1189 652 1250 lieri
682 1208 750 1251 caro
770 1188 937 1267 spiritalis3
973 1190 1138 1269 simplicius
1166 1191 1260 1253 multo
1283 1210 1372 1271 quam

221 1288 277 1351 intra
294 1291 407 1352 vulvam
430 1290 517 1352 fieret
538 1290 646 1352 ¹⁷extra
666 1290 791 1352 vulvam.
825 1289 897 1351 Sine
919 1308 1007 1353 consa
1030 1292 1095 1353 ¹⁸eo
1117 1310 1151 1353 se
1173 1292 1271 1354 intulit
1292 1293 1373 1357 undo

220 1390 274 1452 niln‘l
292 1392 403 1454 extulit.
447 1392 508 1453 Sed
529 1408 591 1453 non
613 1391 680 1453 sine
701 1408 789 1453 eausa
819 1391 971 1453 descendit
998 1392 1030 1453 in
1052 1392 1177 1455 vulvam.
1226 1393 1306 1474 Ergo
1335 1414 1372 1457 ex

220 1490 253 1551 ila
269 1494 393 1573 aceepit,
416 1493 486 1572 quia
508 1493 608 1554 sinon
625 1492 867 1571 exillaacoepit‚
890 1492 955 1553 siue
977 1512 1064 1555 causa
1087 1485 1118 1555 in
1140 1494 1219 1557 illam
1241 1479 1371 1575 denien-

221 1590 262 1666 dt,
286 1595 413 1656 maxime
435 1594 499 1656 eius
522 1594 671 1674 qualitatis
693 1613 763 1656 oaro
785 1596 904 1655 tuturus
926 1613 1002 1674 quae
1024 1611 1085 1655 non
1107 1604 1171 1658 crat
1191 1596 1311 1671 vulvae,
1336 1583 1370 1659 ⁸id

221 1694 414 1773 utspiritalis.

282 1795 383 1869 Qualis
414 1805 459 1857 est
486 1804 587 1859 autem
616 1796 792 1858 tortuositas
821 1803 936 1867 vestra,
972 1802 1007 1856 ut
1034 1794 1129 1874 ipsam
1162 1814 1201 1858 nx
1229 1794 1370 1875 syllanam
1390 1805 1499 1864 cop-xx

221 1892 442 1977 'praepositionis
464 1897 562 1958 officio
585 1897 765 1976 adscriptam
787 1896 905 1958 auferre
934 1897 1099 1974 quaeratis,
1136 1905 1166 1958 et
1192 1895 1247 1959 alia
1275 1896 1370 1976 magis

172 2073 173 2078 γ
220 1992 275 2073 ὀύ,
301 2018 376 2078 quae
398 1998 429 2060 in
451 1999 507 2064 lrac
528 1999 629 2079 speeie
651 2017 714 2059 non
735 1980 884 2058 inienitur
911 2016 1006 2077 penes
1034 1998 1198 2077 scripturas
1228 1996 1375 2068 mummi,

219 2094 260 2159 Per
276 2100 420 2180 uirginem
441 2099 539 2161 dicitis
559 2110 676 2173 natum,
699 2118 761 2161 nou
783 2118 820 2159 ex
841 2088 981 2176 virginet
1011 2108 1042 2161 et
1063 2100 1093 2160 in
1115 2099 1217 2173 vulva,
1250 2117 1312 2166 nou
1334 2117 1369 2161 ex

172 2275 173 2284 ἵ
218 2199 295 2275 iura,
326 2202 396 2281 quia
424 2210 454 2262 et
481 2201 603 2280 angelus
631 2202 663 2262 in
684 2200 819 2261 ³somnis
848 2199 884 2259 ad
907 2200 1032 2278 loseph:
1066 2200 1145 2261 Nam
1168 2199 1248 2279 quod
1276 2200 1308 2261 in
1336 2218 1521 2273 danencurt.

172 2363 175 2382 ‚
219 2296 298 2363 uttuin
319 2310 382 2375 est,
406 2301 517 2381 inquit,
541 2302 578 2364 de
599 2301 704 2381 spiritu
727 2309 831 2362 sancto
854 2308 916 2373 est,
939 2318 1000 2362 non
1023 2300 1096 2362 dixit
1118 2320 1153 2362 ex
1174 2319 1220 2362 ea.
1256 2300 1371 2380 Nempe

172 2407 173 2414 ’
219 2406 309 2481 umen,
339 2402 396 2465 etsi
418 2422 454 2465 ex
475 2422 509 2464 ea
533 2403 670 2474 dixisset,
700 2403 730 2463 in
749 2413 789 2464 'ea
812 2402 944 2476 dixerat3
977 2402 1007 2462 in
1031 2421 1065 2462 ea
1088 2401 1166 2463 enim
1189 2408 1253 2464 erat
1273 2400 1372 2480 ‘quod

219 2517 243 2561 u
258 2522 288 2565 ea
309 2512 384 2566 mat.
417 2505 604 2565 Tantundem
627 2522 697 2583 ergo
721 2511 751 2565 et
772 2521 839 2565 cum
862 2502 932 2563 dicit
952 2503 984 2565 in
1007 2521 1041 2564 ea
1063 2511 1093 2563 et
1106 2521 1142 2565 ex
1157 2521 1191 2565 ea
1213 2504 1392 2576 consonat'

219 2604 267 2679 quia
285 2624 321 2667 ex
343 2624 378 2667 ea
401 2614 465 2668 erat
485 2606 565 2684 quod
587 2606 617 2667 in
641 2624 674 2667 ea
697 2614 770 2666 erat.
807 2604 866 2666 Sed
889 2604 965 2665 bene
986 2604 1067 2682 quod
1088 2603 1167 2665 idem
1190 2603 1371 2666 dicit⁸llat·
1437 2615 1441 2621 “

220 2701 319 2780 daeus,
348 2706 493 2784 originem
516 2706 629 2766 domini
652 2704 871 2766 decurrens-ab
894 2705 1041 2766 Abraham
1063 2724 1158 2784 usque
1180 2705 1215 2767 ad
1238 2705 1371 2780 llariarn,

172 2883 173 2893 ἵ
220 2800 301 2881 lob,
333 2807 445 2888 inquit,
478 2808 628 2887 generavit
653 2806 777 2884 loseph,
810 2805 905 2867 virum
934 2807 1057 2877 Mariae,
1091 2824 1128 2867 ex
1155 2825 1213 2886 qua
1240 2806 1373 2882 nascitur
1384 2824 1523 2877 nemeto.

172 2900 173 2953 Ῑ
219 2903 344 2971 linctus.
374 2909 433 2971 Sed
450 2918 479 2969 et
493 2909 602 2970 Paulus
624 2909 822 2988 grammaticis
844 2909 910 2969 istis
932 2907 1100 2969 ‘silentium
1116 2908 1252 2986 imponit.
1281 2907 1371 2980 Misit,
1386 2926 1496 2979 onnus

218 3004 306 3088 inquit,
329 3012 405 3073 deus
427 3010 519 3070 lilium
541 3029 629 3070 suum
651 3012 761 3070 iactum
784 3029 820 3070 ex
841 3009 974 3069 muliere.
1018 3006 1165 3085 Numquid
1187 3025 1242 3086 per
1263 3005 1370 3066 mulie-

172 3192 173 3201 *
218 3125 278 3184 tam,
299 3123 349 3173 aut
372 3112 402 3171 iri
424 3110 591 3172 'mulieroi
624 3111 688 3170 lloo
709 3111 828 3189 quidem
845 3109 1038 3188 impressius,
1062 3108 1141 3186 quod
1163 3109 1273 3168 lactum
1295 3105 1370 3186 'po-

218 3208 260 3273 lim
279 3213 349 3274 dicit
365 3231 458 3292 quam
473 3221 592 3285 natum3
616 3211 779 3290 simplicius
794 3210 891 3270 ⁹renim
908 3209 1093 3270 enuntiasset
1108 3216 1218 3269 natum.
1250 3207 1372 3269 Factum

189 3374 191 3379 .
217 3323 294 3375 tutem
316 3315 443 3375 dicendo
466 3323 513 3385 et,
536 3312 663 3373 Verbum
687 3331 754 3373 caro
777 3312 886 3371 laetum
910 3319 971 3383 est,
995 3309 1193 3387 consignavit,
1223 3315 1254 3369 et
1275 3308 1481 3381 concisionis.

218 3411 377 3478 ”sulutem
400 3434 435 3476 ex
458 3413 571 3492 virgine
599 3415 691 3475 iactae
720 3412 913 3473 adseveravit
963 3410 1056 3472 Nobis
1085 3428 1205 3489 quoquc
1231 3408 1269 3470 ad
1297 3408 1374 3470 hanc

217 3517 326 3591 speeiem
348 3516 455 3596 psalmi
477 3515 757 3595 patrocinabuntur,
780 3530 842 3572 non
864 3512 984 3591 quidem
1007 3518 1159 3590 apostatae
1180 3518 1211 3571 et
1232 3507 1373 3571 haeretici

216 3624 236 3676 tt
254 3618 397 3680 Platonici
420 3616 596 3688 Valentinil‚
630 3616 684 3677 sed
713 3613 894 3676 sanctissimi
926 3622 955 3674 et
982 3611 1182 3691 receptissimi
1208 3611 1373 3691 prophetae

172 3858 173 3877 χ
216 3800 381 3868 tttenegsvit
401 3803 426 3853 d.
487 3802 527 3851 14.
552 3803 678 3850 eonllrmat
696 3801 720 3850 B.
775 3799 815 3848 15.
838 3800 939 3862 perinde
959 3801 983 3850 G.
1045 3797 1085 3848 tt.
1109 3797 1210 3861 spiritus
1227 3796 1309 3847 nunu
1326 3803 1374 3847 tres

217 3868 311 3987 {gimo
347 3872 413 3921 filins
430 3872 524 3935 reliqui,
544 3885 573 3919 ec
590 3865 730 3930 ‘coniecturq
750 3870 775 3916 ni
792 3868 872 3931 folior,
892 3868 1003 3917 lienosi.
1045 3866 1084 3915 ΙΙ.
1104 3873 1169 3915 extra
1188 3866 1279 3915 vulvam
1298 3879 1373 3915 ome.

257 3942 323 3990 eise
342 3940 368 3989 B.

263 4008 322 4072 Cap.
341 4007 390 4057 ΙΙ.
434 4004 455 4054 Ι.
475 4004 650 4068 propositionis
670 4003 712 4052 cll.
765 4002 789 4050 2.
808 4002 890 4064 utique
909 4002 932 4050 in
952 4002 978 4050 n.
1030 4001 1054 4051 3.
1073 4000 1175 4051 somniis
1194 4000 1217 4050 d.
1264 3998 1288 4048 Ι.
1307 3997 1372 4062 quod

215 4085 271 4124 net
289 4082 341 4124 erut
360 4073 478 4125 omnen.
508 4074 603 4122 Addidit
621 4073 677 4119 hoec
692 4073 791 4133 primum
809 4071 838 4118 de
855 4071 904 4117 tuis
922 4071 990 4118 libris
1000 4070 1138 4132 Gonqneius.
1183 4068 1207 4117 d.
1226 4074 1330 4116 mattens
1349 4067 1373 4116 G.

172 4200 173 4213 ἵ
214 4142 306 4192 amem
324 4143 351 4191 n.
378 4165 380 4168 ·
404 4141 427 4190 6.
447 4141 549 4204 imponit
566 4136 688 4187 silentium
708 4139 750 4187 BC.
801 4135 826 4184 t.
845 4137 947 4185 muliere
967 4138 997 4195 d.,
1018 4152 1048 4185 ea
1065 4137 1177 4185 emendet.
1196 4134 1373 4185 Fulviillrsini.

215 4209 323 4260 mittem
343 4209 450 4259 tonate.
512 4207 536 4256 8.
554 4207 634 4270 potius
653 4206 710 4254 dicit
736 4206 812 4263 oded„
839 4207 867 4253 de
884 4206 951 4254 codd.
972 4205 1090 4266 Gcnqneii.
1134 4203 1192 4252 dicit
1214 4203 1307 4266 reliqui.
1348 4201 1373 4251 9.

214 4277 262 4326 rain
279 4277 362 4338 ΜΒ.
418 4276 457 4324 10.
475 4277 597 4324 veritatem
617 4288 643 4322 ex
662 4274 751 4333 virgine
770 4272 847 4320 iactae
866 4274 938 4322 codes
956 4272 1052 4332 Pitheci,
1071 4272 1194 4334 lliqoltius.
1235 4269 1327 4319 veritati
1346 4282 1375 4319 ex
1404 4326 1409 4335 .

215 4341 287 4407 lintre
304 4347 383 4395 laetae
403 4345 466 4394 nun.
502 4344 623 4392 veritatem
643 4355 670 4389 en
689 4340 778 4402 uirgine
796 4339 884 4389 laetam
903 4341 970 4389 obed.

172 4504 173 4513 ¹
237 4510 356 4577 Capu·
384 4528 407 4561 a.
426 4511 473 4560 Per
490 4510 604 4571 virginem
619 4508 698 4558 dicitis
717 4523 760 4557 na·
846 4507 870 4555 b.
889 4500 1017 4571 Valentini]
1041 4504 1153 4554 Psalmos
1170 4503 1287 4554 Valentini
1306 4516 1374 4553 com·

217 4580 262 4639 ΙΙΙ,
283 4595 331 4630 non
356 4595 383 4629 ex
409 4577 512 4640 virgine]
541 4578 577 4627 ΕΙ.
597 4577 651 4624 lde.
670 4576 761 4625 Valent.
813 4574 954 4624 memorauit
981 4574 1027 4622 iam
1051 4587 1125 4636 snpra
1154 4572 1259 4638 cupl'l.
1293 4571 1375 4620 Plato·

218 4644 761 4707 numennumennaeres.cap.t.,tren.
814 4643 851 4690 nis
876 4651 1020 4690 sectatorom
1047 4640 1152 4690 inculcat
1174 4639 1323 4690 Valentinum
1352 4641 1376 4684 et
1426 4666 1433 4675 ι

218 4711 335 4766 muner.
347 4717 366 4775 Ι,
380 4715 403 4764 Ι.
422 4714 465 4770 ΙΙΙ,
477 4712 513 4762 tt.
529 4712 568 4761 tt.
581 4710 631 4770 32,
650 4712 761 4776 Ambros.
814 4709 879 4758 alibi.
905 4709 942 4758 ct.
955 4708 987 4756 lle
996 4707 1104 4758 Praescr.
1115 4708 1211 4758 llaeret.
1223 4721 1275 4771 cap.
1284 4701 1374 4753 23.30.

218 4773 243 4825 lt
255 4780 370 4832 lacescat.
390 4782 484 4830 domini
504 4779 582 4844 capti
601 4788 623 4828 et
641 4779 675 4840 9,,
694 4778 761 4841 lligil.
811 4776 868 4826 tdr.
887 4775 1001 4825 Valentin.
1022 4775 1112 4840 oapi.

219 4840 290 4898 Mn
306 4850 405 4914 Eutpeh.
424 4849 466 4898 lib.
476 4848 519 4907 ΙΙΙ,
537 4863 561 4910 p.
574 4847 606 4896 53
616 4862 670 4911 sqq.
