3242 5775
541 621 690 665 mvonsos
713 620 887 667 honorarunt
908 625 966 669 nm.
983 627 1021 670 ur.
1316 623 1377 686 l'l'l

235 770 383 845 montane,
417 771 490 835 dum
519 780 564 845 to,
593 772 741 847 Marcion,
771 774 808 835 de
836 776 930 854 gradu
958 777 1076 856 pellam.
1127 780 1204 843 Ecce
1225 789 1379 868 praecepit

168 907 177 920 ν
229 872 293 952 hem
312 873 434 953 impleri.
481 873 666 953 Quocunque
693 875 1001 957 modo‚³⁰praecepit,
1032 879 1137 941 eodem
1166 885 1265 960 potuit
1286 888 1374 949 otiam

224 973 277 1036 Μ
293 974 485 1054 praemisisse
506 975 700 1049 sententiam,
732 976 797 1037 Non
821 978 886 1038 veui
909 979 1005 1057 legem
1028 980 1210 1055 dissolvere,
1241 988 1293 1046 sed
1316 990 1527 1061 adrandum.

222 1074 323 1156 hplae.
358 1075 439 1149 Quid
462 1094 533 1154 ergo
557 1076 608 1136 tibi
631 1076 687 1137 luit
709 1076 746 1138 de
761 1079 913 1154 evangelio
929 1080 1057 1142 erasisse
1073 1082 1152 1160 quod
1170 1085 1283 1147 salvum
1301 1088 1373 1151 est?

219 1173 351 1239 hatenus
374 1196 408 1239 es
431 1177 512 1238 enim
534 1196 604 1256 praa
626 1176 759 1238 bonitate
780 1179 890 1240 iecisse
912 1180 993 1241 illum
1026 1184 1106 1261 quod
1128 1173 1227 1263 negas¹
1249 1187 1372 1251 elisisse.
1447 1198 1457 1213 ⁸

217 1275 311 1339 Constat
332 1296 405 1357 ergo
430 1279 541 1340 dixisse
562 1279 660 1352 illum,
686 1278 752 1357 quia
777 1288 807 1339 et
825 1280 909 1351 lecit,
934 1289 964 1341 et
979 1292 1006 1341 tc
1022 1283 1123 1360 potius
1139 1304 1241 1346 vocem
1258 1288 1371 1350 domiui

215 1376 403 1458 lterangelio
424 1379 584 1440 ”erasisse
607 1397 694 1459 quam
716 1378 867 1442 ³''nostros
891 1382 1041 1443 iniecisse.

275 1479 398 1541 Curatur
421 1488 452 1540 et
472 1480 664 1559 parabticus,
694 1490 724 1541 et
744 1482 863 1561 quidem
887 1483 917 1542 in
941 1494 1041 1557 coetu,
1071 1493 1223 1563 spectante
1246 1489 1368 1565 populo.
1386 1515 1476 1569 cmx,

212 1578 303 1641 htlcbit
323 1574 421 1653 enim',
445 1581 542 1660 iuquit
556 1582 676 1653 Esaias,
699 1584 828 1662 populus
843 1584 1052 1645 sublimitatem
1069 1585 1181 1645 domini
1198 1598 1228 1647 ot
1242 1587 1365 1666 gloriam
1383 1573 1477 1670 Ιξῗῗρἔ·

212 1677 252 1741 h'
289 1681 383 1754 Quam
412 1681 640 1755 sublimitatem,
669 1692 699 1743 et
727 1703 813 1762 quam
843 1684 991 1763 gloriam?
1035 1684 1237 1747 Convalescite
1260 1675 1516 1784 manusxffim·

211 1779 326 1844 tutone
349 1792 379 1843 et
401 1802 497 1862 genua
520 1783 680 1855 dissoluta;
714 1784 772 1846 hoc
794 1787 851 1847 crit
872 1786 1049 1867 paralysis:
1071 1786 1290 1861 Convalescite,
1313 1808 1370 1852 uec

210 1880 298 1945 ¹itate.
329 1884 398 1944 Non
414 1884 512 1944 otiose
527 1884 656 1957 iterans,
680 1885 899 1959 Convalescite,
924 1905 978 1946 uec
992 1906 1065 1947 vane
1082 1886 1283 1966 subiungens,
1306 1889 1369 1951 Nec

211 1983 304 2055 bete,
338 1986 483 2064 quoniam
511 2003 576 2045 cum
604 1986 856 2065 redintegratione
884 1988 1086 2048 membrorum
1115 1987 1220 2048 virium
1248 2007 1368 2069 quoquo
1421 2037 1429 2044 .

210 2086 491 2164 repraesentationem
521 2085 727 2164 pollicebatur:
764 2087 916 2165 Exsurge,
946 2098 974 2148 at
1002 2088 1072 2148 tolle
1095 2088 1248 2166 grabatum
1272 2097 1365 2163 tuum,

211 2185 278 2248 ‘nul
298 2196 327 2250 et
348 2187 441 2248 animi
462 2186 612 2265 vigorem,
645 2186 680 2247 ad
704 2206 763 2247 non
788 2189 935 2249 timendos
958 2189 1006 2266 qui
1030 2189 1137 2249 dicturi
1160 2198 1259 2261 erant,
1290 2190 1366 2261 Quis

212 2283 330 2348 'inittet
351 2297 471 2366 peccata
500 2287 559 2348 nisi
589 2288 671 2348 solus
699 2287 798 2351 deus?
841 2290 939 2351 llahes
967 2290 1064 2368 itaque
1092 2289 1150 2350 iam
1179 2297 1209 2350 et
1230 2288 1366 2368 specialis

214 2387 350 2450 niditinae
373 2389 560 2468 dispunctam
583 2389 785 2468 prophetiam,
814 2371 844 2452 ct
874 2409 977 2451 eorum
1001 2408 1076 2469 quae
1099 2389 1274 2451 medicinam
1297 2398 1368 2452 sunt

214 2499 299 2551 nuta.
329 2490 447 2552 Pariter
470 2499 499 2550 et
521 2490 710 2551 dimissorem
726 2491 902 2552 delictorum
918 2491 1068 2552 Christum
1090 2509 1272 2569 recognosce
1287 2490 1366 2570 apud

216 2592 313 2652 udam
334 2591 525 2672 prophetam.
568 2590 748 2664 ¹tluorriam,
778 2592 891 2671 iuquit,
920 2591 968 2653 ³in
995 2592 1130 2671 plurimis
1161 2592 1289 2653 dimittet
1311 2592 1516 2653 (intonantia

216 2687 264 2754 h
286 2712 403 2764 eorum,
434 2702 465 2753 et
492 2692 595 2753 delicta
623 2704 723 2753 nostra
753 2693 820 2771 ipsc
842 2695 947 2754 aufert.
989 2692 1080 2754 ‘Nam
1103 2704 1132 2754 et
1153 2693 1183 2753 in
1205 2694 1307 2772 priore
1330 2712 1366 2754 ox

218 2789 288 2872 'prim
307 2794 433 2854 ‘domiui
457 2811 601 2871 persona,
625 2793 688 2854 Etsi
711 2794 822 2854 hrerint
843 2794 947 2855 delicta
964 2802 1061 2855 vestra
1077 2804 1213 2872 tanquam
1231 2798 1484 2866 roseum,1⁶⁸·¹=¹⁸·

218 2893 275 2956 ttlut
292 2898 382 2957 nivem
405 2895 583 2967 ‘exalbabo,
607 2896 662 2954 etsi
688 2905 825 2973 tanquam
848 2894 1034 2967 'coccinum
1063 2896 1141 2956 velut
1163 2897 1259 2957 lanam
1283 2896 1364 2956 exal-

219 2990 287 3065 ido:
305 2998 333 3058 in
355 3016 446 3057 roseo
471 2996 643 3074 sanguinem
667 2997 830 3057 ostendens
852 2999 1079 3076 prophetarum,
1110 2997 1140 3057 in
1163 2998 1283 3059 coccino
1307 2997 1364 3056 do-

221 3097 283 3169 n'i,
312 3108 342 3159 nt
369 3099 537 3159 clariorem.
581 3082 691 3156 ⁸Etiam
719 3098 849 3157 blicheas
877 3098 913 3158 de
941 3098 1025 3157 venia
1054 3098 1246 3169 delictorum,
1286 3098 1517 3169 Qnisutcmvnaa.

222 3192 287 3267 ht,
314 3199 461 3277 quomodo
489 3197 546 3259 tu?
580 3198 712 3258 eximens
741 3198 909 3276 iniquitates
939 3206 969 3259 ct
996 3200 1180 3277 praeteriens
1204 3199 1364 3260 iniustitias

223 3290 332 3360 'ttiduis
359 3298 551 3361 haereditatis
584 3308 668 3369 tuae,
703 3297 759 3358 ¹⁰et
786 3316 848 3357 nou
875 3301 971 3359 tenurit
998 3299 1029 3358 in
1059 3299 1261 3360 testimouium
1291 3299 1366 3359 iram

226 3412 296 3472 nan,
315 3402 378 3480 quia
402 3402 420 3433 ¹¹
429 3401 523 3461 voluit
543 3420 611 3460 esse
628 3399 866 3471 misericordem3
888 3409 1016 3470 avertet,
1040 3408 1070 3459 et
1092 3383 1283 3458 miserebitur
1306 3417 1364 3457 no·

205 3490 274 3569 'dit
295 3502 465 3580 t'demerget
487 3502 590 3562 delicta
614 3510 734 3567 nostra,
767 3508 798 3559 et
821 3498 1001 3577 ¹³demerget
1022 3499 1052 3558 in
1077 3497 1250 3576 ¹'profundo
1273 3498 1364 3558 maris

228 3611 310 3675 ponta
328 3612 440 3664 nostra.
495 3603 554 3663 Sed
577 3601 654 3662 etsi
678 3600 751 3660 nihil
773 3600 829 3660 tale
851 3601 880 3661 in
904 3600 1055 3662 Christum
1083 3600 1191 3660 luisset
1211 3599 1366 3677 praedica-

229 3702 280 3771 h,
296 3703 427 3765 haberem
450 3704 538 3764 baius
560 3701 750 3781 benignitatis
773 3703 904 3780 exempla
928 3703 958 3762 in
982 3709 1130 3769 creatore,
1164 3701 1367 3779 promittentia
1394 3710 1397 3715 ’

230 3798 318 3865 fflet
336 3807 364 3866 io
387 3806 447 3865 lilio
472 3805 566 3883 patris
595 3806 730 3865 allectus.
780 3803 872 3863 Video
900 3803 1045 3864 Ninivitas
1075 3802 1221 3863 scelerum
1250 3802 1497 3862 veniamraumo.

231 3914 368 3969 amatas
388 3927 406 3968 a
427 3917 579 3978 cremore,
613 3923 651 3965 ne
673 3904 796 3965 dixerim
819 3914 890 3965 tunc
912 3922 1030 3984 (poaque
1052 3923 1068 3963 a
1091 3903 1224 3975 Christo,
1257 3902 1326 3980 quia
1348 3920 1365 3962 a

171 4096 175 4102 Ι
232 4112 370 4189 ¹praecepit
388 4129 424 4177 ed.
446 4128 569 4176 Vaticanus
594 4126 659 4174 altar.
701 4125 817 4187 praeripit
840 4126 932 4189 relipai.
991 4123 1032 4172 at.
1051 4123 1169 4172 crassisse
1186 4122 1222 4173 cd.
1244 4122 1366 4171 Vaticanus

232 4184 539 4257 hondremannaria.
591 4192 623 4241 38
652 4202 747 4241 nostras
767 4194 805 4241 Ca.
920 4202 926 4211 ’

274 4290 360 4356 top-1.
397 4296 420 4345 l.
438 4295 544 4343 dimittet
562 4295 597 4345 cd.
620 4295 722 4344 Vaticani
740 4295 794 4344 duo.
832 4293 926 4342 dimittit
944 4294 1036 4356 reliqai.
1085 4287 1355 4349 antonnacum

233 4352 364 4413 hama.
400 4362 532 4420 Quomodo
549 4363 641 4425 reliqui.
694 4361 761 4410 {lin
781 4362 866 4423 primis
885 4362 909 4408 ll.
969 4360 992 4408 4.
1014 4360 1072 4407 Nam
1092 4367 1115 4406 et
1133 4359 1157 4406 in
1177 4360 1283 4421 primore
1305 4355 1368 4403 l'ati-

232 4430 342 4479 nuta.
375 4431 436 4480 Nam
457 4430 481 4478 iu
501 4431 606 4491 priorem
626 4431 650 4476 ll.
705 4430 727 4477 5.
748 4429 830 4477 delli.
883 4428 906 4476 6.
925 4428 1044 4477 dealbabo
1063 4426 1087 4474 B.
1140 4426 1323 4474 bonacursum
1342 4420 1367 4468 li.

232 4482 307 4544 ιΙΙΙ.
346 4498 368 4547 9.
388 4497 495 4547 residuis
513 4497 600 4545 BCacd.
621 4497 724 4545 Vaticani
742 4499 797 4546 dno.
833 4496 942 4544 residuas
960 4499 983 4545 la.
1040 4492 1075 4541 lh
1097 4494 1222 4541 mamad
1268 4489 1307 4536 ll.
1325 4501 1367 4534 ro·

167 4597 171 4627 ,
220 4548 508 4631 fine-hartmann,
527 4572 667 4625 avertetepa
706 4560 1267 4623 vohntmiscrieordiam3advertetleopoldaa.
1293 4553 1368 4627 voluit

220 4630 385 4683 tramam.
410 4636 507 4681 Avertat
524 4633 560 4681 cd.
603 4632 826 4680 inmisericordem
851 4639 938 4679 avertet
958 4631 1011 4679 Cala
1053 4629 1126 4676 voluit
1145 4636 1166 4676 et
1187 4622 1368 4699 misericordiae

221 4700 283 4747 ¹'at
296 4718 325 4761 ι,
342 4704 367 4751 tiv
384 4716 460 4763 marg.
498 4700 572 4747 aalma
590 4701 654 4749 atui
674 4700 733 4748 sede
753 4707 841 4747 avertet
860 4699 883 4746 Β.
932 4696 970 4746 ll.
990 4698 1113 4757 demerget
1132 4697 1168 4743 cd.
1191 4693 1295 4742 Vaticana
1312 4687 1367 4733 duo.

227 4754 304 4827 fingat
321 4770 388 4820 Coi?
411 4771 538 4827 demergat
558 4767 580 4815 d.
631 4766 670 4815 ta.
688 4769 814 4828 demerget
831 4768 866 4815 od.
889 4766 990 4816 lateant
1008 4765 1063 4813 duo.
1098 4764 1216 4822 dimergat
1235 4757 1288 4806 Gab-
1324 4751 1368 4801 tle·

226 4836 319 4893 *un
372 4837 413 4887 tt.
434 4836 558 4899 protunda
577 4836 613 4884 cd.

243 4914 375 4969 bustum
389 4935 445 4968 οη.
460 4932 611 4965 moroan.
635 4921 699 4965 Tam.
709 4919 737 4963 ll.
1030 4938 1044 4953 -
1183 4907 1215 4959 12
