3242 5775
512 613 551 657 Ii!
572 613 819 658 RESURRECTIONE
841 614 952 657 citime.
1256 600 1322 666 473

143 783 219 845 qnae
247 761 416 837 intercidit,
450 762 510 825 ¹³ut
536 762 658 825 claudus
687 772 717 825 st
745 763 846 825 luscus
874 763 932 825 uet
953 782 1058 826 caecus
1081 749 1112 826 et
1132 751 1270 845 leprosus
1293 774 1323 828 et

142 865 323 947 paralyticus
348 864 576 937 ¹'revertantun
611 876 643 925 ut
671 864 787 927 redisse
816 883 876 925 uon
898 864 988 940 libeat
1008 866 1044 926 ad
1055 864 1251 945 pristinum?
1284 884 1322 928 an
1378 917 1385 925 .
1432 931 1435 938 ,
1494 853 1503 862 ’

143 967 268 1047 integri,
298 966 460 1028 utiterum
484 965 551 1027 talia
574 966 634 1046 pati
658 963 803 1027 timeant?
851 965 929 1038 Quid
953 975 1013 1027 tum
1037 966 1074 1027 de
1099 966 1323 1046 consequentiis

144 1065 282 1131 earnis'?
318 1067 475 1129 Rursusne
497 1066 595 1128 omnia
619 1065 787 1128 necessaria
809 1066 868 1141 illi,
891 1075 922 1127 et
942 1067 1079 1146 inprimis
1102 1066 1210 1147 pabula
1234 1075 1323 1147 atque
1437 1135 1439 1140 ,

129 1168 315 1251 'pohwla,-
332 1176 362 1228 et
382 1166 574 1248 pulmonibus
602 1167 791 1239 ascendunt,
826 1175 856 1228 et
884 1167 1034 1229 intestinis
1058 1168 1271 1244 aestuandum,
1293 1176 1324 1230 et

146 1268 293 1350 pudendis
314 1287 375 1330 nou
391 1268 579 1347 pudendum,
603 1276 634 1329 et
648 1267 787 1329 omuibus
802 1267 944 1329 membris
959 1267 1178 1331 laborandum?
1206 1269 1322 1332 Rursus
1391 1349 1396 1359 ‚

148 1370 242 1433 alocra
265 1378 297 1432 et
317 1369 437 1431 vulnera
461 1379 491 1431 et
512 1369 605 1432 febris
630 1369 687 1430 ¹‘et
707 1369 838 1449 podagra
860 1378 891 1431 et
911 1387 994 1431 mors
1019 1369 1233 1450 ¹⁷reoptauda‘l
1266 1370 1322 1432 tu-
1492 1359 1499 1366 ⁶

148 1472 252 1532 mirum
276 1470 351 1532 baec
372 1479 460 1532 erunt
480 1480 547 1531 vota
570 1470 668 1560 caruis
690 1471 926 1549 recuperandae,
961 1470 1066 1533 iterum
1097 1490 1206 1553 cupere
1229 1472 1265 1533 de
1288 1492 1322 1534 ea

150 1572 281 1633 eradere.
313 1570 352 1632 Et
372 1590 429 1633 nos
452 1572 570 1651 quidem
593 1572 667 1632 baec
688 1571 835 1651 aliquanto
858 1571 1014 1633 honestius
1035 1591 1092 1651 pro
1114 1573 1174 1635 stili
1195 1573 1321 1653 pudore.

152 1670 285 1733 &terum
307 1680 449 1751 quantum
473 1672 560 1734 etiam
585 1672 814 1751 ”spurciloquio
829 1672 915 1733 liceat
928 1672 1046 1733 illorum
1062 1672 1094 1733 in
1109 1673 1321 1752 congressibus

155 1770 328 1853 ¹’experire,
351 1781 410 1834 tam
434 1773 618 1835 ethnicorum
631 1792 728 1853 quam
751 1773 979 1834 baereticorum.

233 1872 326 1951 igitur
347 1873 487 1952 quoniam
511 1882 540 1935 et
561 1874 652 1936 rudes
675 1875 783 1954 quique
813 1874 850 1934 de
873 1872 1078 1934 communibus
1100 1872 1196 1934 adbuc
1213 1873 1320 1935 sensi·
1340 1881 1430 1940 capt.

157 1970 207 2034 bns
227 1973 365 2053 sapiunt,
393 1983 424 2036 et
445 1974 525 2035 dubii
550 1982 579 2035 et
601 1974 751 2054 simplices
779 1993 834 2054 per
856 1974 978 2035 eosdem
1001 1992 1109 2035 sensus
1133 1973 1249 2035 ¹denuo
1271 1974 1320 2036 in·

159 2070 331 2151 quictamus,
364 2082 395 2134 et
416 2073 526 2154 ubique
546 2075 677 2155 'primus
705 2075 763 2135 iste
792 2075 822 2135 in
851 2094 907 2137 uos
935 2075 1013 2136 aries
1042 2073 1240 2154 'temperatur
1260 2095 1320 2156 quo

159 2173 243 2235 nmis
265 2172 403 2235 condicio
425 2174 614 2255 ‘quassatum
648 2175 818 2237 necessario
848 2184 878 2236 et
904 2194 920 2236 a
948 2174 1036 2237 uobis
1064 2175 1161 2237 caruis
1192 2177 1321 2256 primum

160 2274 282 2337 condicio
304 2274 471 2349 munietur,
493 2277 710 2356 vituperatione
732 2275 901 2337 laudatione
922 2275 1056 2355 depulsa.
1085 2276 1128 2336 lta
1143 2294 1201 2337 nos
1216 2277 1321 2339 rbeto·

160 2373 235 2437 tieari
255 2394 376 2455 quoque
398 2386 561 2454 provocant
581 2376 736 2448 haeretici,
760 2378 838 2436 sicut
859 2376 965 2437 ⁵etiam
980 2376 1197 2456 philosophari.
1226 2376 1321 2439 Futile

162 2475 340 2539 etirirolum
362 2477 440 2538 istud
464 2478 691 2557 corpusculum,
714 2477 793 2556 quod
817 2475 924 2538 malum
947 2477 1076 2556 denique
1098 2476 1245 2558 appellare
1260 2496 1321 2540 non

161 2572 289 2651 ionem,
313 2578 370 2638 etsi
392 2579 563 2656 angelorum
588 2578 694 2640 luisset
715 2577 868 2657 operatio,
898 2589 930 2638 ut
951 2578 1113 2640 Menandro
1135 2587 1166 2640 et
1186 2578 1321 2641 ‘lieren'
1427 2620 1430 2624 -

162 2674 257 2753 placet,
280 2678 340 2739 etsi
362 2677 440 2756 ignei
463 2678 587 2740 alicuius
604 2679 766 2740 exstructio
782 2696 875 2757 aeque
890 2679 1003 2757 angeli,
1026 2689 1059 2741 ut
1070 2679 1187 2759 Apelles
1203 2679 1336 2755 domet,

163 2778 300 2867 sufficeret
322 2778 358 2839 ad
381 2779 584 2840 auctoritatem
607 2779 704 2840 carnis
725 2777 909 2839 ’secundae'
932 2779 1092 2842 divinitatis
1113 2780 1322 2860 patrocinium.
1391 2831 1395 2837 .

163 2877 274 2960 Angelos
297 2889 369 2960 post
390 2879 478 2942 deum
502 2880 646 2942 novimus.
684 2881 744 2941 latu
767 2898 846 2940 nuuc
867 2879 1019 2959 'quisquis
1034 2880 1082 2943 ille
1098 2900 1233 2943 summus
1248 2881 1321 2944 deus

163 2975 286 3043 baeretici
316 2980 459 3061 cuiusque
489 2990 551 3053 est,
585 3000 645 3041 uon
674 2981 822 3055 immeritq
851 2981 886 3042 ab
918 2980 984 3060 ips'o
1007 3000 1125 3061 quoque
1147 2983 1323 3046 deducerem

164 3083 247 3143 tarnis
269 3081 459 3160 dignitatem,
483 3102 498 3141 a
522 3101 580 3160 quo
603 3083 740 3142 voluutas
762 3083 971 3160 producendae
988 3082 1015 3143 ei
1030 3083 1184 3145 adfuisset.
1215 3084 1323 3164 Utique

165 3182 228 3244 euim
250 3181 456 3263 prohibuisset
478 3182 542 3242 lieri
565 3201 652 3259 quam
675 3183 740 3242 fieri
763 3183 886 3255 scisset,
911 3183 937 3242 si
959 3182 1023 3243 beri
1045 3183 1203 3245 uoluisset.
1235 3184 1280 3246 lta
1295 3192 1326 3247 et

166 3283 315 3345 tcumdum
338 3283 407 3343 illos
430 3301 523 3362 aeque
547 3303 615 3344 caro
638 3284 684 3343 dei
707 3302 766 3344 res.
799 3282 896 3344 'Nihil
919 3282 1019 3362 operis
1043 3301 1104 3344 non
1126 3282 1191 3345 eius
1212 3284 1324 3363 estqui
1373 3316 1379 3324 .

167 3465 195 3516 li.
212 3478 233 3518 et
250 3469 332 3528 (stuc.
388 3468 617 3518 laetantum.
672 3469 710 3517 15.
729 3475 879 3519 revertentur
895 3469 921 3519 A.
976 3468 1015 3518 to.
1035 3472 1058 3518 'et
1076 3468 1182 3532 podagra
1201 3466 1324 3518 om-ddo'.

165 3535 245 3586 ltdidit
268 3539 369 3601 primunr
392 3539 421 3585 de
444 3539 494 3585 suis
517 3539 584 3585 libris
603 3538 740 3598 Casperius.
803 3536 841 3585 il.
867 3537 998 3599 reoptandr
1027 3536 1052 3586 Β.
1070 3543 1116 3585 tres
1138 3536 1247 3587 Vaticani.
1283 3549 1324 3583 re·

167 3605 238 3660 pust·
254 3607 281 3654 Λ.
318 3605 466 3668 redoptanda
486 3606 578 3667 reliqui.
625 3603 663 3652 18.
682 3603 849 3666 spurciloquio
868 3603 939 3653 liceat
951 3604 1005 3655 ece.
1024 3612 1071 3653 tres
1084 3604 1193 3653 Vaticani
1228 3602 1325 3665 spurci·

167 3665 257 3734 {qutun
276 3672 349 3720 licent
366 3688 388 3721 a.
423 3672 581 3734 spurciloquii
601 3671 671 3720 liceat
688 3673 728 3721 Ab.
774 3670 933 3734 spurciloquii
953 3670 1008 3720 lieot
1026 3672 1058 3732 d,
1078 3687 1129 3722 cust
1145 3671 1226 3720 Fuluio
1241 3670 1324 3720 Ursino

167 3740 257 3804 etcum.
276 3740 395 3803 Seioppio.
451 3738 488 3787 19.
508 3739 616 3801 experire
635 3755 684 3800 epo.
720 3739 822 3802 experiri
841 3739 896 3787 libri
914 3754 1000 3788 omnes.

220 3808 277 3871 cap.
296 3806 322 3854 i.
368 3805 391 3856 1.
409 3806 572 3869 inquietentur
590 3807 670 3854 denuo
688 3806 713 3856 A.
766 3805 789 3854 2
809 3806 902 3868 primus
920 3807 989 3855 lbet.
1025 3807 1048 3854 in
1068 3803 1152 3868 primis
1170 3804 1264 3868 reliqui.
1300 3801 1326 3854 3.

167 3881 305 3935 temperatur
322 3874 362 3937 qui
380 3875 405 3922 Α.
458 3873 483 3921 d.
502 3881 629 3936 quassetur
646 3874 670 3921 Α.
730 3873 753 3920 5.
772 3873 945 3935 vituperatione
969 3872 1106 3922 laudatione
1130 3871 1231 3934 depulsa
1248 3870 1327 3922 lece

167 3940 200 3987 lter
219 3942 327 3992 Vaticani.
362 3941 561 4004 vituperationem
581 3941 718 3989 laudatione
736 3939 845 4001 depellas
864 3941 915 3990 bed.
962 3940 985 3989 5.
1004 3941 1076 3989 etiam
1096 3939 1175 3988 omli.
1216 3936 1241 3988 d.
1259 3952 1326 3988 mer·

167 4003 231 4056 dit.
266 4007 381 4058 Uareioni
400 4010 445 4058 duo
458 4009 567 4056 Vaticani.
620 4007 644 4056 l.
663 4007 745 4056 sedern
765 4007 790 4055 n
824 4008 956 4056 seeundum
974 4007 1019 4057 tc.
1079 4005 1103 4056 8.
1121 4006 1225 4070 quisque
1243 4005 1284 4059 ute
1303 4012 1327 4055 et

167 4081 259 4124 nunnus
277 4080 302 4126 l.
347 4075 372 4124 9.
392 4075 448 4124 nibil
470 4090 516 4123 non
536 4082 581 4133 est,
600 4076 651 4122 eius
670 4079 739 4124 estt.
775 4074 838 4124 Nihil
859 4075 941 4143 operis
960 4083 1072 4135 nonest,
1091 4073 1230 4124 einsestd.
1266 4071 1326 4123 nibil

168 4141 234 4201 ueris
250 4157 299 4192 non
318 4150 356 4192 est
372 4143 396 4191 Β.
432 4143 495 4192 Nihil
515 4143 596 4204 operis
615 4157 663 4191 non
682 4150 719 4190 est
737 4143 788 4190 eius
806 4158 829 4190 e.

192 4273 206 4321 l.
222 4275 250 4325 de
267 4276 449 4340 consequentiis
475 4272 567 4341 earnis]
595 4276 632 4326 (ΙΙ.
651 4275 713 4325 inira
765 4274 937 4324 Tertullianus.
980 4272 1111 4322 lleusnder
1134 4271 1193 4322 illud
1211 4272 1327 4323 brbuita

119 4360 126 4389 ›
171 4342 258 4403 spuo.
277 4352 301 4393 et
320 4343 424 4406 eaput.
765 4343 873 4401 Simone,
892 4342 960 4389 cuius
978 4340 1112 4403 discipulus
1130 4341 1183 4389 init
1215 4340 1251 4391 Gi.
1269 4339 1327 4390 Λᾶν.

194 4423 212 4469 c.
227 4411 384 4473 pulmonibus
410 4405 551 4474 natandum]
576 4409 713 4473 lietapborr
766 4411 857 4459 Omnes
876 4410 946 4459 ilaec.
965 4422 1018 4470 cap.
1033 4407 1057 4456 1.

171 4468 192 4521 le
222 4478 357 4537 branchiis,
393 4477 595 4541 quemadmodum
625 4477 714 4526 Ludor.

172 4536 194 4588 le
208 4542 227 4591 la
244 4545 320 4595 Cerda
340 4553 431 4604 censet,
456 4544 491 4592 rel
510 4545 540 4593 de
558 4545 671 4602 brsebiis,
691 4542 714 4592 id
768 4576 785 4626 c

173 4613 298 4681 ulpianis,
326 4613 428 4675 piscium
447 4611 584 4675 desumpta,
613 4625 716 4674 quorum

174 4677 243 4728 unilis
252 4688 288 4729 est
302 4689 382 4730 motus
392 4680 551 4742 reciprocatni
565 4679 716 4743 pulmonum.

200 4741 250 4808 Cap.
267 4748 291 4794 t.
336 4763 359 4796 a.
384 4755 409 4796 ut
435 4747 565 4796 Menandro
590 4754 613 4795 et
636 4746 716 4794 liarco
801 4760 823 4794 c.
840 4741 974 4808 secundis]
1000 4742 1026 4792 ld
1045 4741 1265 4799 estseenndarias,
1284 4751 1329 4788 sn·

177 4804 346 4878 theutmire
365 4815 432 4863 solus
451 4815 521 4863 tradit
540 4815 586 4863 boc
600 4813 715 4878 placitum
766 4812 886 4875 pelorum.
907 4821 908 4824 ’

801 4510 823 4559 b.
848 4518 874 4558 ut
896 4508 993 4569 Apelles
1017 4504 1100 4570 docet]
1127 4507 1164 4558 Ci.
1192 4501 1228 4557 De
1249 4508 1328 4558 Carne

788 4576 825 4625 br.
849 4575 943 4639 capii.
980 4575 1013 4623 lle
1036 4574 1120 4624 dnirna
1146 4574 1257 4640 cap.23.
1293 4574 1328 4623 lle

768 4643 878 4692 Praescr.
897 4644 990 4691 liceret
1010 4641 1112 4707 capii.
