3242 5775
313 614 378 677 tat
566 625 669 678 ouran
691 623 824 669 senatun
846 619 1012 666 monueris
1035 622 1234 667 acarnanum

314 796 424 860 passus
440 784 582 839 estesse.
614 774 695 836 Bene
709 766 809 836 autem
823 773 902 852 quod
926 773 984 834 ¹⁰et
1005 772 1107 853 plures
1130 780 1161 834 et
1175 771 1312 833 duriores
1329 771 1349 803 ¹¹
1358 791 1488 853 quaeque

316 877 468 940 doctrinae
490 875 734 959 totam-bominis
757 874 956 953 figulationem
981 874 1038 935 deo
1060 882 1166 947 nostro
1190 873 1308 935 aedunt.
1353 873 1488 947 Quantus

316 978 366 1041 laia
387 979 428 1040 sit
448 978 521 1039 satis
544 977 640 1048 nosti,
673 976 724 1056 qui
746 976 867 1037 unicum
889 974 1050 1035 credidisti.
1101 973 1226 1055 incipiat
1255 974 1312 1035 iarn
1340 975 1394 1036 tibi
1426 994 1488 1038 cart

316 1074 450 1159 placere,
474 1078 558 1140 cauas
580 1079 805 1140 anitexunius
829 1085 885 1137 est.
919 1074 977 1136 Sed
1001 1076 1188 1147 elmundus,
1212 1074 1327 1154 inquis,
1352 1076 1400 1136 dei
1419 1095 1488 1157 opus

115 1256 119 1262 -
165 1192 380 1255 roervnnest,
402 1188 433 1241 et
455 1188 552 1241 tamen
573 1179 715 1260 praeterit
736 1177 853 1239 babitus
875 1176 963 1238 liuius
986 1176 1104 1249 mundi,
1133 1175 1272 1256 apostolo
1294 1195 1417 1256 quoque
1439 1197 1488 1239 au·

318 1289 417 1354 atore3
445 1299 501 1341 neo
521 1280 631 1341 idcirco
654 1279 803 1341 restitutio
827 1278 927 1339 mundi
951 1276 1226 1357 ¹²praeiudicabitur
1253 1277 1321 1356 quia
1345 1278 1393 1339 dei
1416 1296 1488 1359 opus

316 1391 373 1444 est.
417 1381 455 1442 Et
476 1381 577 1459 utique
598 1380 624 1442 si
647 1380 825 1441 universitas
854 1378 1085 1439 inreformabilis
1114 1387 1182 1457 post
1212 1378 1387 1452 decessum,
1422 1380 1488 1459 quid

314 1481 441 1563 portio?
483 1482 589 1552 Plane,
622 1479 647 1541 si
677 1479 776 1559 portio
806 1479 991 1539 universitati
1014 1479 1204 1559 adaequatur.
1247 1478 1290 1539 td
1320 1479 1488 1541 distantiam

216 1600 303 1653 tuta
318 1584 397 1645 euim
418 1599 623 1662 provocamus.
662 1580 762 1642 Primo
778 1579 915 1659 quidem,
940 1580 1046 1659 ¹³quod
1069 1580 1169 1641 omnia
1192 1598 1331 1642 sermone
1355 1581 1403 1642 dei
1419 1582 1488 1643 lacta

317 1692 404 1756 sunt,
432 1693 462 1746 et
488 1683 555 1744 sine
583 1683 634 1744 illo
662 1681 745 1743 nibil.
797 1681 872 1742 Caro
896 1689 993 1741 autern
1017 1681 1075 1743 ”et
1098 1699 1238 1742 sermone
1259 1682 1307 1742 dei
1331 1682 1488 1745 ¹‘constitit

188 1802 302 1854 senune.
316 1794 440 1865 propter
462 1786 603 1857 lormam,
626 1802 665 1844 ue
687 1783 756 1863 quid
772 1782 838 1844 siue
852 1782 1022 1843 sermonel.
1056 1782 1209 1843 Faciamus
1232 1782 1311 1843 enirn
1328 1782 1488 1854 bominem,

300 1892 385 1948 :ante
406 1884 575 1965 pmemisit,
598 1883 792 1962 etamplius,
822 1901 926 1955 manu,
957 1892 1079 1963 propter
1102 1884 1331 1963 praelationem,
1361 1903 1400 1946 ne
1423 1885 1488 1946 uni-

184 1985 447 2055 ceu.1‚n.versitati
462 1986 722 2065 ¹‘compararetur
752 1984 788 2045 Et
802 1985 901 2058 linxit,
926 1984 1064 2064 ''inquit,
1088 1984 1161 2045 deus
1177 1983 1341 2046 bominem.
1370 1985 1488 2064 blageae

318 2085 496 2164 siuedubio
518 2085 701 2148 diberentiae
723 2086 817 2157 ratio,
840 2104 895 2165 pro
917 2085 1092 2146 condicione
1107 2084 1219 2147 scilicet
1233 2103 1344 2147 rerum.
1377 2086 1488 2147 Minora

317 2187 396 2249 euim
418 2205 494 2267 quae
515 2187 625 2249 debant
646 2206 681 2248 eo
704 2185 749 2247 cui
772 2185 898 2258 liebaut,
920 2187 1065 2265 siquidem
1082 2186 1195 2248 borniui
1211 2186 1337 2259 liabent,
1360 2187 1408 2249 cui
1423 2205 1488 2250 moa

317 2308 333 2350 a
356 2288 412 2350 deo
435 2288 548 2349 addicta
571 2296 651 2349 sunt.
695 2287 801 2347 blerito
825 2286 915 2365 igitur
943 2296 975 2348 ut
996 2288 1102 2348 famula
1132 2287 1216 2349 iussu
1246 2296 1276 2347 et
1304 2287 1435 2367 imperio
1462 2297 1488 2351 et

317 2389 381 2452 sola
403 2389 496 2450 vocali
517 2376 665 2468 potestate
687 2387 824 2449 universa
846 2397 1064 2467 processerant
1110 2389 1218 2449 Contra
1242 2389 1349 2462 bomo,
1379 2400 1414 2451 ut
1434 2390 1488 2451 do·

205 2495 215 2504 '
318 2489 415 2551 minus
437 2507 557 2561 eorum,
580 2489 611 2549 in
633 2490 692 2550 boc
712 2488 749 2550 ab
773 2490 838 2567 ipso
855 2481 917 2550 'deo
939 2497 1109 2550 exstructus
1133 2498 1192 2563 est,
1215 2498 1248 2549 ut
1263 2490 1406 2552 dominus
1423 2509 1488 2552 esse

317 2589 468 2667 ¹⁸posset‚
501 2588 571 2649 mam
600 2590 633 2650 tit
659 2609 675 2651 a
704 2590 835 2651 domino.
885 2590 1042 2650 llorninem
1071 2599 1168 2651 autem
1197 2600 1349 2652 memento
1372 2610 1488 2654 carnem

190 2690 440 2770 cenna-proprie
454 2688 528 2762 diui,
550 2708 626 2769 quaa
640 2690 723 2770 prior
738 2691 912 2751 vocabulum
930 2691 1059 2751 bominis
1076 2690 1243 2770 occupavit:
1266 2691 1303 2753 Et
1318 2692 1410 2754 linxit.
1420 2694 1488 2755 deus

316 2790 485 2863 bominem,
507 2790 609 2853 limum
631 2792 669 2853 de
690 2800 793 2870 terra.⁸
812 2791 873 2851 lam
889 2791 994 2865 bomo,
1018 2792 1066 2870 qui
1090 2793 1185 2853 adbuc
1206 2791 1306 2853 limus.
1342 2793 1380 2855 Et
1393 2795 1484 2856 insul·

166 2892 397 2963 aenuasqdavit
418 2892 449 2952 in
471 2891 574 2954 lmiem
597 2892 662 2952 eius
683 2894 785 2953 ilatum
807 2892 898 2963 ritae,
922 2900 951 2954 et
974 2895 1067 2954 lactus
1092 2903 1137 2985 est
1151 2895 1258 2964 bomo,
1281 2895 1311 2955 id
1327 2904 1377 2957 est
1391 2896 1484 2964 lituos.

316 2993 348 3056 iu
362 2992 489 3054 animam
504 2992 609 3065 vivam,
633 2971 867 3071 at'posuit'deus
883 2993 1044 3066 bominem,
1067 3013 1153 3073 quem
1174 2995 1267 3067 linxit,
1288 2995 1318 3055 in
1340 2998 1482 3075 paradiso.

317 3093 398 3154 Adeo
421 3094 512 3154 bomo
534 3093 704 3172 figmentum
727 3092 842 3172 prirno,
865 3092 972 3153 dehinc
992 3102 1084 3156 totus.
1114 3077 1179 3157 lloe
1193 3115 1229 3157 eo
1245 3097 1483 3163 commendarim.

272 3233 279 3244 ·
317 3194 360 3255 uti
381 3193 519 3272 quicquid
543 3193 664 3255 omuino
688 3192 801 3255 bomini
830 3194 925 3255 adeo
948 3205 1139 3273 prospectum
1168 3205 1256 3275 atque
1279 3196 1483 3276 ⁸⁹promissum

318 3302 381 3367 est,
402 3310 464 3354 uon
485 3292 570 3354 ¹”suli
593 3293 722 3365 animae,
736 3312 845 3355 verum
868 3303 899 3355 et
920 3297 999 3356 carni
1022 3296 1099 3358 scias
1122 3296 1269 3371 debitum,
1297 3296 1361 3360 ²¹ut
1382 3300 1411 3361 si
1432 3316 1485 3360 nou

317 3413 353 3456 ex
374 3393 529 3456 consortio
551 3395 686 3473 generis,
710 3404 790 3456 certe
812 3395 859 3456 vel
881 3413 915 3456 ex
938 3394 1092 3475 privilegio
1114 3398 1255 3458 nominis.

176 3505 299 3565 ,ειμι
400 3491 566 3574 Persequar
587 3494 686 3575 itaque
707 3497 913 3576 propositum,
948 3498 973 3558 si
1002 3505 1101 3559 umen
1128 3506 1242 3559 tantum
1269 3501 1389 3578 possim
1412 3500 1487 3563 cami

316 3594 481 3658 ¹vindicare
504 3604 646 3676 quantum
667 3597 792 3681 contulit
811 3596 861 3658 ille
883 3597 933 3677 qui
957 3616 1020 3658 earn
1037 3599 1120 3672 lecit,
1144 3599 1201 3660 iam
1216 3607 1288 3661 tunc
1303 3600 1487 3678 gloriantem,

316 3696 395 3776 quod
418 3695 466 3758 illa
488 3697 652 3777 pusillitas,
674 3696 795 3769 'limus,
824 3697 854 3759 iu
878 3716 982 3760 manus
1005 3698 1052 3760 dei
1074 3718 1272 3778 quaecunque.
1288 3709 1360 3762 suut
1380 3720 1488 3782 perve-

314 3796 376 3869 uit,
399 3797 469 3869 aeds
491 3795 596 3858 boatus
619 3797 676 3858 etsi
699 3797 886 3861 solummodo
909 3792 1075 3861 contactus.
1110 3783 1193 3873 'Quid
1223 3801 1318 3874 euim,
1351 3801 1379 3863 si
1409 3802 1488 3863 nullo

315 3895 442 3975 amplius
465 3914 558 3976 epure
580 3898 679 3958 statim
703 3899 874 3976 figmentum
897 3899 934 3960 de
949 3909 1086 3964 contactu
1102 3901 1149 3963 dci
1165 3900 1374 3964 constitisset?
1408 3903 1488 3964 Adeo

313 3995 437 4076 ’magua
459 4015 509 4058 res
531 3996 687 4077 agebatur,
710 4017 767 4078 qua
790 4000 847 4061 ista
870 4001 992 4062 materia
1014 4002 1228 4065 exstruebatur.
1260 4002 1363 4083 ltaque
1378 4004 1488 4065 totiens

317 4114 357 4167 ld.
375 4125 399 4166 et
416 4132 460 4167 oue.
471 4118 521 4167 bed.
576 4117 615 4168 tt.
635 4119 806 4184 qaoquedd'n
861 4118 899 4169 12.
918 4121 1097 4184 praeiudicatur
1115 4121 1171 4172 cm·
1206 4120 1244 4171 tu.
1264 4123 1346 4171 omnia
1364 4123 1488 4186 qeoddd.

317 4185 359 4233 tt.
376 4198 404 4234 ea
423 4184 447 4233 d.
502 4185 540 4234 15.
559 4187 671 4236 constetit
689 4189 763 4237 cadet
781 4188 813 4236 lo.
824 4186 951 4237 Clementis.
1012 4188 1050 4237 16.
1070 4196 1224 4251 comparetur
1247 4189 1290 4239 AB.
1309 4196 1356 4238 trra
1378 4191 1488 4240 Vaticani.

317 4251 357 4301 Π.
375 4253 435 4302 dees
454 4253 575 4303 bominem
599 4254 768 4317 inquietae«.
829 4253 1056 4318 iuposituros.
1082 4264 1128 4306 tres
1150 4257 1260 4306 Vaticani.
1324 4255 1363 4306 19.
1381 4259 1488 4320 perulo

315 4321 414 4369 marli.
466 4319 649 4371 lbaolumll.
702 4319 867 4372 lbeteiB.
1333 4334 1343 4349 ·

277 4429 284 4441 .
384 4387 497 4451 Capti.
543 4389 564 4438 l.
583 4388 740 4439 vindicarit.
793 4386 1068 4442 blutustmmnnu.
1102 4391 1218 4440 bomoia
1237 4393 1353 4441 meent.
1406 4390 1431 4440 3.
1450 4404 1488 4440 res

315 4466 400 4514 magua
419 4459 445 4504 Α.

348 4552 371 4601 d.
390 4562 490 4616 propter
508 4555 619 4609 turmam.
637 4571 667 4604 ee
685 4555 742 4619 quid
754 4556 807 4605 siue
818 4571 873 4606 aer·
925 4557 972 4606 boe
996 4572 1068 4607 sensu
1094 4566 1209 4622 deturpata
1234 4554 1265 4607 cl.
1288 4557 1381 4607 adnuit.
1406 4558 1436 4607 ad
1453 4558 1488 4607 lle

315 4617 407 4685 mooe]
415 4621 439 4669 ld
450 4630 487 4670 est
499 4632 598 4685 propter
607 4624 719 4680 turmam,
733 4624 776 4680 ie„
786 4624 873 4685 legem
924 4622 1011 4673 idolol.
1030 4641 1083 4686 cup.
1093 4624 1131 4675 ta.
1156 4626 1268 4676 Ceterum
1280 4639 1309 4674 ne
1326 4625 1421 4674 taedeat
1434 4636 1488 4674 eata

314 4702 385 4751 quam
414 4690 485 4736 modo
510 4690 660 4748 laudaverat,
687 4706 716 4739 ue
744 4693 872 4754 quiequam
922 4691 962 4740 bis
981 4693 1122 4743 Tertulliani
1141 4694 1219 4742 verbis
1243 4704 1401 4756 comparasse
1419 4694 1488 4743 vena

283 4771 286 4776 ·
313 4755 422 4803 videlicet
440 4755 578 4805 lleretdoe
595 4757 632 4805 dei
651 4770 772 4806 eerreuue.
803 4758 873 4816 erod
921 4758 1033 4820 Gregorii
1053 4761 1121 4822 nyss.
1141 4761 1173 4809 lle
1192 4761 1253 4824 Opil.
1275 4759 1345 4809 llom
1363 4758 1456 4825 cept.

312 4823 359 4870 iam
380 4824 581 4885 comprobaturus
600 4833 643 4872 est.
680 4826 713 4873 lte
732 4839 781 4874 vor.
799 4830 873 4889 [orote
