3242 5775
318 597 380 661 718
573 610 676 663 omum
698 609 830 662 terrram
851 609 1016 652 rsonaurrs
1040 608 1237 652 rmrumnru

258 742 261 748 ¹
316 761 368 844 qui
382 769 454 841 post
473 767 600 821 mortem
616 757 788 837 Cleopatrae
812 776 852 819 xx
867 765 896 819 et
910 777 962 818 arn
982 757 1156 837 nugusmtz
1177 757 1380 821 “efficiuntur
1401 757 1486 821 'anni

157 850 161 860 ’
317 868 569 934 concurretant,
591 859 741 938 ⁷⁰mepses
763 875 790 920 v.
828 857 911 920 Unde
933 859 1132 939 adimplentur
1154 878 1214 920 mur
1236 859 1446 931 hebdomadae
1464 871 1486 922 et

257 957 262 963 ’
315 961 453 1034 dimidia,
476 980 551 1040 quae
573 960 705 1031 elliciunt
725 977 821 1021 anuos
844 978 1028 1032 ccccxxxvii,
1061 960 1210 1021 ⁷¹menses
1232 979 1261 1022 rr
1284 961 1316 1021 in
1337 960 1419 1023 ⁷²dis
1439 980 1484 1022 na·

315 1061 437 1124 tiritatis
453 1061 571 1123 Christi.
608 1060 646 1122 Et
665 1060 880 1122 ”manifestata
903 1068 949 1121 est
970 1059 1081 1122 iustitia
1104 1068 1240 1134 aeterna,
1264 1069 1296 1122 et
1316 1070 1427 1123 unctus
1448 1071 1486 1122 est

316 1169 437 1224 sanctus
459 1171 648 1235 sanctorum,
677 1160 705 1221 id
730 1168 776 1221 est
798 1158 951 1233 Christus,
981 1168 1011 1221 ct
1033 1161 1148 1238 signata
1171 1168 1216 1223 est
1238 1161 1316 1223 risio
1341 1171 1373 1224 ot
1394 1162 1485 1242 ⁷'pro-

314 1263 436 1343 phetes‚
470 1270 500 1323 et
527 1262 652 1323 dimissa
679 1269 749 1322 sunt
775 1270 912 1339 peccata,
944 1279 1018 1340 quae
1040 1281 1095 1341 per
1117 1263 1204 1324 iidem
1227 1263 1361 1324 nominis
1386 1262 1486 1325 Christi

315 1362 454 1426 omuibus
476 1362 507 1422 iu
529 1381 596 1424 eum
624 1359 812 1422 credentibus
840 1361 1049 1425 ⁷⁶diluuutur⁸.
1105 1362 1185 1435 Quid
1211 1372 1258 1424 est
1285 1371 1386 1424 autem
1416 1362 1486 1443 quod

315 1463 387 1526 dicit
415 1462 524 1541 signari
551 1463 648 1523 risum
676 1469 706 1522 et
733 1461 972 1540 ⁷⁷prophetiam?
1016 1462 1164 1535 Quoniam
1197 1480 1304 1524 omues
1326 1464 1485 1543 prophetae

315 1562 490 1624 nuntiabant
518 1562 554 1624 dc
581 1561 659 1622 ⁷⁸illo
690 1562 771 1641 quod
800 1571 881 1623 esset
908 1570 1050 1630 venturus
1080 1572 1109 1624 et
1135 1564 1194 1643 pati
1223 1562 1359 1624 haberet.
1405 1564 1486 1644 lgitur

228 1650 230 1653 ⁸
307 1643 453 1743 'quoniam
475 1661 659 1741 ⁷”adimpleta
688 1669 736 1722 est
763 1662 919 1740 prophetia
946 1682 1001 1742 per
1028 1663 1184 1725 adrentum
1214 1664 1296 1748 cius,
1333 1674 1485 1744 propterea

314 1764 426 1843 signari
449 1764 595 1824 visionem
618 1772 647 1823 et
668 1761 857 1841 prophetiam
880 1762 1011 1835 dicebat,
1040 1764 1179 1843 quoniam
1202 1765 1267 1843 ipse
1289 1764 1370 1827 ⁸⁰est
1391 1766 1485 1845 signa·

310 1865 412 1927 'culum
436 1864 568 1924 omnium
596 1862 826 1942 prophetarum,
855 1864 1020 1943 adimplens
1050 1865 1148 1926 omnia
1176 1882 1252 1943 quae
1280 1872 1366 1925 retro
1395 1866 1433 1927 de
1454 1883 1484 1925 eo

313 1964 558 2027 “nuntiaverant
601 1962 704 2024 ”Post
724 1963 803 2023 enim
828 1964 984 2025 adventum
1009 1965 1118 2026 Christi
1148 1974 1178 2025 et
1198 1963 1375 2042 passionem
1398 1966 1486 2046 ipsius

313 2065 373 2128 iam
395 2064 483 2125 'nrm
506 2064 579 2125 visio
602 2082 698 2143 neque
727 2065 889 2144 prophetes
923 2074 970 2126 est
1002 2066 1223 2144 qui‘Christum
1246 2067 1366 2126 nuntiet
1387 2076 1486 2128 ventu-

229 2156 232 2162 ’
313 2184 391 2227 rum.
435 2164 695 2244 lleniquehocsi
724 2166 852 2226 nonita
881 2175 944 2238 cst,
976 2166 1134 2227 exhibeant
1155 2165 1252 2227 ludaei
1276 2167 1488 2246 prophetarum

144 2254 155 2274 ⁸
234 2311 236 2315 .
312 2275 383 2347 post
397 2266 546 2328 Christum
569 2266 665 2344 aliqua
687 2265 851 2339 volumina,
874 2266 1047 2345 angelorum
1069 2265 1235 2343 aliquorum
1251 2265 1379 2328 visibilia
1400 2269 1486 2330 mira·

314 2367 395 2440 mla,
418 2386 494 2446 quae
516 2377 595 2428 retro
617 2367 802 2446 patriarchae
825 2367 962 2427 viderunt
982 2384 1079 2445 usque
1100 2366 1136 2426 ad
1159 2366 1316 2427 adventum
1341 2367 1487 2440 ⁸*Christi

179 2530 184 2543 ,
313 2467 363 2549 qui
386 2468 443 2546 iam
466 2468 557 2541 venit,
581 2486 616 2529 er
638 2486 697 2547 quo
721 2467 835 2545 signata
858 2474 904 2528 est
925 2467 1001 2527 risio
1024 2476 1053 2528 et
1072 2467 1239 2545 prophetia,
1262 2467 1291 2527 id
1308 2459 1356 2529 es't
1370 2476 1485 2530 statuta.

160 2550 354 2642 murmurabit
375 2569 482 2629 merito
505 2568 700 2647 evangelista:
722 2568 784 2629 Lex
806 2573 838 2629 et
856 2568 1020 2648 prophetae
1035 2585 1128 2645 usquc
1147 2567 1182 2628 ad
1197 2567 1340 2629 loannem
1363 2568 1485 2649 '‘bapti-

312 2676 399 2730 stam.
442 2667 592 2746 Baptizato
615 2668 695 2729 enim
717 2668 853 2741 Christo,
887 2668 917 2729 id
945 2675 992 2728 est
1019 2667 1220 2728 sanctificante
1253 2686 1347 2746 aquas
1375 2669 1407 2731 in
1435 2688 1485 2732 suo

312 2766 505 2847 baptismate,
527 2769 625 2830 omnis
645 2767 800 2847 plenitudo
824 2766 1000 2847 spiritalium
1022 2776 1103 2828 retro
1126 2768 1338 2830 charismatum
1356 2769 1386 2832 in
1402 2770 1485 2832 Chri·

312 2875 361 2931 ato
384 2877 551 2943 cesserunt,
575 2869 711 2947 signante
732 2868 878 2930 visionem
901 2876 932 2931 et
944 2868 1116 2949 prophetias
1132 2887 1247 2942 omncs,
1270 2890 1346 2949 quas
1362 2871 1486 2934 adventu

313 2987 371 3031 ouo
387 2969 565 3048 adimplevit.
602 2970 686 3031 Unde
702 2969 873 3031 firmissime
888 2969 959 3031 dicit
973 2970 1128 3030 adrentum
1151 2970 1214 3031 eius
1238 2971 1358 3053 signare
1380 2973 1486 3036 ”visus

313 3078 343 3131 et
363 3070 560 3150 prophetiam.
603 3071 705 3150 ltaque
727 3071 921 3133 ostendentes
948 3078 978 3132 et
1005 3089 1160 3132 numerum
1184 3089 1337 3159 pacorum
1360 3082 1391 3135 et
1413 3084 1485 3136 tem·

312 3189 369 3250 pus
387 3163 428 3232 'ux
451 3171 574 3233 duarum
598 3179 628 3232 et
648 3171 787 3232 dimidiae
808 3170 1060 3233 hebdomadarum
1083 3171 1357 3251 ⁸⁷adimpletarum,
1380 3175 1485 3254 quibus

312 3271 469 3351 completis
490 3272 611 3334 venisse
632 3271 797 3345 Christum,
827 3271 857 3333 id
879 3280 926 3334 est
952 3280 1069 3346 natum,
1103 3272 1254 3333 rideamus
1277 3272 1397 3352 ⁸'quid‘
1417 3275 1486 3337 aliae
1508 3266 1512 3273 ’

311 3490 354 3542 88.
373 3487 549 3543 οῐῆοἰυιιωῐλ.
584 3492 720 3541 eliciuntur
730 3499 808 3540 autem
819 3491 909 3540 Allohd.
936 3491 1187 3551 Omitt.r,etllieron.
1222 3490 1263 3541 69.
1283 3493 1341 3542 anni
1351 3494 1486 3546 ccccm

311 3555 424 3610 ervttt
459 3558 702 3614 anntccccttttttvtt
721 3560 815 3622 reliqui.
850 3558 891 3608 to.
911 3558 1040 3607 mensesl.
1059 3554 1259 3617 ildehdlieroo.
1297 3562 1435 3612 meusesll
1453 3564 1485 3613 cd·

311 3626 354 3677 ll.
374 3628 440 3677 Unde
458 3627 622 3690 adimpleatur
632 3651 663 3661 —
674 3651 706 3662 ·-
716 3650 751 3660 -
766 3639 863 3674 menses
880 3624 905 3673 t.
924 3640 968 3674 om.
981 3620 1023 3674 il.
1064 3626 1104 3674 tt.
1125 3640 1220 3674 menses
1232 3625 1259 3673 Vl
1278 3627 1374 3689 dated„
1394 3630 1486 3680 iliam

311 3693 353 3743 77.
372 3689 446 3742 diei„
471 3694 775 3757 diemrelipui,etllieron.
810 3692 850 3741 71.
866 3686 1374 3756 manilestata(ildtinmorp.led.,llierora
1413 3699 1485 3746 maai·

312 3762 373 3811 testa
392 3762 466 3812 theb.
507 3761 548 3809 75.
568 3761 695 3823 prophetia
714 3764 813 3820 d.,eam
826 3760 920 3809 llieron.
956 3759 997 3808 76.
1016 3760 1140 3809 diluuntur
1158 3777 1206 3823 epo.
1242 3758 1486 3825 trituratoriam„

309 3828 406 3879 Hieron
440 3828 595 3876 remittuntur
612 3829 657 3885 cd„
677 3843 707 3876 ea·
723 3829 834 3877 Ponerio.
886 3826 926 3875 77.
946 3828 1098 3889 prophetiam
1116 3822 1192 3888 ileu„
1211 3828 1306 3877 Hieron.
1344 3832 1485 3894 prophetant

309 3897 403 3959 reliqui.
456 3893 498 3942 78.
516 3893 563 3957 ipsi
581 3895 626 3953 ech,
646 3894 740 3944 Hieron.
791 3894 831 3944 79.
852 3894 950 3957 impleta
968 3895 1062 3944 Hieron.
1115 3894 1155 3944 80.
1175 3905 1212 3944 eat
1229 3896 1383 3956 signaculum
1403 3894 1484 3958 utta,

309 3962 404 4013 Hieron
439 3959 590 4021 signaculum
608 3961 701 4024 reliqui.
752 3960 794 4010 at.
814 3957 1034 4011 nuntiaverantit.
1080 3963 1213 4025 prophatae
1232 3964 1376 4014 nuntiabant
1394 3966 1485 4015 nenas

311 4028 445 4092 prophetae
460 4027 718 4078 nuntiaverantliabcd.
758 4027 800 4077 82.
820 4029 877 4078 Post
894 4032 957 4078 enim
977 4030 1102 4078 adrentum
1121 4030 1173 4077 eius
1189 4038 1212 4078 et
1224 4031 1366 4092 passionem
1377 4027 1484 4095 ipsiusi.

311 4095 369 4144 l’ost
386 4094 512 4143 adrentum
530 4095 594 4143 enin
613 4102 637 4143 et
654 4096 792 4158 passionem
811 4097 863 4145 eius
881 4096 976 4145 Hieron.
1022 4095 1063 4145 83.
1082 4111 1130 4145 non
1149 4097 1262 4148 estvisio
1281 4112 1362 4162 nequo
1380 4099 1486 4162 propbe-

309 4161 341 4211 tia
360 4175 422 4225 quae
440 4162 533 4210 llieron.
575 4160 616 4210 84.
634 4163 687 4211 eius
704 4158 727 4211 λ.
768 4161 809 4212 85.
828 4163 956 4226 baptistam
974 4157 997 4212 λ.
1034 4164 1206 4227 baptizatorem
1224 4165 1319 4228 reliqui.
1364 4165 1407 4216 86.
1425 4168 1485 4215 vises

310 4237 335 4278 et
350 4229 504 4291 prophetiam
521 4223 553 4289 1.,
574 4231 699 4279 secandum
717 4232 815 4279 schedae
833 4231 951 4280 laniones.
992 4230 1067 4279 risum
1086 4240 1109 4279 et
1127 4232 1280 4294 prophetiam
1299 4227 1341 4293 (λ,
1362 4250 1393 4282 ee
1411 4235 1484 4285 schel.

310 4295 466 4358 Seioppianirl
484 4297 505 4345 d.
551 4297 627 4345 risum
652 4305 676 4346 et
701 4299 833 4360 prophetas
857 4298 950 4361 reliqui.
1009 4296 1050 4346 87.
1075 4298 1276 4361 adimpletarum,
1304 4300 1395 4364 quibus
1421 4316 1484 4350 com·

310 4358 423 4425 pletisi.
466 4363 660 4427 adimpletarum,
685 4372 742 4413 tnnc
764 4365 850 4414 Ababa
891 4365 1057 4427 adimpletum,
1086 4369 1182 4415 tnncd.
1227 4366 1360 4430 adimpleta
1384 4378 1410 4418 et
1433 4378 1484 4419 tuna

310 4430 413 4494 Seioppii
431 4433 528 4480 schedae
544 4432 675 4482 Patavinae.
728 4428 772 4482 883
788 4432 845 4495 qnid
864 4432 926 4481 aliae
943 4427 1041 4495 tutan,
1061 4434 1156 4483 Hieron.
1191 4432 1253 4483 aliae
1272 4436 1308 4484 ed.

342 4596 366 4646 d.
384 4597 424 4647 XX
442 4606 466 4646 et
478 4597 528 4648 Vlll
547 4595 665 4664 Augusto]
684 4599 710 4648 ld
729 4608 765 4649 est
782 4600 869 4662 rigesi-
921 4600 977 4650 dum
998 4601 1054 4649 mihi
1074 4601 1141 4662 potui
1159 4601 1317 4665 persuadere.

307 4677 362 4714 mus
380 4673 477 4714 octavus
497 4666 592 4729 imperii
610 4668 716 4728 Augusti.
955 4670 970 4717 1.
997 4669 1119 4717 videamus
1145 4664 1215 4732 quid]
1244 4670 1271 4718 ld
1299 4679 1338 4720 est
1365 4671 1484 4722 rideamne

342 4747 364 4780 a.
383 4727 527 4796 diluuntur]
547 4733 580 4781 lte
598 4734 721 4797 rescripsi.
748 4734 808 4784 llam
827 4737 870 4784 tri-
922 4736 979 4799 quid
999 4736 1043 4785 sibi
1063 4736 1143 4797 velint,
1163 4737 1220 4800 quid
1238 4738 1385 4800 significent.

309 4799 378 4848 ione
395 4800 442 4848 dict
460 4801 570 4863 potuisse
596 4815 641 4863 pro
659 4803 789 4851 condonare
807 4818 870 4853 non·
