3242 5775
488 591 493 600 ’
561 629 710 676 annosos
732 633 906 681 nemorosis
926 638 984 683 cta.
1000 640 1038 685 tv.
1331 639 1392 703 tto

257 783 323 850 ιιι;
341 777 365 840 si
383 778 481 840 matris
503 785 617 841 tantum
640 780 792 857 bominis,
816 804 914 848 meum
934 789 1091 866 concedis3
1116 793 1142 854 si
1157 811 1255 876 neque
1270 797 1393 879 ”patrie

251 875 361 950 buiris.
383 896 450 958 ergo
472 878 584 941 nullius
606 880 739 943 bominis
756 892 804 945 est
820 886 913 963 filius,
937 896 968 951 et
988 908 1113 954 necesse
1135 903 1183 956 est
1203 899 1390 965 mendacium

247 977 375 1054 affluerit,
396 980 445 1061 qui
469 999 504 1042 se
526 981 607 1061 qnod
628 1000 691 1043 non
715 992 780 1045 erat
801 986 883 1049 dixit.
917 988 1015 1051 Unum
1036 1001 1140 1071 potest
1161 999 1305 1075 angustiis
1327 1003 1388 1064 tuis

242 1080 380 1157 inanire,
402 1083 428 1144 si
450 1082 560 1144 audeas
583 1092 634 1144 aut
656 1084 744 1145 deum
769 1093 852 1148 tuum
869 1097 985 1167 patrem
1001 1091 1112 1154 Christi
1133 1094 1286 1160 bominem
1308 1121 1386 1181 quo-

239 1197 273 1260 μ
288 1184 509 1263 cognominare,
538 1184 618 1263 quod
641 1185 678 1246 de
700 1184 829 1248 ”Aeone
851 1189 920 1250 lecit
942 1190 1141 1267 Valentinus¹,
1169 1206 1220 1258 aut
1241 1199 1385 1279 virginem

236 1279 353 1346 flumem
375 1302 503 1365 negare,
526 1286 606 1364 quod
629 1286 714 1348 ”neo
734 1286 907 1351 Valentinus
930 1291 1049 1370 quidem
1071 1293 1150 1355 lecit
1193 1297 1271 1369 Quid
1294 1318 1382 1373 nunc,

232 1382 315 1465 iipso
336 1386 423 1447 titulo
445 1386 498 1446 lilii
519 1386 650 1449 hominis
674 1398 812 1450 censetur
824 1389 961 1452 Christus
976 1392 1055 1471 apud
1069 1392 1244 1457 Danielem?
1276 1398 1529 1482 Nonnenonmrio

231 1477 338 1548 'abac
358 1486 396 1548 ad
419 1486 627 1565 probationem
649 1489 818 1568 prophetici
841 1489 977 1552 Christi?
1019 1492 1092 1554 Cum
1115 1494 1195 1555 enirn
1218 1497 1247 1557 id
1270 1517 1303 1559 sc
1325 1518 1381 1580 ap-

192 1573 195 1656 J
226 1583 290 1662 rdet
308 1587 389 1667 quod
412 1588 444 1648 in
465 1587 616 1649 Christum
639 1589 863 1668 praedicabatur
884 1592 1043 1664 creatoris,
1078 1594 1145 1654 sine
1166 1593 1258 1657 dubio
1280 1598 1379 1676 ipsum

223 1701 246 1746 tt
260 1697 386 1767 praestat
408 1687 537 1767 intellegi
561 1689 591 1749 in
614 1707 703 1768 quem
731 1691 965 1768 praedicabatur.
1019 1692 1180 1755 Nominum
1207 1700 1377 1761 communio

221 1781 369 1868 'simplex‚
392 1788 419 1849 si
442 1790 535 1862 forte,
557 1789 652 1851 videri
673 1797 789 1870 potest,
814 1801 844 1852 et
858 1799 958 1853 tamen
973 1810 1030 1853 nec
1043 1792 1193 1855 Christum
1209 1812 1266 1857 nec
1278 1797 1378 1859 lesum

219 1889 297 1950 nari
317 1888 460 1951 debuisse
483 1889 685 1951 defendimus·
708 1891 888 1954 diversitatis
911 1893 1118 1954 condicionem
1133 1901 1281 1956 tenentes.
1314 1897 1375 1977 hp·

215 1986 315 2066 ‚datio
336 1999 454 2064 autem,
478 1991 558 2069 quod
580 2001 627 2052 est
649 1991 727 2053 silius
750 1992 898 2065 hominis,
928 1994 958 2054 in
981 2002 1123 2072 quantum
1146 1992 1211 2054 ²'cx
1233 1995 1376 2057 accidenti

215 2086 336 2162 drmit,
360 2090 390 2152 in
413 2099 528 2152 tantum
551 2091 668 2153 dillicile
690 2101 737 2153 est
759 2101 792 2153 ut
814 2103 844 2155 et
865 2095 931 2174 ipsa
952 2102 1110 2155 concurrat
1132 2111 1224 2172 super
1245 2094 1376 2157 nominis

195 2192 448 2253 ‚mmunionem
479 2192 542 2253 lix
573 2192 746 2254 ”accidenti
779 2194 856 2255 enirn
890 2194 1014 2274 proprio
1046 2203 1110 2267 est,
1148 2193 1275 2255 maxime
1308 2213 1376 2257 cum

213 2307 287 2352 ansa
315 2310 376 2353 non
404 2294 542 2354 convenit
570 2294 672 2354 eadem
701 2313 756 2373 per
784 2313 873 2373 quam
903 2294 1039 2355 deveniat
1065 2294 1096 2354 in
1124 2294 1374 2356 communionem.

213 2389 291 2474 Nque
305 2393 379 2454 adeo
395 2393 423 2454 si
439 2401 469 2454 et
481 2393 617 2454 Christus
633 2394 790 2456 llarcionis
806 2402 894 2455 natus
917 2413 953 2456 ex
976 2394 1098 2456 homine
1120 2393 1281 2467 diceretur,
1305 2403 1376 2457 tunc

215 2479 314 2572 etipse
336 2503 455 2574 saperet
477 2494 683 2574 appellationis
702 2495 961 2568 communionem,
984 2503 1015 2556 et
1037 2503 1139 2557 essent
1160 2494 1219 2556 duo
1241 2493 1293 2555 lilii
1315 2494 1374 2555 ho·

216 2591 304 2665 liis,
336 2595 413 2656 sicut
434 2594 494 2656 ”et
514 2594 573 2656 duo
596 2595 707 2657 Christi
729 2605 759 2657 ct
785 2597 845 2657 duo
867 2596 963 2658 lesus.
1013 2595 1092 2674 Ergo
1121 2613 1188 2656 cum
1216 2595 1373 2675 appellatio

216 2694 319 2773 moria
340 2704 388 2756 est
409 2696 476 2757 eius
498 2696 529 2755 in
551 2714 610 2775 quo
632 2696 721 2757 babet
742 2715 878 2770 causam,
911 2698 937 2758 si
964 2695 1024 2757 ”et
1051 2694 1099 2757 alii
1127 2695 1321 2758 ⁸¹vindicetur
1342 2696 1372 2757 in

218 2809 266 2872 ῃ·
284 2805 328 2857 est
348 2796 518 2857 communio
540 2797 686 2866 nominis,
715 2814 777 2856 non
800 2797 888 2857 etiam
909 2795 1131 2876 appellationis,
1154 2805 1292 2875 suspecta
1313 2796 1373 2857 iam

221 2892 420 2960 loommunio
444 2900 575 2961 nominis
598 2917 716 2978 quoque
739 2899 770 2958 in
792 2918 828 2959 eo
851 2898 898 2960 cui
920 2898 1084 2959 vindicatur
1102 2897 1167 2957 sine
1184 2916 1271 2960 causa
1287 2916 1371 2960 com·

223 2997 307 3057 nnio
327 2999 546 3079 appellationis,
579 3008 608 3059 et
631 3000 766 3078 sequitur
788 3007 821 3060 ut
841 3018 918 3060 unus
941 2999 1079 3077 idemque
1102 2998 1239 3060 credatur
1265 2998 1315 3078 qui
1343 3007 1372 3058 et

198 3118 201 3127 ·
227 3098 333 3160 minis
353 3111 381 3161 et
408 3101 614 3181 appellationis
644 3100 780 3180 capacior
807 3100 972 3172 invenitur,
1010 3099 1080 3160 dum
1103 3099 1176 3160 alter
1197 3098 1371 3172 excluditur,

194 3188 196 3203 '
230 3196 268 3273 μ’
280 3216 332 3260 non
346 3202 431 3263 habet
445 3202 652 3282 appellationis
668 3200 924 3274 communionem,
948 3217 1052 3261 carens
1068 3217 1166 3260 causa.
1195 3199 1256 3260 Nee
1269 3198 1371 3260 ³¹alius

234 3294 276 3357 εἰ
291 3303 411 3380 capacior
432 3304 588 3382 utriusque
603 3321 690 3381 quam
706 3302 756 3380 qui
771 3302 869 3380 prior,
893 3309 923 3362 ct
936 3319 1047 3363 nomen
1063 3299 1186 3361 sortitus
1202 3307 1249 3359 est
1263 3297 1373 3358 Christi

238 3403 474 3479 flappsllatioocm
497 3404 548 3464 tilii
571 3403 719 3475 bominis,
754 3402 836 3464 lesus
867 3402 979 3462 scilicet
1007 3399 1161 3460 creatoris.
1205 3397 1289 3458 ³³llic
1310 3405 1373 3457 erat
1440 3476 1443 3481 Ι

240 3492 300 3558 viu
317 3500 461 3582 Babylonio
484 3505 545 3583 regi
569 3505 598 3564 in
622 3506 741 3565 lornace
763 3522 830 3565 cum
853 3500 1031 3581 martyribus
1054 3497 1117 3560 suis
1140 3505 1276 3575 quartus,
1304 3505 1371 3556 tan-
1388 3523 1525 3575 omna„

245 3608 307 3673 m
328 3602 393 3666 filius
421 3606 559 3667 hominis.
609 3605 691 3665 ldem
719 3603 807 3683 ³¹ipsi
837 3603 948 3664 Danieli
978 3600 1125 3662 revelatus
1154 3597 1267 3659 directo
1295 3597 1521 3675 filiusn‚„,ffl,12‚

247 3688 342 3763 hunis
358 3708 471 3768 veniens
493 3724 559 3767 cum
583 3706 654 3767 caeli
677 3705 806 3766 nubibus
822 3704 925 3778 iudex,
949 3702 1027 3764 sicut
1042 3709 1072 3763 et
1084 3700 1229 3780 scriptura
1244 3699 1371 3760 demon·

250 3800 308 3859 *tl-
334 3803 384 3867 lloc
403 3808 458 3869 diri
482 3809 618 3869 suilicere
641 3806 777 3885 potuisse
798 3804 864 3867 ³⁵de
885 3803 1089 3867 nominatione
1109 3801 1280 3881 prophetica
1296 3800 1373 3861 clrra

252 3890 317 3960 h
336 3902 457 3969 hominis.
512 3908 572 3968 Sed
602 3908 668 3988 plus
698 3906 770 3967 mihi
801 3907 947 3985 scriptura
971 3906 1102 3976 confert,
1136 3902 1230 3981 ipsius
1261 3900 1374 3962 scilicet

252 3989 333 4060 Ηιί
348 4005 586 4088 interpretatione.
619 4009 693 4069 Nam
716 4027 782 4070 cum
799 4008 899 4069 ludaei
921 4004 1110 4067 solummodo
1131 4002 1285 4064 hominem
1306 4000 1371 4062 eius

253 4088 373 4180 Uita,
392 4111 513 4172 necdum
536 4119 566 4170 et
587 4110 674 4170 deum
697 4108 786 4181 certi,
822 4127 879 4187 qua
900 4108 948 4168 dei
976 4124 1095 4186 quoque
1119 4105 1228 4175 lilium,
1262 4101 1370 4162 merito

254 4238 498 4312 harsfeldius.
552 4260 593 4311 23.
613 4278 642 4312 eo
662 4277 707 4311 nec
725 4262 781 4311 iecit
799 4259 842 4309 BC.
901 4259 941 4309 24.
961 4273 1005 4308 nec
1022 4257 1109 4307 atate.
1150 4270 1180 4305 aa
1198 4256 1231 4317 d.,
1251 4270 1280 4304 ea
1297 4269 1373 4328 ancos

255 4312 370 4375 “¹5³2
415 4329 454 4380 25.
472 4331 577 4379 solllciet
595 4333 630 4379 cd.
684 4329 724 4378 26.
745 4327 833 4391 duplex
851 4328 989 4377 Faltonius.
1039 4323 1080 4373 tt.
1098 4338 1126 4372 er
1144 4323 1260 4373 accidenti
1279 4321 1374 4370 obvenit

253 4380 426 4448 “araim
461 4412 489 4448 ex
513 4398 646 4448 accidentia
672 4398 760 4446 insanit
777 4396 821 4445 130.
882 4393 922 4443 28.
941 4393 1073 4443 accidentia
1096 4391 1122 4441 B.
1179 4389 1220 4440 29.
1244 4397 1269 4439 et
1292 4404 1336 4437 om.
1347 4386 1373 4434 ll.

252 4442 386 4513 ΝΜ.
440 4464 481 4514 at.
499 4466 634 4514 vindicetur
652 4467 689 4515 cd.
711 4463 933 4526 lothariumque.
975 4460 1114 4510 vendicetur
1131 4457 1214 4518 diceb,
1236 4471 1278 4520 pro
1302 4467 1372 4503 more.

250 4508 387 4589 ⁸²·lvaa
434 4531 476 4583 aa.
495 4533 560 4582 niae
578 4534 624 4581 aar
642 4532 668 4581 o.
722 4531 763 4581 aa.
783 4530 830 4594 ipsi
848 4528 940 4579 noorai
958 4530 1026 4579 toea.
1068 4527 1122 4591 ipse
1143 4524 1227 4575 oraro
1245 4522 1289 4572 oc.
1332 4519 1372 4569 aa.
1459 4524 1465 4533 ¹

248 4574 404 4650 hnmano
420 4601 560 4664 prophetica
579 4601 604 4650 a.

269 4686 355 4757 ltwd
378 4701 405 4751 de
423 4703 502 4750 leone
527 4702 584 4750 lecit
607 4695 758 4761 Valentinos]
814 4698 893 4747 vocari
911 4697 1024 4747 debuisse
1042 4688 1206 4754 defendimus]
1234 4689 1312 4750 Supra
1331 4680 1373 4731 lib.

246 4750 270 4805 fl
282 4760 375 4816 umas
390 4769 479 4819 Valent.
499 4783 554 4831 cap.
567 4767 605 4818 ΙΙ.
815 4766 857 4826 ΙΙΙ,
876 4781 928 4830 cap.
940 4765 970 4815 15
988 4772 1012 4815 et
1032 4758 1070 4814 16.

266 4837 393 4885 tannen
409 4851 454 4888 nec
472 4837 596 4888 Christum
617 4851 663 4886 nec
680 4836 761 4885 lesum
1167 4907 1196 4958 η
1204 4903 1220 4936 4,
