<?xml version="1.0" encoding="UTF-8"?>
<!DOCTYPE html PUBLIC "-//W3C//DTD XHTML 1.0 Transitional//EN"
    "http://www.w3.org/TR/xhtml1/DTD/xhtml1-transitional.dtd">
<html xmlns="http://www.w3.org/1999/xhtml" xml:lang="en" lang="en">
 <head>
  <title>
</title>
<meta http-equiv="Content-Type" content="text/html;charset=utf-8" />
  <meta name='ocr-system' content='tesseract 3.04.00' />
  <meta name='ocr-capabilities' content='ocr_page ocr_carea ocr_par ocr_line ocrx_word'/>
</head>
<body>
  <div class='ocr_page' id='page_1' title='image "./quaesupersuntom00oehlgoog_0108.png"; bbox 0 0 3242 5775; ppageno 0'>
   <div class='ocr_carea' id='block_1_1' title="bbox 302 574 1221 639">
    <p class='ocr_par' dir='ltr' id='par_1_1' title="bbox 302 574 1221 639">
     <span class='ocr_line' id='line_1_1' title="bbox 302 574 1221 639; baseline -0.009 -2"><span class='ocrx_word' id='word_1_1' title='bbox 302 574 362 637; x_wconf 85' lang='grc'><strong>110</strong></span> <span class='ocrx_word' id='word_1_2' title='bbox 557 588 660 639; x_wconf 83' lang='lat' dir='ltr'><strong>onvnrv</strong></span> <span class='ocrx_word' id='word_1_3' title='bbox 682 587 815 630; x_wconf 79' lang='lat' dir='ltr'><strong>ssermrr</strong></span> <span class='ocrx_word' id='word_1_4' title='bbox 835 586 1001 630; x_wconf 74' lang='grc'><strong>1111111111</strong></span> <span class='ocrx_word' id='word_1_5' title='bbox 1022 582 1221 630; x_wconf 74' lang='lat' dir='ltr'><strong>eremum</strong></span> 
     </span>
    </p>
   </div>
   <div class='ocr_carea' id='block_1_2' title="bbox 164 731 1354 3436">
    <p class='ocr_par' dir='ltr' id='par_1_2' title="bbox 298 731 1354 899">
     <span class='ocr_line' id='line_1_2' title="bbox 298 731 1354 818; baseline -0.005 -20"><span class='ocrx_word' id='word_1_6' title='bbox 298 734 462 818; x_wconf 50' lang='lat' dir='ltr'><strong>expunxit&amp;</strong></span> <span class='ocrx_word' id='word_1_7' title='bbox 495 736 586 798; x_wconf 86' lang='lat' dir='ltr'><strong>Plane</strong></span> <span class='ocrx_word' id='word_1_8' title='bbox 606 735 706 798; x_wconf 88' lang='lat' dir='ltr'><strong>minus</strong></span> <span class='ocrx_word' id='word_1_9' title='bbox 728 734 805 815; x_wconf 78' lang='lat' dir='ltr'><strong>exigi</strong></span> <span class='ocrx_word' id='word_1_10' title='bbox 826 734 926 797; x_wconf 88' lang='lat' dir='ltr'><strong>iussit.</strong></span> <span class='ocrx_word' id='word_1_11' title='bbox 958 733 1102 797; x_wconf 67' lang='lat' dir='ltr'><strong>habmus</strong></span> <span class='ocrx_word' id='word_1_12' title='bbox 1116 733 1224 796; x_wconf 73' lang='lat' dir='ltr'><strong>&#39;cham</strong></span> <span class='ocrx_word' id='word_1_13' title='bbox 1245 731 1354 794; x_wconf 88' lang='lat' dir='ltr'><strong>liliosl</strong></span> 
     </span>
     <span class='ocr_line' id='line_1_3' title="bbox 299 836 652 899; baseline -0.003 0"><span class='ocrx_word' id='word_1_14' title='bbox 299 838 457 899; x_wconf 84' lang='lat' dir='ltr'><strong>restituere</strong></span> <span class='ocrx_word' id='word_1_15' title='bbox 478 836 652 899; x_wconf 79' lang='lat' dir='ltr'>debuerant.</span> 
     </span>
    </p>

    <p class='ocr_par' dir='ltr' id='par_1_3' title="bbox 164 932 1354 1317">
     <span class='ocr_line' id='line_1_4' title="bbox 164 932 1354 1017; baseline -0.006 -15"><span class='ocrx_word' id='word_1_16' title='bbox 164 958 279 1014; x_wconf 61' lang='grc'><strong>111111.</strong></span> <span class='ocrx_word' id='word_1_17' title='bbox 382 938 433 1001; x_wconf 89' lang='lat' dir='ltr'><strong>Sic</strong></span> <span class='ocrx_word' id='word_1_18' title='bbox 452 946 483 999; x_wconf 91' lang='lat' dir='ltr'><strong>ct</strong></span> <span class='ocrx_word' id='word_1_19' title='bbox 503 937 534 1000; x_wconf 92' lang='lat' dir='ltr'><strong>in</strong></span> <span class='ocrx_word' id='word_1_20' title='bbox 556 937 663 1000; x_wconf 75' lang='lat' dir='ltr'><strong>colens</strong></span> <span class='ocrx_word' id='word_1_21' title='bbox 686 937 911 999; x_wconf 74' lang='lat' dir='ltr'><strong>contrarietates</strong></span> <span class='ocrx_word' id='word_1_22' title='bbox 939 943 1167 1017; x_wconf 86' lang='lat' dir='ltr'><strong>praeceptorum</strong></span> <span class='ocrx_word' id='word_1_23' title='bbox 1196 934 1224 995; x_wconf 90' lang='lat' dir='ltr'><strong>ei</strong></span> <span class='ocrx_word' id='word_1_24' title='bbox 1254 932 1354 1014; x_wconf 82' lang='lat' dir='ltr'><strong>exprol</strong></span> 
     </span>
     <span class='ocr_line' id='line_1_5' title="bbox 297 1034 1353 1117; baseline -0.004 -16"><span class='ocrx_word' id='word_1_25' title='bbox 297 1039 399 1101; x_wconf 82' lang='lat' dir='ltr'>mobili</span> <span class='ocrx_word' id='word_1_26' title='bbox 421 1047 453 1101; x_wconf 91' lang='lat' dir='ltr'><strong>et</strong></span> <span class='ocrx_word' id='word_1_27' title='bbox 472 1037 619 1109; x_wconf 89' lang='lat' dir='ltr'><strong>instabili,</strong></span> <span class='ocrx_word' id='word_1_28' title='bbox 643 1037 847 1117; x_wconf 84' lang='lat' dir='ltr'><strong>&#39;prohibentis</strong></span> <span class='ocrx_word' id='word_1_29' title='bbox 862 1036 993 1099; x_wconf 86' lang='lat' dir='ltr'><strong>sabbatis</strong></span> <span class='ocrx_word' id='word_1_30' title='bbox 1009 1036 1128 1115; x_wconf 90' lang='lat' dir='ltr'><strong>operari</strong></span> <span class='ocrx_word' id='word_1_31' title='bbox 1142 1044 1174 1098; x_wconf 91' lang='lat' dir='ltr'><strong>et</strong></span> <span class='ocrx_word' id='word_1_32' title='bbox 1185 1034 1353 1098; x_wconf 72' lang='lat' dir='ltr'><strong>&#39;iubentis‘</strong></span> 
     </span>
     <span class='ocr_line' id='line_1_6' title="bbox 297 1135 1354 1219; baseline -0.004 -18"><span class='ocrx_word' id='word_1_33' title='bbox 297 1139 479 1202; x_wconf 78' lang='lat' dir='ltr'><strong>circumferri</strong></span> <span class='ocrx_word' id='word_1_34' title='bbox 499 1157 554 1219; x_wconf 91' lang='lat' dir='ltr'><strong>per</strong></span> <span class='ocrx_word' id='word_1_35' title='bbox 574 1138 639 1201; x_wconf 89' lang='lat' dir='ltr'><strong>dies</strong></span> <span class='ocrx_word' id='word_1_36' title='bbox 662 1147 746 1210; x_wconf 94' lang='lat' dir='ltr'><strong>octo,</strong></span> <span class='ocrx_word' id='word_1_37' title='bbox 777 1138 807 1200; x_wconf 92' lang='lat' dir='ltr'><strong>id</strong></span> <span class='ocrx_word' id='word_1_38' title='bbox 835 1146 883 1200; x_wconf 89' lang='lat' dir='ltr'><strong>est</strong></span> <span class='ocrx_word' id='word_1_39' title='bbox 909 1137 997 1199; x_wconf 88' lang='lat' dir='ltr'><strong>etiem</strong></span> <span class='ocrx_word' id='word_1_40' title='bbox 1024 1135 1164 1210; x_wconf 85' lang='lat' dir='ltr'><strong>sabbato,</strong></span> <span class='ocrx_word' id='word_1_41' title='bbox 1196 1136 1227 1198; x_wconf 93' lang='lat' dir='ltr'><strong>in</strong></span> <span class='ocrx_word' id='word_1_42' title='bbox 1254 1154 1354 1217; x_wconf 74' lang='lat' dir='ltr'><strong>expug</strong></span> 
     </span>
     <span class='ocr_line' id='line_1_7' title="bbox 298 1237 1354 1317; baseline -0.005 -15"><span class='ocrx_word' id='word_1_43' title='bbox 298 1239 602 1302; x_wconf 79' lang='lat' dir='ltr'><strong>civitatis⁸lliericbo</strong></span> <span class='ocrx_word' id='word_1_44' title='bbox 635 1240 697 1301; x_wconf 90' lang='lat' dir='ltr'><strong>Neo</strong></span> <span class='ocrx_word' id='word_1_45' title='bbox 718 1238 833 1302; x_wconf 89' lang='lat' dir='ltr'><strong>sabbati</strong></span> <span class='ocrx_word' id='word_1_46' title='bbox 856 1238 936 1299; x_wconf 83' lang='lat' dir='ltr'><strong>enisu</strong></span> <span class='ocrx_word' id='word_1_47' title='bbox 949 1237 1073 1317; x_wconf 89' lang='lat' dir='ltr'><strong>inspicis</strong></span> <span class='ocrx_word' id='word_1_48' title='bbox 1087 1237 1199 1317; x_wconf 79' lang='lat' dir='ltr'><strong>legem,</strong></span> <span class='ocrx_word' id='word_1_49' title='bbox 1222 1256 1312 1317; x_wconf 86' lang='lat' dir='ltr'><strong>opera</strong></span> <span class='ocrx_word' id='word_1_50' title='bbox 1334 1237 1354 1297; x_wconf 90' lang='lat' dir='ltr'><strong>b</strong></span> 
     </span>
    </p>

    <p class='ocr_par' dir='ltr' id='par_1_4' title="bbox 182 1337 1354 1443">
     <span class='ocr_line' id='line_1_8' title="bbox 182 1337 1354 1443; baseline -0.004 -39"><span class='ocrx_word' id='word_1_51' title='bbox 182 1339 283 1443; x_wconf 41' lang='lat' dir='ltr'><strong>xffi·</strong></span> <span class='ocrx_word' id='word_1_52' title='bbox 297 1361 357 1404; x_wconf 90' lang='lat' dir='ltr'><strong>non</strong></span> <span class='ocrx_word' id='word_1_53' title='bbox 379 1341 493 1414; x_wconf 92' lang='lat' dir='ltr'><strong>divina,</strong></span> <span class='ocrx_word' id='word_1_54' title='bbox 515 1340 734 1421; x_wconf 84' lang='lat' dir='ltr'><strong>prohibentem.</strong></span> <span class='ocrx_word' id='word_1_55' title='bbox 778 1340 948 1420; x_wconf 87' lang='lat' dir='ltr'><strong>Siquidem,</strong></span> <span class='ocrx_word' id='word_1_56' title='bbox 975 1337 1181 1418; x_wconf 84' lang='lat' dir='ltr'><strong>Se1,inquit,</strong></span> <span class='ocrx_word' id='word_1_57' title='bbox 1205 1337 1310 1400; x_wconf 88' lang='lat' dir='ltr'><strong>diebus</strong></span> <span class='ocrx_word' id='word_1_58' title='bbox 1334 1357 1354 1399; x_wconf 96' lang='lat' dir='ltr'><strong>o</strong></span> 
     </span>
    </p>

    <p class='ocr_par' dir='ltr' id='par_1_5' title="bbox 219 1421 1354 2429">
     <span class='ocr_line' id='line_1_9' title="bbox 219 1421 1354 1522; baseline -0.006 -15"><span class='ocrx_word' id='word_1_59' title='bbox 219 1421 226 1441; x_wconf 65' lang='grc'>’</span> <span class='ocrx_word' id='word_1_60' title='bbox 297 1452 328 1506; x_wconf 91' lang='lat' dir='ltr'><strong>et</strong></span> <span class='ocrx_word' id='word_1_61' title='bbox 348 1443 439 1506; x_wconf 83' lang='lat' dir='ltr'><strong>iacies</strong></span> <span class='ocrx_word' id='word_1_62' title='bbox 460 1441 559 1503; x_wconf 89' lang='lat' dir='ltr'><strong>omnia</strong></span> <span class='ocrx_word' id='word_1_63' title='bbox 581 1460 672 1522; x_wconf 89' lang='lat' dir='ltr'><strong>opera</strong></span> <span class='ocrx_word' id='word_1_64' title='bbox 695 1450 761 1512; x_wconf 90' lang='lat' dir='ltr'><strong>tua,</strong></span> <span class='ocrx_word' id='word_1_65' title='bbox 783 1440 909 1521; x_wconf 86' lang='lat' dir='ltr'><strong>septima</strong></span> <span class='ocrx_word' id='word_1_66' title='bbox 930 1448 1030 1502; x_wconf 89' lang='lat' dir='ltr'><strong>autem</strong></span> <span class='ocrx_word' id='word_1_67' title='bbox 1051 1437 1100 1501; x_wconf 88' lang='lat' dir='ltr'><strong>die</strong></span> <span class='ocrx_word' id='word_1_68' title='bbox 1114 1438 1253 1502; x_wconf 82' lang='lat' dir='ltr'><strong>⁴sabbata</strong></span> <span class='ocrx_word' id='word_1_69' title='bbox 1275 1438 1354 1500; x_wconf 82' lang='lat' dir='ltr'><strong>donni</strong></span> 
     </span>
     <span class='ocr_line' id='line_1_10' title="bbox 299 1537 1308 1621; baseline -0.005 -15"><span class='ocrx_word' id='word_1_70' title='bbox 299 1557 366 1619; x_wconf 86' lang='lat' dir='ltr'><strong>tuo;</strong></span> <span class='ocrx_word' id='word_1_71' title='bbox 388 1562 449 1605; x_wconf 88' lang='lat' dir='ltr'><strong>non</strong></span> <span class='ocrx_word' id='word_1_72' title='bbox 470 1543 561 1605; x_wconf 86' lang='lat' dir='ltr'><strong>iacies</strong></span> <span class='ocrx_word' id='word_1_73' title='bbox 584 1543 614 1603; x_wconf 93' lang='lat' dir='ltr'><strong>in</strong></span> <span class='ocrx_word' id='word_1_74' title='bbox 636 1562 671 1603; x_wconf 89' lang='lat' dir='ltr'><strong>ea</strong></span> <span class='ocrx_word' id='word_1_75' title='bbox 693 1561 781 1603; x_wconf 91' lang='lat' dir='ltr'><strong>omne</strong></span> <span class='ocrx_word' id='word_1_76' title='bbox 804 1560 891 1621; x_wconf 89' lang='lat' dir='ltr'><strong>opus.</strong></span> <span class='ocrx_word' id='word_1_77' title='bbox 937 1537 1051 1614; x_wconf 73' lang='lat' dir='ltr'><strong>Quod?</strong></span> <span class='ocrx_word' id='word_1_78' title='bbox 1073 1539 1175 1619; x_wconf 89' lang='lat' dir='ltr'><strong>utiquo</strong></span> <span class='ocrx_word' id='word_1_79' title='bbox 1194 1540 1308 1601; x_wconf 63' lang='lat' dir='ltr'><strong>tuuml.</strong></span> 
     </span>
     <span class='ocr_line' id='line_1_11' title="bbox 296 1639 1354 1726; baseline -0.007 -19"><span class='ocrx_word' id='word_1_80' title='bbox 296 1662 391 1726; x_wconf 90' lang='lat' dir='ltr'><strong>quens</strong></span> <span class='ocrx_word' id='word_1_81' title='bbox 413 1644 492 1707; x_wconf 88' lang='lat' dir='ltr'><strong>enim</strong></span> <span class='ocrx_word' id='word_1_82' title='bbox 513 1651 615 1706; x_wconf 88' lang='lat' dir='ltr'><strong>estut</strong></span> <span class='ocrx_word' id='word_1_83' title='bbox 636 1661 670 1704; x_wconf 89' lang='lat' dir='ltr'><strong>ea</strong></span> <span class='ocrx_word' id='word_1_84' title='bbox 692 1661 782 1723; x_wconf 88' lang='lat' dir='ltr'><strong>opera</strong></span> <span class='ocrx_word' id='word_1_85' title='bbox 804 1642 926 1704; x_wconf 88' lang='lat' dir='ltr'><strong>sabbato</strong></span> <span class='ocrx_word' id='word_1_86' title='bbox 948 1642 1078 1704; x_wconf 78' lang='lat' dir='ltr'><strong>auferret</strong></span> <span class='ocrx_word' id='word_1_87' title='bbox 1099 1659 1174 1720; x_wconf 90' lang='lat' dir='ltr'><strong>quae</strong></span> <span class='ocrx_word' id='word_1_88' title='bbox 1191 1658 1246 1701; x_wconf 83' lang='lat' dir='ltr'><strong>sex</strong></span> <span class='ocrx_word' id='word_1_89' title='bbox 1261 1639 1354 1701; x_wconf 84' lang='lat' dir='ltr'><strong>diebu</strong></span> 
     </span>
     <span class='ocr_line' id='line_1_12' title="bbox 297 1741 1354 1816; baseline -0.007 -8"><span class='ocrx_word' id='word_1_90' title='bbox 297 1746 457 1816; x_wconf 84' lang='lat' dir='ltr'><strong>indixerat,</strong></span> <span class='ocrx_word' id='word_1_91' title='bbox 491 1755 540 1807; x_wconf 90' lang='lat' dir='ltr'><strong>tua</strong></span> <span class='ocrx_word' id='word_1_92' title='bbox 568 1744 696 1816; x_wconf 84' lang='lat' dir='ltr'><strong>seilicet,</strong></span> <span class='ocrx_word' id='word_1_93' title='bbox 726 1743 757 1804; x_wconf 90' lang='lat' dir='ltr'><strong>id</strong></span> <span class='ocrx_word' id='word_1_94' title='bbox 784 1751 832 1804; x_wconf 89' lang='lat' dir='ltr'><strong>est</strong></span> <span class='ocrx_word' id='word_1_95' title='bbox 859 1742 986 1803; x_wconf 79' lang='grc'><strong>11111111</strong></span> <span class='ocrx_word' id='word_1_96' title='bbox 1014 1749 1044 1802; x_wconf 92' lang='lat' dir='ltr'><strong>et</strong></span> <span class='ocrx_word' id='word_1_97' title='bbox 1064 1741 1220 1803; x_wconf 83' lang='lat' dir='ltr'><strong>cotidiene.</strong></span> <span class='ocrx_word' id='word_1_98' title='bbox 1274 1742 1354 1802; x_wconf 77' lang='lat' dir='ltr'><strong>Arcu</strong></span> 
     </span>
     <span class='ocr_line' id='line_1_13' title="bbox 297 1841 1354 1924; baseline -0.003 -17"><span class='ocrx_word' id='word_1_99' title='bbox 297 1847 486 1908; x_wconf 79' lang='lat' dir='ltr'><strong>cirmmlerre</strong></span> <span class='ocrx_word' id='word_1_100' title='bbox 508 1863 605 1924; x_wconf 91' lang='lat' dir='ltr'><strong>neque</strong></span> <span class='ocrx_word' id='word_1_101' title='bbox 626 1843 806 1905; x_wconf 92' lang='lat' dir='ltr'><strong>cotidianum</strong></span> <span class='ocrx_word' id='word_1_102' title='bbox 836 1860 913 1923; x_wconf 92' lang='lat' dir='ltr'><strong>opus</strong></span> <span class='ocrx_word' id='word_1_103' title='bbox 941 1841 1035 1904; x_wconf 91' lang='lat' dir='ltr'><strong>videri</strong></span> <span class='ocrx_word' id='word_1_104' title='bbox 1056 1849 1159 1920; x_wconf 82' lang='lat' dir='ltr'><strong>potest</strong></span> <span class='ocrx_word' id='word_1_105' title='bbox 1180 1860 1276 1921; x_wconf 88' lang='lat' dir='ltr'><strong>neque</strong></span> <span class='ocrx_word' id='word_1_106' title='bbox 1298 1841 1354 1904; x_wconf 86' lang='lat' dir='ltr'><strong>huo</strong></span> 
     </span>
     <span class='ocr_line' id='line_1_14' title="bbox 297 1937 1349 2023; baseline -0.007 -13"><span class='ocrx_word' id='word_1_107' title='bbox 297 1947 350 2009; x_wconf 88' lang='lat' dir='ltr'><strong>sed</strong></span> <span class='ocrx_word' id='word_1_108' title='bbox 373 1955 403 2009; x_wconf 89' lang='lat' dir='ltr'><strong>et</strong></span> <span class='ocrx_word' id='word_1_109' title='bbox 423 1963 522 2007; x_wconf 89' lang='lat' dir='ltr'><strong>rarum</strong></span> <span class='ocrx_word' id='word_1_110' title='bbox 544 1953 575 2005; x_wconf 88' lang='lat' dir='ltr'><strong>et</strong></span> <span class='ocrx_word' id='word_1_111' title='bbox 587 1952 809 2006; x_wconf 88' lang='lat' dir='ltr'><strong>sacrosanctum</strong></span> <span class='ocrx_word' id='word_1_112' title='bbox 831 1951 862 2003; x_wconf 87' lang='lat' dir='ltr'><strong>et</strong></span> <span class='ocrx_word' id='word_1_113' title='bbox 883 1961 919 2004; x_wconf 87' lang='lat' dir='ltr'><strong>ex</strong></span> <span class='ocrx_word' id='word_1_114' title='bbox 939 1942 1007 2023; x_wconf 91' lang='lat' dir='ltr'><strong>ipso</strong></span> <span class='ocrx_word' id='word_1_115' title='bbox 1028 1950 1100 2003; x_wconf 90' lang='lat' dir='ltr'><strong>tunc</strong></span> <span class='ocrx_word' id='word_1_116' title='bbox 1120 1937 1168 2003; x_wconf 74' lang='lat' dir='ltr'><strong>dei</strong></span> <span class='ocrx_word' id='word_1_117' title='bbox 1189 1950 1349 2022; x_wconf 82' lang='lat' dir='ltr'><strong>praecepto</strong></span> 
     </span>
     <span class='ocr_line' id='line_1_15' title="bbox 298 2042 1354 2124; baseline -0.006 -14"><span class='ocrx_word' id='word_1_118' title='bbox 298 2048 439 2110; x_wconf 88' lang='lat' dir='ltr'><strong>divinum.</strong></span> <span class='ocrx_word' id='word_1_119' title='bbox 477 2044 565 2118; x_wconf 80' lang='lat' dir='ltr'><strong>Quod</strong></span> <span class='ocrx_word' id='word_1_120' title='bbox 588 2045 705 2124; x_wconf 89' lang='lat' dir='ltr'><strong>etipse</strong></span> <span class='ocrx_word' id='word_1_121' title='bbox 727 2044 798 2123; x_wconf 90' lang='lat' dir='ltr'><strong>quid</strong></span> <span class='ocrx_word' id='word_1_122' title='bbox 820 2044 1000 2123; x_wconf 80' lang='lat' dir='ltr'><strong>signiticaret</strong></span> <span class='ocrx_word' id='word_1_123' title='bbox 1020 2042 1236 2116; x_wconf 85' lang='lat' dir='ltr'><strong>edissererem,</strong></span> <span class='ocrx_word' id='word_1_124' title='bbox 1258 2042 1354 2105; x_wconf 62' lang='grc' dir='ltr'><strong>ὅ11111</strong></span> 
     </span>
     <span class='ocr_line' id='line_1_16' title="bbox 297 2143 1354 2227; baseline -0.006 -17"><span class='ocrx_word' id='word_1_125' title='bbox 297 2157 380 2211; x_wconf 87' lang='lat' dir='ltr'><strong>esset</strong></span> <span class='ocrx_word' id='word_1_126' title='bbox 400 2147 508 2227; x_wconf 80' lang='lat' dir='ltr'><strong>figuras</strong></span> <span class='ocrx_word' id='word_1_127' title='bbox 531 2153 772 2225; x_wconf 77' lang='lat' dir='ltr'><strong>argumentorum</strong></span> <span class='ocrx_word' id='word_1_128' title='bbox 795 2145 927 2207; x_wconf 89' lang='lat' dir='ltr'><strong>omnium</strong></span> <span class='ocrx_word' id='word_1_129' title='bbox 950 2144 1094 2206; x_wconf 90' lang='lat' dir='ltr'><strong>creatoris</strong></span> <span class='ocrx_word' id='word_1_130' title='bbox 1109 2143 1293 2224; x_wconf 83' lang='lat' dir='ltr'><strong>expandere,</strong></span> <span class='ocrx_word' id='word_1_131' title='bbox 1315 2162 1354 2223; x_wconf 86' lang='lat' dir='ltr'><strong>qu</strong></span> 
     </span>
     <span class='ocr_line' id='line_1_17' title="bbox 299 2244 1354 2325; baseline -0.003 -16"><span class='ocrx_word' id='word_1_132' title='bbox 299 2249 376 2309; x_wconf 88' lang='lat' dir='ltr'><strong>sitan</strong></span> <span class='ocrx_word' id='word_1_133' title='bbox 398 2265 454 2308; x_wconf 89' lang='lat' dir='ltr'><strong>nec</strong></span> <span class='ocrx_word' id='word_1_134' title='bbox 474 2246 616 2308; x_wconf 79' lang='lat' dir='ltr'><strong>admittis.</strong></span> <span class='ocrx_word' id='word_1_135' title='bbox 656 2246 716 2307; x_wconf 87' lang='lat' dir='ltr'><strong>Sed</strong></span> <span class='ocrx_word' id='word_1_136' title='bbox 736 2245 803 2325; x_wconf 89' lang='lat' dir='ltr'><strong>plus</strong></span> <span class='ocrx_word' id='word_1_137' title='bbox 826 2255 873 2307; x_wconf 91' lang='lat' dir='ltr'><strong>est</strong></span> <span class='ocrx_word' id='word_1_138' title='bbox 894 2245 920 2307; x_wconf 91' lang='lat' dir='ltr'><strong>si</strong></span> <span class='ocrx_word' id='word_1_139' title='bbox 942 2245 979 2307; x_wconf 90' lang='lat' dir='ltr'><strong>de</strong></span> <span class='ocrx_word' id='word_1_140' title='bbox 1001 2244 1146 2306; x_wconf 86' lang='lat' dir='ltr'><strong>absolutis</strong></span> <span class='ocrx_word' id='word_1_141' title='bbox 1168 2244 1354 2306; x_wconf 79' lang='lat' dir='ltr'><strong>revincamim‘</strong></span> 
     </span>
     <span class='ocr_line' id='line_1_18' title="bbox 297 2345 1354 2429; baseline -0.002 -19"><span class='ocrx_word' id='word_1_142' title='bbox 297 2349 427 2429; x_wconf 88' lang='lat' dir='ltr'><strong>plicilato</strong></span> <span class='ocrx_word' id='word_1_143' title='bbox 453 2347 602 2420; x_wconf 84' lang='lat' dir='ltr'><strong>veritatis,</strong></span> <span class='ocrx_word' id='word_1_144' title='bbox 634 2365 694 2407; x_wconf 94' lang='lat' dir='ltr'><strong>non</strong></span> <span class='ocrx_word' id='word_1_145' title='bbox 723 2345 904 2408; x_wconf 77' lang='lat' dir='ltr'><strong>curiositate.</strong></span> <span class='ocrx_word' id='word_1_146' title='bbox 957 2345 1040 2408; x_wconf 90' lang='lat' dir='ltr'><strong>Sicut</strong></span> <span class='ocrx_word' id='word_1_147' title='bbox 1067 2353 1097 2406; x_wconf 88' lang='lat' dir='ltr'><strong>et</strong></span> <span class='ocrx_word' id='word_1_148' title='bbox 1117 2364 1197 2406; x_wconf 90' lang='lat' dir='ltr'><strong>nuno</strong></span> <span class='ocrx_word' id='word_1_149' title='bbox 1218 2357 1298 2407; x_wconf 87' lang='lat' dir='ltr'><strong>certa</strong></span> <span class='ocrx_word' id='word_1_150' title='bbox 1318 2345 1354 2408; x_wconf 83' lang='lat' dir='ltr'><strong>di</strong></span> 
     </span>
    </p>

    <p class='ocr_par' dir='ltr' id='par_1_6' title="bbox 276 2445 1354 2532">
     <span class='ocr_line' id='line_1_19' title="bbox 276 2445 1354 2532; baseline -0.002 -22"><span class='ocrx_word' id='word_1_151' title='bbox 276 2528 281 2532; x_wconf 16' lang='lat'>²</span> <span class='ocrx_word' id='word_1_152' title='bbox 299 2460 347 2510; x_wconf 88' lang='lat' dir='ltr'><strong>est</strong></span> <span class='ocrx_word' id='word_1_153' title='bbox 366 2447 498 2520; x_wconf 91' lang='lat' dir='ltr'><strong>sabbati,</strong></span> <span class='ocrx_word' id='word_1_154' title='bbox 519 2448 663 2520; x_wconf 88' lang='lat' dir='ltr'><strong>bumana,</strong></span> <span class='ocrx_word' id='word_1_155' title='bbox 684 2465 747 2507; x_wconf 83' lang='lat' dir='ltr'><strong>uon</strong></span> <span class='ocrx_word' id='word_1_156' title='bbox 769 2445 884 2520; x_wconf 83' lang='lat' dir='ltr'><strong>divina,</strong></span> <span class='ocrx_word' id='word_1_157' title='bbox 914 2465 1004 2526; x_wconf 88' lang='lat' dir='ltr'><strong>opera</strong></span> <span class='ocrx_word' id='word_1_158' title='bbox 1025 2445 1224 2525; x_wconf 89' lang='lat' dir='ltr'><strong>prohibentis.</strong></span> <span class='ocrx_word' id='word_1_159' title='bbox 1268 2446 1354 2527; x_wconf 91' lang='lat' dir='ltr'><strong>ldeoq</strong></span> 
     </span>
    </p>

    <p class='ocr_par' dir='ltr' id='par_1_7' title="bbox 297 2546 1354 2931">
     <span class='ocr_line' id='line_1_20' title="bbox 298 2546 1354 2627; baseline 0 -18"><span class='ocrx_word' id='word_1_160' title='bbox 298 2547 428 2609; x_wconf 85' lang='lat' dir='ltr'><strong>sabbatis</strong></span> <span class='ocrx_word' id='word_1_161' title='bbox 448 2547 590 2625; x_wconf 77' lang='lat' dir='ltr'><strong>lignatum</strong></span> <span class='ocrx_word' id='word_1_162' title='bbox 612 2546 702 2620; x_wconf 91' lang='lat' dir='ltr'><strong>ierat,</strong></span> <span class='ocrx_word' id='word_1_163' title='bbox 725 2547 816 2609; x_wconf 91' lang='lat' dir='ltr'><strong>morti</strong></span> <span class='ocrx_word' id='word_1_164' title='bbox 839 2547 923 2609; x_wconf 88' lang='lat' dir='ltr'><strong>datus</strong></span> <span class='ocrx_word' id='word_1_165' title='bbox 944 2556 1001 2608; x_wconf 86' lang='lat' dir='ltr'><strong>est.</strong></span> <span class='ocrx_word' id='word_1_166' title='bbox 1037 2546 1130 2608; x_wconf 92' lang='lat' dir='ltr'><strong>Suum</strong></span> <span class='ocrx_word' id='word_1_167' title='bbox 1152 2546 1232 2608; x_wconf 91' lang='lat' dir='ltr'><strong>enim</strong></span> <span class='ocrx_word' id='word_1_168' title='bbox 1252 2566 1329 2627; x_wconf 93' lang='lat' dir='ltr'><strong>opus</strong></span> <span class='ocrx_word' id='word_1_169' title='bbox 1350 2555 1354 2609; x_wconf 90' lang='lat' dir='ltr'><strong>l</strong></span> 
     </span>
     <span class='ocr_line' id='line_1_21' title="bbox 297 2646 1354 2727; baseline 0 -18"><span class='ocrx_word' id='word_1_170' title='bbox 297 2649 361 2727; x_wconf 75' lang='lat' dir='ltr'><strong>loge</strong></span> <span class='ocrx_word' id='word_1_171' title='bbox 383 2646 583 2709; x_wconf 89' lang='lat' dir='ltr'><strong>interdictum.</strong></span> <span class='ocrx_word' id='word_1_172' title='bbox 627 2646 778 2719; x_wconf 75' lang='lat' dir='ltr'><strong>univero</strong></span> <span class='ocrx_word' id='word_1_173' title='bbox 800 2667 898 2710; x_wconf 82' lang='lat' dir='ltr'><strong>arcam</strong></span> <span class='ocrx_word' id='word_1_174' title='bbox 921 2647 1051 2709; x_wconf 84' lang='lat' dir='ltr'><strong>sabbatis</strong></span> <span class='ocrx_word' id='word_1_175' title='bbox 1073 2647 1328 2722; x_wconf 76' lang='lat' dir='ltr'><strong>circumtulerant,</strong></span> <span class='ocrx_word' id='word_1_176' title='bbox 1350 2648 1354 2709; x_wconf 89' lang='lat' dir='ltr'><strong>i</strong></span> 
     </span>
     <span class='ocr_line' id='line_1_22' title="bbox 298 2747 1339 2836; baseline -0.001 -25"><span class='ocrx_word' id='word_1_177' title='bbox 298 2755 465 2829; x_wconf 79' lang='lat' dir='ltr'><strong>gesserunt.</strong></span> <span class='ocrx_word' id='word_1_178' title='bbox 506 2748 574 2809; x_wconf 90' lang='lat' dir='ltr'><strong>Non</strong></span> <span class='ocrx_word' id='word_1_179' title='bbox 596 2766 683 2809; x_wconf 90' lang='lat' dir='ltr'><strong>suum</strong></span> <span class='ocrx_word' id='word_1_180' title='bbox 706 2749 785 2809; x_wconf 87' lang='lat' dir='ltr'><strong>enim</strong></span> <span class='ocrx_word' id='word_1_181' title='bbox 807 2748 918 2829; x_wconf 79' lang='lat' dir='ltr'><strong>‘opus,</strong></span> <span class='ocrx_word' id='word_1_182' title='bbox 946 2748 999 2810; x_wconf 93' lang='lat' dir='ltr'><strong>sed</strong></span> <span class='ocrx_word' id='word_1_183' title='bbox 1021 2747 1086 2823; x_wconf 93' lang='lat' dir='ltr'><strong>dei,</strong></span> <span class='ocrx_word' id='word_1_184' title='bbox 1114 2767 1150 2809; x_wconf 81' lang='lat' dir='ltr'><strong>ex</strong></span> <span class='ocrx_word' id='word_1_185' title='bbox 1179 2757 1339 2836; x_wconf 69' lang='lat' dir='ltr'><strong>maecepto</strong></span> 
     </span>
     <span class='ocr_line' id='line_1_23' title="bbox 298 2848 719 2931; baseline -0.002 -20"><span class='ocrx_word' id='word_1_186' title='bbox 298 2850 410 2931; x_wconf 87' lang='lat' dir='ltr'><strong>ipsius,</strong></span> <span class='ocrx_word' id='word_1_187' title='bbox 433 2848 719 2912; x_wconf 81' lang='lat' dir='ltr'><strong>administraverant</strong></span> 
     </span>
    </p>

    <p class='ocr_par' dir='ltr' id='par_1_8' title="bbox 164 2950 1354 3436">
     <span class='ocr_line' id='line_1_24' title="bbox 164 2950 1354 3030; baseline 0.006 -24"><span class='ocrx_word' id='word_1_188' title='bbox 164 2962 289 3018; x_wconf 67' lang='lat' dir='ltr'><strong>capxxu.</strong></span> <span class='ocrx_word' id='word_1_189' title='bbox 382 2950 512 3013; x_wconf 81' lang='lat' dir='ltr'><strong>Proinde</strong></span> <span class='ocrx_word' id='word_1_190' title='bbox 535 2959 566 3013; x_wconf 92' lang='lat' dir='ltr'><strong>et</strong></span> <span class='ocrx_word' id='word_1_191' title='bbox 586 2950 808 3013; x_wconf 88' lang='lat' dir='ltr'><strong>similitudinem</strong></span> <span class='ocrx_word' id='word_1_192' title='bbox 831 2959 934 3012; x_wconf 89' lang='lat' dir='ltr'><strong>vetans</strong></span> <span class='ocrx_word' id='word_1_193' title='bbox 956 2951 1020 3012; x_wconf 86' lang='lat' dir='ltr'><strong>heri</strong></span> <span class='ocrx_word' id='word_1_194' title='bbox 1043 2951 1174 3013; x_wconf 90' lang='lat' dir='ltr'><strong>omnium</strong></span> <span class='ocrx_word' id='word_1_195' title='bbox 1196 2969 1272 3030; x_wconf 85' lang='lat' dir='ltr'><strong>quse</strong></span> <span class='ocrx_word' id='word_1_196' title='bbox 1292 2951 1354 3014; x_wconf 90' lang='lat' dir='ltr'><strong>inc</strong></span> 
     </span>
     <span class='ocr_line' id='line_1_25' title="bbox 299 3051 1354 3131; baseline 0 -17"><span class='ocrx_word' id='word_1_197' title='bbox 299 3054 330 3114; x_wconf 93' lang='lat' dir='ltr'><strong>in</strong></span> <span class='ocrx_word' id='word_1_198' title='bbox 351 3061 429 3114; x_wconf 86' lang='lat' dir='ltr'><strong>terra</strong></span> <span class='ocrx_word' id='word_1_199' title='bbox 452 3060 483 3114; x_wconf 92' lang='lat' dir='ltr'><strong>et</strong></span> <span class='ocrx_word' id='word_1_200' title='bbox 503 3052 533 3113; x_wconf 89' lang='lat' dir='ltr'><strong>in</strong></span> <span class='ocrx_word' id='word_1_201' title='bbox 555 3051 640 3131; x_wconf 89' lang='lat' dir='ltr'><strong>aquis</strong></span> <span class='ocrx_word' id='word_1_202' title='bbox 662 3051 794 3113; x_wconf 85' lang='lat' dir='ltr'><strong>ostendit</strong></span> <span class='ocrx_word' id='word_1_203' title='bbox 816 3059 846 3112; x_wconf 88' lang='lat' dir='ltr'><strong>et</strong></span> <span class='ocrx_word' id='word_1_204' title='bbox 867 3070 990 3122; x_wconf 81' lang='lat' dir='ltr'><strong>causas,</strong></span> <span class='ocrx_word' id='word_1_205' title='bbox 1012 3051 1196 3113; x_wconf 87' lang='lat' dir='ltr'><strong>idololatriae</strong></span> <span class='ocrx_word' id='word_1_206' title='bbox 1217 3052 1330 3115; x_wconf 88' lang='lat' dir='ltr'><strong>scilieet</strong></span> <span class='ocrx_word' id='word_1_207' title='bbox 1350 3052 1354 3085; x_wconf 87' lang='lat'><strong>¹</strong></span> 
     </span>
     <span class='ocr_line' id='line_1_26' title="bbox 299 3151 1352 3225; baseline 0 -11"><span class='ocrx_word' id='word_1_208' title='bbox 299 3153 494 3217; x_wconf 88' lang='lat' dir='ltr'><strong>substantiam</strong></span> <span class='ocrx_word' id='word_1_209' title='bbox 523 3152 727 3214; x_wconf 87' lang='lat' dir='ltr'><strong>cohibentes·.</strong></span> <span class='ocrx_word' id='word_1_210' title='bbox 782 3151 896 3213; x_wconf 88' lang='lat' dir='ltr'><strong>Subicit</strong></span> <span class='ocrx_word' id='word_1_211' title='bbox 923 3151 1018 3225; x_wconf 87' lang='lat' dir='ltr'><strong>enim,</strong></span> <span class='ocrx_word' id='word_1_212' title='bbox 1046 3152 1113 3213; x_wconf 91' lang='lat' dir='ltr'><strong>Non</strong></span> <span class='ocrx_word' id='word_1_213' title='bbox 1134 3151 1296 3214; x_wconf 88' lang='lat' dir='ltr'><strong>adorabitis</strong></span> <span class='ocrx_word' id='word_1_214' title='bbox 1318 3172 1352 3214; x_wconf 90' lang='lat' dir='ltr'><strong>ea</strong></span> 
     </span>
     <span class='ocr_line' id='line_1_27' title="bbox 299 3252 1354 3333; baseline 0.003 -19"><span class='ocrx_word' id='word_1_215' title='bbox 299 3253 434 3315; x_wconf 88' lang='lat' dir='ltr'><strong>servietis</strong></span> <span class='ocrx_word' id='word_1_216' title='bbox 468 3253 535 3314; x_wconf 88' lang='lat' dir='ltr'><strong>illis.</strong></span> <span class='ocrx_word' id='word_1_217' title='bbox 590 3252 745 3333; x_wconf 86' lang='lat' dir='ltr'><strong>Serpentis</strong></span> <span class='ocrx_word' id='word_1_218' title='bbox 779 3261 878 3314; x_wconf 87' lang='lat' dir='ltr'><strong>aulem</strong></span> <span class='ocrx_word' id='word_1_219' title='bbox 911 3252 996 3313; x_wconf 73' lang='grc'><strong>11111</strong></span> <span class='ocrx_word' id='word_1_220' title='bbox 1031 3252 1143 3331; x_wconf 79' lang='lat' dir='ltr'><strong>effigies</strong></span> <span class='ocrx_word' id='word_1_221' title='bbox 1176 3263 1283 3333; x_wconf 86' lang='lat' dir='ltr'><strong>postea</strong></span> <span class='ocrx_word' id='word_1_222' title='bbox 1314 3273 1354 3333; x_wconf 82' lang='lat' dir='ltr'><strong>pn</strong></span> 
     </span>
     <span class='ocr_line' id='line_1_28' title="bbox 298 3351 1324 3436; baseline 0 -20"><span class='ocrx_word' id='word_1_223' title='bbox 298 3353 409 3436; x_wconf 74' lang='lat' dir='ltr'><strong>&#39;Moysi</strong></span> <span class='ocrx_word' id='word_1_224' title='bbox 438 3374 454 3415; x_wconf 93' lang='lat' dir='ltr'><strong>a</strong></span> <span class='ocrx_word' id='word_1_225' title='bbox 486 3352 607 3415; x_wconf 90' lang='lat' dir='ltr'><strong>domino</strong></span> <span class='ocrx_word' id='word_1_226' title='bbox 641 3372 701 3413; x_wconf 93' lang='lat' dir='ltr'><strong>non</strong></span> <span class='ocrx_word' id='word_1_227' title='bbox 730 3352 766 3413; x_wconf 87' lang='lat' dir='ltr'><strong>ad</strong></span> <span class='ocrx_word' id='word_1_228' title='bbox 793 3351 976 3413; x_wconf 86' lang='lat' dir='ltr'><strong>idololatriae</strong></span> <span class='ocrx_word' id='word_1_229' title='bbox 1003 3352 1119 3414; x_wconf 89' lang='lat' dir='ltr'><strong>titulum</strong></span> <span class='ocrx_word' id='word_1_230' title='bbox 1141 3354 1324 3434; x_wconf 86' lang='lat' dir='ltr'><strong>pertinebat,</strong></span> 
     </span>
    </p>
   </div>
   <div class='ocr_carea' id='block_1_3' title="bbox 298 3452 1354 3534">
    <p class='ocr_par' dir='ltr' id='par_1_9' title="bbox 298 3452 1354 3534">
     <span class='ocr_line' id='line_1_29' title="bbox 298 3452 1354 3534; baseline 0.002 -18"><span class='ocrx_word' id='word_1_231' title='bbox 298 3455 505 3517; x_wconf 84' lang='lat' dir='ltr'><strong>remediandos</strong></span> <span class='ocrx_word' id='word_1_232' title='bbox 527 3474 581 3516; x_wconf 89' lang='lat' dir='ltr'><strong>eos</strong></span> <span class='ocrx_word' id='word_1_233' title='bbox 603 3454 652 3534; x_wconf 92' lang='lat' dir='ltr'><strong>qui</strong></span> <span class='ocrx_word' id='word_1_234' title='bbox 675 3474 691 3516; x_wconf 92' lang='lat' dir='ltr'><strong>a</strong></span> <span class='ocrx_word' id='word_1_235' title='bbox 713 3452 902 3534; x_wconf 86' lang='lat' dir='ltr'><strong>serpentibus</strong></span> <span class='ocrx_word' id='word_1_236' title='bbox 917 3453 1142 3517; x_wconf 79' lang='lat' dir='ltr'><strong>infestabantur.</strong></span> <span class='ocrx_word' id='word_1_237' title='bbox 1176 3454 1213 3517; x_wconf 79' lang='lat' dir='ltr'><strong>lit</strong></span> <span class='ocrx_word' id='word_1_238' title='bbox 1228 3464 1311 3517; x_wconf 69' lang='lat' dir='ltr'><strong>moso</strong></span> <span class='ocrx_word' id='word_1_239' title='bbox 1326 3454 1354 3518; x_wconf 86' lang='grc'><strong>111</strong></span> 
     </span>
    </p>
   </div>
   <div class='ocr_carea' id='block_1_4' title="bbox 295 3605 1354 4081">
    <p class='ocr_par' dir='ltr' id='par_1_10' title="bbox 298 3605 876 3670">
     <span class='ocr_line' id='line_1_30' title="bbox 298 3605 876 3670; baseline -0.005 -15"><span class='ocrx_word' id='word_1_240' title='bbox 298 3607 322 3655; x_wconf 85' lang='grc'><strong>8.</strong></span> <span class='ocrx_word' id='word_1_241' title='bbox 341 3607 412 3654; x_wconf 86' lang='lat' dir='ltr'><strong>etiam</strong></span> <span class='ocrx_word' id='word_1_242' title='bbox 433 3605 456 3654; x_wconf 81' lang='lat' dir='ltr'><strong>C.</strong></span> <span class='ocrx_word' id='word_1_243' title='bbox 491 3614 516 3654; x_wconf 87' lang='lat' dir='ltr'><strong>et</strong></span> <span class='ocrx_word' id='word_1_244' title='bbox 532 3607 576 3654; x_wconf 79' lang='lat' dir='ltr'><strong>AB.</strong></span> <span class='ocrx_word' id='word_1_245' title='bbox 611 3607 673 3655; x_wconf 90' lang='lat' dir='ltr'><strong>enim</strong></span> <span class='ocrx_word' id='word_1_246' title='bbox 694 3608 764 3655; x_wconf 89' lang='lat' dir='ltr'><strong>etiam</strong></span> <span class='ocrx_word' id='word_1_247' title='bbox 782 3607 876 3670; x_wconf 76' lang='lat' dir='ltr'><strong>reliqui.</strong></span> 
     </span>
    </p>

    <p class='ocr_par' dir='ltr' id='par_1_11' title="bbox 298 3670 1354 3870">
     <span class='ocr_line' id='line_1_31' title="bbox 366 3670 1354 3739; baseline 0.005 -19"><span class='ocrx_word' id='word_1_248' title='bbox 366 3671 425 3734; x_wconf 87' lang='lat' dir='ltr'><strong>Cap.</strong></span> <span class='ocrx_word' id='word_1_249' title='bbox 443 3670 500 3719; x_wconf 76' lang='lat' dir='ltr'><strong>xxi.</strong></span> <span class='ocrx_word' id='word_1_250' title='bbox 547 3672 566 3719; x_wconf 94' lang='grc'><strong>1.</strong></span> <span class='ocrx_word' id='word_1_251' title='bbox 586 3674 723 3735; x_wconf 83' lang='lat' dir='ltr'><strong>prohibenti</strong></span> <span class='ocrx_word' id='word_1_252' title='bbox 742 3673 879 3737; x_wconf 79' lang='lat' dir='ltr'><strong>leopoldus.</strong></span> <span class='ocrx_word' id='word_1_253' title='bbox 931 3672 955 3722; x_wconf 80' lang='lat'><strong>2.</strong></span> <span class='ocrx_word' id='word_1_254' title='bbox 980 3673 1070 3723; x_wconf 86' lang='lat' dir='ltr'><strong>iubenti</strong></span> <span class='ocrx_word' id='word_1_255' title='bbox 1095 3675 1233 3739; x_wconf 70' lang='lat' dir='ltr'><strong>leopoldus.</strong></span> <span class='ocrx_word' id='word_1_256' title='bbox 1292 3675 1316 3726; x_wconf 81' lang='lat'><strong>3.</strong></span> <span class='ocrx_word' id='word_1_257' title='bbox 1334 3675 1354 3725; x_wconf 91' lang='lat' dir='ltr'><strong>ie</strong></span> 
     </span>
     <span class='ocr_line' id='line_1_32' title="bbox 298 3737 1354 3794; baseline 0.005 -5"><span class='ocrx_word' id='word_1_258' title='bbox 298 3737 438 3789; x_wconf 68' lang='lat' dir='ltr'><strong>bsahbala</strong></span> <span class='ocrx_word' id='word_1_259' title='bbox 456 3737 547 3787; x_wconf 80' lang='lat' dir='ltr'><strong>ABch.</strong></span> <span class='ocrx_word' id='word_1_260' title='bbox 582 3741 704 3788; x_wconf 83' lang='lat' dir='ltr'><strong>sabbatiza</strong></span> <span class='ocrx_word' id='word_1_261' title='bbox 723 3743 759 3790; x_wconf 86' lang='lat' dir='ltr'><strong>ab.</strong></span> <span class='ocrx_word' id='word_1_262' title='bbox 811 3739 835 3788; x_wconf 80' lang='grc'><strong>5.</strong></span> <span class='ocrx_word' id='word_1_263' title='bbox 855 3740 900 3789; x_wconf 88' lang='lat' dir='ltr'><strong>nisi</strong></span> <span class='ocrx_word' id='word_1_264' title='bbox 919 3742 955 3791; x_wconf 88' lang='lat' dir='ltr'><strong>cd.</strong></span> <span class='ocrx_word' id='word_1_265' title='bbox 978 3742 1080 3792; x_wconf 81' lang='lat' dir='ltr'><strong>Vaticani</strong></span> <span class='ocrx_word' id='word_1_266' title='bbox 1098 3743 1152 3792; x_wconf 85' lang='lat' dir='ltr'><strong>duo.</strong></span> <span class='ocrx_word' id='word_1_267' title='bbox 1188 3742 1259 3792; x_wconf 88' lang='lat' dir='ltr'><strong>nimis</strong></span> <span class='ocrx_word' id='word_1_268' title='bbox 1277 3743 1354 3794; x_wconf 74' lang='lat' dir='ltr'><strong>sote</strong></span> 
     </span>
     <span class='ocr_line' id='line_1_33' title="bbox 299 3803 902 3870; baseline 0.002 -15"><span class='ocrx_word' id='word_1_269' title='bbox 299 3806 344 3855; x_wconf 91' lang='lat' dir='ltr'><strong>mis</strong></span> <span class='ocrx_word' id='word_1_270' title='bbox 363 3808 385 3855; x_wconf 84' lang='lat' dir='ltr'><strong>b.</strong></span> <span class='ocrx_word' id='word_1_271' title='bbox 436 3803 460 3854; x_wconf 83' lang='lat' dir='ltr'><strong>b.</strong></span> <span class='ocrx_word' id='word_1_272' title='bbox 478 3804 521 3854; x_wconf 92' lang='lat' dir='ltr'><strong>aed</strong></span> <span class='ocrx_word' id='word_1_273' title='bbox 539 3805 577 3853; x_wconf 92' lang='lat' dir='ltr'><strong>dei</strong></span> <span class='ocrx_word' id='word_1_274' title='bbox 596 3819 667 3867; x_wconf 87' lang='lat' dir='ltr'><strong>opus,</strong></span> <span class='ocrx_word' id='word_1_275' title='bbox 686 3821 712 3855; x_wconf 85' lang='lat' dir='ltr'><strong>er</strong></span> <span class='ocrx_word' id='word_1_276' title='bbox 732 3815 860 3870; x_wconf 85' lang='lat' dir='ltr'><strong>proecepto</strong></span> <span class='ocrx_word' id='word_1_277' title='bbox 879 3810 902 3856; x_wconf 63' lang='lat' dir='ltr'><strong>d„</strong></span> 
     </span>
    </p>

    <p class='ocr_par' dir='ltr' id='par_1_12' title="bbox 295 3867 1354 4081">
     <span class='ocr_line' id='line_1_34' title="bbox 366 3867 1354 3938; baseline 0.006 -16"><span class='ocrx_word' id='word_1_278' title='bbox 366 3873 424 3936; x_wconf 82' lang='lat' dir='ltr'><strong>Cap.</strong></span> <span class='ocrx_word' id='word_1_279' title='bbox 443 3867 512 3921; x_wconf 90' lang='lat' dir='ltr'><strong>llllll.</strong></span> <span class='ocrx_word' id='word_1_280' title='bbox 550 3871 570 3919; x_wconf 93' lang='lat' dir='ltr'><strong>l.</strong></span> <span class='ocrx_word' id='word_1_281' title='bbox 590 3887 675 3922; x_wconf 86' lang='lat' dir='ltr'><strong>caecae</strong></span> <span class='ocrx_word' id='word_1_282' title='bbox 693 3873 851 3924; x_wconf 82' lang='lat' dir='ltr'><strong>substantium</strong></span> <span class='ocrx_word' id='word_1_283' title='bbox 870 3890 920 3938; x_wconf 82' lang='lat' dir='ltr'><strong>eqo.</strong></span> <span class='ocrx_word' id='word_1_284' title='bbox 950 3889 1011 3938; x_wconf 86' lang='lat' dir='ltr'><strong>quae</strong></span> <span class='ocrx_word' id='word_1_285' title='bbox 1030 3874 1273 3927; x_wconf 79' lang='lat' dir='ltr'><strong>substantiamABGo.</strong></span> <span class='ocrx_word' id='word_1_286' title='bbox 1308 3876 1354 3929; x_wconf 83' lang='lat' dir='ltr'><strong>aab</strong></span> 
     </span>
     <span class='ocr_line' id='line_1_35' title="bbox 296 3938 1354 4007; baseline 0.009 -21"><span class='ocrx_word' id='word_1_287' title='bbox 296 3939 388 4003; x_wconf 79' lang='lat' dir='ltr'><strong>reliqui.</strong></span> <span class='ocrx_word' id='word_1_288' title='bbox 422 3939 464 3988; x_wconf 78' lang='lat' dir='ltr'><strong>Pro</strong></span> <span class='ocrx_word' id='word_1_289' title='bbox 483 3938 623 3988; x_wconf 83' lang='lat' dir='ltr'><strong>cohibentes</strong></span> <span class='ocrx_word' id='word_1_290' title='bbox 640 3941 815 3992; x_wconf 67' lang='lat' dir='ltr'><strong>folchuinus</strong></span> <span class='ocrx_word' id='word_1_291' title='bbox 837 3944 956 4006; x_wconf 84' lang='lat' dir='ltr'><strong>rescripsit</strong></span> <span class='ocrx_word' id='word_1_292' title='bbox 978 3942 1103 4002; x_wconf 78' lang='lat' dir='ltr'><strong>cohibens,</strong></span> <span class='ocrx_word' id='word_1_293' title='bbox 1131 3949 1187 3993; x_wconf 83' lang='lat' dir='ltr'><strong>leste</strong></span> <span class='ocrx_word' id='word_1_294' title='bbox 1204 3944 1312 4007; x_wconf 82' lang='lat' dir='ltr'><strong>lliqollio.</strong></span> <span class='ocrx_word' id='word_1_295' title='bbox 1346 3944 1354 3995; x_wconf 92' lang='grc'><strong>1</strong></span> 
     </span>
     <span class='ocr_line' id='line_1_36' title="bbox 295 4005 700 4081; baseline 0.007 -27"><span class='ocrx_word' id='word_1_296' title='bbox 295 4006 368 4055; x_wconf 80' lang='lat' dir='ltr'><strong>coluit</strong></span> <span class='ocrx_word' id='word_1_297' title='bbox 385 4005 532 4081; x_wconf 50' lang='lat' dir='ltr'><strong>cohibent.x</strong></span> <span class='ocrx_word' id='word_1_298' title='bbox 559 4005 581 4054; x_wconf 83' lang='lat'><strong>2.</strong></span> <span class='ocrx_word' id='word_1_299' title='bbox 600 4007 659 4056; x_wconf 83' lang='lat' dir='ltr'><strong>llosi</strong></span> <span class='ocrx_word' id='word_1_300' title='bbox 678 4009 700 4057; x_wconf 82' lang='lat' dir='ltr'><strong>d.</strong></span> 
     </span>
    </p>
   </div>
   <div class='ocr_carea' id='block_1_5' title="bbox 295 4102 1354 4850">
    <p class='ocr_par' dir='ltr' id='par_1_13' title="bbox 295 4102 1354 4377">
     <span class='ocr_line' id='line_1_37' title="bbox 331 4102 1354 4171; baseline 0.008 -17"><span class='ocrx_word' id='word_1_301' title='bbox 331 4106 347 4155; x_wconf 89' lang='lat' dir='ltr'><strong>i.</strong></span> <span class='ocrx_word' id='word_1_302' title='bbox 364 4102 488 4170; x_wconf 75' lang='lat' dir='ltr'><strong>expunxit]</strong></span> <span class='ocrx_word' id='word_1_303' title='bbox 515 4106 556 4155; x_wconf 88' lang='lat' dir='ltr'><strong>Sic</strong></span> <span class='ocrx_word' id='word_1_304' title='bbox 572 4107 673 4170; x_wconf 73' lang='lat' dir='ltr'><strong>Apolog.</strong></span> <span class='ocrx_word' id='word_1_305' title='bbox 699 4108 781 4171; x_wconf 82' lang='lat' dir='ltr'><strong>cap.2</strong></span> <span class='ocrx_word' id='word_1_306' title='bbox 799 4109 857 4159; x_wconf 87' lang='lat' dir='ltr'><strong>dirit</strong></span> <span class='ocrx_word' id='word_1_307' title='bbox 908 4110 988 4159; x_wconf 89' lang='lat' dir='ltr'><strong>Ursini</strong></span> <span class='ocrx_word' id='word_1_308' title='bbox 1013 4109 1099 4170; x_wconf 78' lang='lat' dir='ltr'><strong>legitur</strong></span> <span class='ocrx_word' id='word_1_309' title='bbox 1117 4112 1233 4171; x_wconf 81' lang='lat' dir='ltr'><strong>cohibens,</strong></span> <span class='ocrx_word' id='word_1_310' title='bbox 1258 4119 1285 4161; x_wconf 83' lang='lat' dir='ltr'><strong>ut</strong></span> <span class='ocrx_word' id='word_1_311' title='bbox 1302 4112 1354 4162; x_wconf 87' lang='lat' dir='ltr'><strong>rels</strong></span> 
     </span>
     <span class='ocr_line' id='line_1_38' title="bbox 295 4174 1354 4239; baseline 0.008 -18"><span class='ocrx_word' id='word_1_312' title='bbox 295 4174 394 4232; x_wconf 86' lang='lat' dir='ltr'><strong>„debito</strong></span> <span class='ocrx_word' id='word_1_313' title='bbox 410 4189 498 4237; x_wconf 75' lang='lat' dir='ltr'><strong>poem</strong></span> <span class='ocrx_word' id='word_1_314' title='bbox 516 4189 606 4223; x_wconf 89' lang='lat' dir='ltr'><strong>nocens</strong></span> <span class='ocrx_word' id='word_1_315' title='bbox 625 4178 791 4238; x_wconf 78' lang='lat' dir='ltr'><strong>srpunqeadss</strong></span> <span class='ocrx_word' id='word_1_316' title='bbox 810 4184 855 4237; x_wconf 85' lang='lat' dir='ltr'><strong>est,</strong></span> <span class='ocrx_word' id='word_1_317' title='bbox 906 4185 993 4226; x_wconf 84' lang='lat' dir='ltr'><strong>celans.</strong></span> <span class='ocrx_word' id='word_1_318' title='bbox 1011 4177 1119 4239; x_wconf 70' lang='lat' dir='ltr'><strong>(Rigalt.)</strong></span> <span class='ocrx_word' id='word_1_319' title='bbox 1142 4178 1208 4228; x_wconf 87' lang='lat' dir='ltr'><strong>luter</strong></span> <span class='ocrx_word' id='word_1_320' title='bbox 1218 4179 1354 4229; x_wconf 75' lang='lat' dir='ltr'><strong>Ursinianus</strong></span> 
     </span>
     <span class='ocr_line' id='line_1_39' title="bbox 297 4240 1354 4308; baseline 0.009 -21"><span class='ocrx_word' id='word_1_321' title='bbox 297 4254 345 4288; x_wconf 89' lang='lat' dir='ltr'><strong>non</strong></span> <span class='ocrx_word' id='word_1_322' title='bbox 364 4240 530 4289; x_wconf 68' lang='lat' dir='ltr'><strong>eximendusf&#39;</strong></span> <span class='ocrx_word' id='word_1_323' title='bbox 555 4241 695 4292; x_wconf 73' lang='grc'><strong>11111111.</strong></span> <span class='ocrx_word' id='word_1_324' title='bbox 714 4243 856 4307; x_wconf 75' lang='lat' dir='ltr'><strong>adbpoloq.</strong></span> <span class='ocrx_word' id='word_1_325' title='bbox 907 4244 1018 4293; x_wconf 82' lang='lat' dir='ltr'><strong>Wouwer</strong></span> <span class='ocrx_word' id='word_1_326' title='bbox 1044 4245 1140 4308; x_wconf 86' lang='lat' dir='ltr'><strong>quidem</strong></span> <span class='ocrx_word' id='word_1_327' title='bbox 1160 4245 1236 4294; x_wconf 85' lang='lat' dir='ltr'><strong>editas</strong></span> <span class='ocrx_word' id='word_1_328' title='bbox 1255 4247 1315 4296; x_wconf 85' lang='lat' dir='ltr'><strong>baec</strong></span> <span class='ocrx_word' id='word_1_329' title='bbox 1331 4260 1354 4296; x_wconf 87' lang='lat' dir='ltr'><strong>ev</strong></span> 
     </span>
     <span class='ocr_line' id='line_1_40' title="bbox 297 4305 1354 4377; baseline 0.009 -22"><span class='ocrx_word' id='word_1_330' title='bbox 297 4305 401 4369; x_wconf 70' lang='lat' dir='ltr'><strong>capbb.</strong></span> <span class='ocrx_word' id='word_1_331' title='bbox 419 4317 443 4356; x_wconf 88' lang='lat' dir='ltr'><strong>et</strong></span> <span class='ocrx_word' id='word_1_332' title='bbox 461 4308 490 4356; x_wconf 93' lang='lat' dir='ltr'><strong>ad</strong></span> <span class='ocrx_word' id='word_1_333' title='bbox 509 4308 633 4371; x_wconf 91' lang='lat' dir='ltr'><strong>Scorpiao.</strong></span> <span class='ocrx_word' id='word_1_334' title='bbox 652 4324 704 4372; x_wconf 88' lang='lat' dir='ltr'><strong>cap.</strong></span> <span class='ocrx_word' id='word_1_335' title='bbox 716 4310 753 4358; x_wconf 84' lang='lat' dir='ltr'><strong>l&#39;l.</strong></span> <span class='ocrx_word' id='word_1_336' title='bbox 908 4326 956 4360; x_wconf 91' lang='lat' dir='ltr'><strong>noo</strong></span> <span class='ocrx_word' id='word_1_337' title='bbox 974 4313 1087 4361; x_wconf 87' lang='lat' dir='ltr'><strong>occurrit.</strong></span> <span class='ocrx_word' id='word_1_338' title='bbox 1125 4313 1240 4376; x_wconf 80' lang='lat' dir='ltr'><strong>Equidem</strong></span> <span class='ocrx_word' id='word_1_339' title='bbox 1259 4315 1354 4377; x_wconf 86' lang='lat' dir='ltr'><strong>rescrip</strong></span> 
     </span>
    </p>

    <p class='ocr_par' dir='ltr' id='par_1_14' title="bbox 295 4372 1354 4641">
     <span class='ocr_line' id='line_1_41' title="bbox 330 4372 1354 4442; baseline 0.007 -20"><span class='ocrx_word' id='word_1_340' title='bbox 330 4373 389 4435; x_wconf 86' lang='lat' dir='ltr'><strong>Cap.</strong></span> <span class='ocrx_word' id='word_1_341' title='bbox 406 4374 464 4424; x_wconf 77' lang='lat' dir='ltr'><strong>xxi.</strong></span> <span class='ocrx_word' id='word_1_342' title='bbox 497 4390 519 4424; x_wconf 88' lang='lat' dir='ltr'><strong>a.</strong></span> <span class='ocrx_word' id='word_1_343' title='bbox 538 4372 857 4442; x_wconf 84' lang='lat' dir='ltr'><strong>prohibentis-iubentis]</strong></span> <span class='ocrx_word' id='word_1_344' title='bbox 909 4378 1017 4428; x_wconf 84' lang='lat' dir='ltr'><strong>lolatsioe</strong></span> <span class='ocrx_word' id='word_1_345' title='bbox 1035 4379 1127 4429; x_wconf 86' lang='lat' dir='ltr'><strong>scilicet</strong></span> <span class='ocrx_word' id='word_1_346' title='bbox 1146 4396 1227 4431; x_wconf 69' lang='lat' dir='ltr'><strong>oseem</strong></span> <span class='ocrx_word' id='word_1_347' title='bbox 1244 4382 1354 4431; x_wconf 84' lang='lat' dir='ltr'><strong>substant</strong></span> 
     </span>
     <span class='ocr_line' id='line_1_42' title="bbox 296 4439 1354 4509; baseline 0.01 -21"><span class='ocrx_word' id='word_1_348' title='bbox 296 4439 348 4488; x_wconf 90' lang='lat' dir='ltr'><strong>Non</strong></span> <span class='ocrx_word' id='word_1_349' title='bbox 367 4455 429 4504; x_wconf 89' lang='lat' dir='ltr'><strong>opos</strong></span> <span class='ocrx_word' id='word_1_350' title='bbox 447 4443 625 4506; x_wconf 84' lang='lat' dir='ltr'><strong>eratbeopoldi</strong></span> <span class='ocrx_word' id='word_1_351' title='bbox 638 4443 788 4493; x_wconf 88' lang='lat' dir='ltr'><strong>correctione</strong></span> <span class='ocrx_word' id='word_1_352' title='bbox 800 4461 857 4509; x_wconf 86' lang='lat' dir='ltr'><strong>pro·</strong></span> <span class='ocrx_word' id='word_1_353' title='bbox 907 4446 1046 4502; x_wconf 84' lang='lat' dir='ltr'><strong>bibentes,“</strong></span> <span class='ocrx_word' id='word_1_354' title='bbox 1063 4455 1169 4497; x_wconf 86' lang='lat' dir='ltr'><strong>veterum</strong></span> <span class='ocrx_word' id='word_1_355' title='bbox 1188 4447 1305 4498; x_wconf 86' lang='lat' dir='ltr'><strong>librorum</strong></span> <span class='ocrx_word' id='word_1_356' title='bbox 1324 4448 1354 4499; x_wconf 87' lang='lat' dir='ltr'><strong>ill</strong></span> 
     </span>
     <span class='ocr_line' id='line_1_43' title="bbox 296 4509 1354 4576; baseline 0.009 -20"><span class='ocrx_word' id='word_1_357' title='bbox 296 4509 383 4556; x_wconf 78' lang='lat' dir='ltr'><strong>hiberti</strong></span> <span class='ocrx_word' id='word_1_358' title='bbox 400 4533 432 4543; x_wconf 87' lang='lat'>-</span> <span class='ocrx_word' id='word_1_359' title='bbox 451 4512 547 4560; x_wconf 83' lang='lat' dir='ltr'><strong>isberti.</strong></span> <span class='ocrx_word' id='word_1_360' title='bbox 580 4509 699 4559; x_wconf 80' lang='lat' dir='ltr'><strong>Trahendi</strong></span> <span class='ocrx_word' id='word_1_361' title='bbox 718 4520 774 4562; x_wconf 88' lang='lat' dir='ltr'><strong>sont</strong></span> <span class='ocrx_word' id='word_1_362' title='bbox 792 4513 855 4561; x_wconf 89' lang='lat' dir='ltr'><strong>enim</strong></span> <span class='ocrx_word' id='word_1_363' title='bbox 908 4514 972 4576; x_wconf 91' lang='lat' dir='ltr'><strong>qnod</strong></span> <span class='ocrx_word' id='word_1_364' title='bbox 990 4514 1046 4562; x_wconf 87' lang='lat' dir='ltr'><strong>inde</strong></span> <span class='ocrx_word' id='word_1_365' title='bbox 1059 4515 1183 4565; x_wconf 85' lang='lat' dir='ltr'><strong>aGelenio</strong></span> <span class='ocrx_word' id='word_1_366' title='bbox 1201 4530 1288 4565; x_wconf 89' lang='lat' dir='ltr'><strong>omncs</strong></span> <span class='ocrx_word' id='word_1_367' title='bbox 1306 4517 1354 4567; x_wconf 89' lang='lat' dir='ltr'><strong>edit</strong></span> 
     </span>
     <span class='ocr_line' id='line_1_44' title="bbox 295 4575 1354 4641; baseline 0.01 -18"><span class='ocrx_word' id='word_1_368' title='bbox 295 4575 319 4624; x_wconf 91' lang='lat' dir='ltr'><strong>bi</strong></span> <span class='ocrx_word' id='word_1_369' title='bbox 338 4576 433 4637; x_wconf 71' lang='lat' dir='ltr'><strong>genitivi</strong></span> <span class='ocrx_word' id='word_1_370' title='bbox 451 4576 480 4624; x_wconf 92' lang='lat' dir='ltr'><strong>ad</strong></span> <span class='ocrx_word' id='word_1_371' title='bbox 495 4591 663 4638; x_wconf 79' lang='lat' dir='ltr'><strong>praegressum</strong></span> <span class='ocrx_word' id='word_1_372' title='bbox 674 4586 854 4641; x_wconf 80' lang='lat' dir='ltr'><strong>praeceptorum.</strong></span> <span class='ocrx_word' id='word_1_373' title='bbox 907 4580 1023 4640; x_wconf 80' lang='lat' dir='ltr'><strong>leserunt,</strong></span> <span class='ocrx_word' id='word_1_374' title='bbox 1048 4582 1070 4630; x_wconf 88' lang='grc'><strong>11</strong></span> <span class='ocrx_word' id='word_1_375' title='bbox 1090 4597 1171 4632; x_wconf 85' lang='lat' dir='ltr'><strong>coerce</strong></span> <span class='ocrx_word' id='word_1_376' title='bbox 1188 4583 1312 4632; x_wconf 85' lang='lat' dir='ltr'><strong>mutando.</strong></span> <span class='ocrx_word' id='word_1_377' title='bbox 1347 4583 1354 4634; x_wconf 92' lang='grc' dir='ltr'>Ι</span> 
     </span>
    </p>

    <p class='ocr_par' dir='ltr' id='par_1_15' title="bbox 295 4639 1354 4775">
     <span class='ocr_line' id='line_1_45' title="bbox 329 4639 1354 4711; baseline 0.011 -22"><span class='ocrx_word' id='word_1_378' title='bbox 329 4641 353 4690; x_wconf 93' lang='lat' dir='ltr'><strong>b.</strong></span> <span class='ocrx_word' id='word_1_379' title='bbox 372 4639 855 4709; x_wconf 66' lang='grc' dir='ltr'><strong>01111111111111111]1111111ιί111-</strong></span> <span class='ocrx_word' id='word_1_380' title='bbox 907 4648 995 4697; x_wconf 82' lang='lat' dir='ltr'><strong>delicet</strong></span> <span class='ocrx_word' id='word_1_381' title='bbox 1011 4648 1102 4711; x_wconf 74' lang='lat' dir='ltr'><strong>syllaba</strong></span> <span class='ocrx_word' id='word_1_382' title='bbox 1122 4651 1174 4699; x_wconf 86' lang='lat' dir='ltr'><strong>elus</strong></span> <span class='ocrx_word' id='word_1_383' title='bbox 1197 4651 1306 4700; x_wconf 82' lang='lat' dir='ltr'><strong>vocabuli</strong></span> <span class='ocrx_word' id='word_1_384' title='bbox 1331 4650 1354 4701; x_wconf 86' lang='lat' dir='ltr'><strong>la</strong></span> 
     </span>
     <span class='ocr_line' id='line_1_46' title="bbox 295 4712 1354 4775; baseline 0.011 -18"><span class='ocrx_word' id='word_1_385' title='bbox 295 4718 351 4758; x_wconf 89' lang='lat' dir='ltr'><strong>rant</strong></span> <span class='ocrx_word' id='word_1_386' title='bbox 373 4724 463 4769; x_wconf 88' lang='lat' dir='ltr'><strong>„omne</strong></span> <span class='ocrx_word' id='word_1_387' title='bbox 481 4725 552 4775; x_wconf 85' lang='lat' dir='ltr'><strong>opus,</strong></span> <span class='ocrx_word' id='word_1_388' title='bbox 576 4712 640 4774; x_wconf 90' lang='lat' dir='ltr'><strong>quod</strong></span> <span class='ocrx_word' id='word_1_389' title='bbox 659 4712 740 4775; x_wconf 87' lang='lat' dir='ltr'><strong>otique</strong></span> <span class='ocrx_word' id='word_1_390' title='bbox 759 4712 853 4762; x_wconf 86' lang='lat' dir='ltr'><strong>tuum.“</strong></span> <span class='ocrx_word' id='word_1_391' title='bbox 906 4715 988 4764; x_wconf 87' lang='lat' dir='ltr'><strong>ultima</strong></span> <span class='ocrx_word' id='word_1_392' title='bbox 1013 4717 1121 4765; x_wconf 80' lang='lat' dir='ltr'><strong>vocabuli</strong></span> <span class='ocrx_word' id='word_1_393' title='bbox 1146 4718 1242 4768; x_wconf 84' lang='lat' dir='ltr'><strong>scilicet.</strong></span> <span class='ocrx_word' id='word_1_394' title='bbox 1287 4719 1354 4769; x_wconf 80' lang='lat' dir='ltr'><strong>Caso</strong></span> 
     </span>
    </p>

    <p class='ocr_par' dir='ltr' id='par_1_16' title="bbox 328 4775 1354 4850">
     <span class='ocr_line' id='line_1_47' title="bbox 328 4775 1354 4850; baseline 0.011 -24"><span class='ocrx_word' id='word_1_395' title='bbox 328 4777 387 4843; x_wconf 82' lang='lat' dir='ltr'><strong>Cap.</strong></span> <span class='ocrx_word' id='word_1_396' title='bbox 405 4777 475 4827; x_wconf 78' lang='grc'><strong>11111.</strong></span> <span class='ocrx_word' id='word_1_397' title='bbox 516 4794 537 4828; x_wconf 76' lang='lat' dir='ltr'><strong>a.</strong></span> <span class='ocrx_word' id='word_1_398' title='bbox 562 4775 714 4845; x_wconf 84' lang='lat' dir='ltr'><strong>cohibentes]</strong></span> <span class='ocrx_word' id='word_1_399' title='bbox 741 4779 767 4829; x_wconf 93' lang='lat' dir='ltr'><strong>ln</strong></span> <span class='ocrx_word' id='word_1_400' title='bbox 791 4781 854 4830; x_wconf 89' lang='lat' dir='ltr'><strong>libro</strong></span> <span class='ocrx_word' id='word_1_401' title='bbox 905 4782 1042 4833; x_wconf 87' lang='lat' dir='ltr'><strong>idololslria</strong></span> <span class='ocrx_word' id='word_1_402' title='bbox 1060 4792 1098 4833; x_wconf 87' lang='lat' dir='ltr'><strong>est</strong></span> <span class='ocrx_word' id='word_1_403' title='bbox 1114 4792 1175 4835; x_wconf 85' lang='lat' dir='ltr'><strong>tecta</strong></span> <span class='ocrx_word' id='word_1_404' title='bbox 1193 4795 1266 4850; x_wconf 82' lang='lat' dir='ltr'><strong>utque</strong></span> <span class='ocrx_word' id='word_1_405' title='bbox 1284 4787 1354 4838; x_wconf 87' lang='lat' dir='ltr'><strong>lortiv</strong></span> 
     </span>
    </p>
   </div>
   <div class='ocr_carea' id='block_1_6' title="bbox 0 0 1626 5775">
    <p class='ocr_par' dir='ltr' id='par_1_17' title="bbox 0 0 1626 5775">
     <span class='ocr_line' id='line_1_48' title="bbox 0 0 1626 5775; baseline 0 0"><span class='ocrx_word' id='word_1_406' title='bbox 0 0 1626 5775; x_wconf 95' lang='lat' dir='ltr'><strong> </strong></span> 
     </span>
    </p>
   </div>
  </div>
 </body>
</html>
