3242 5775
309 689 351 752 40
566 701 667 752 cururt
690 701 821 743 serutari
843 699 1006 743 ruounurts
1029 700 1226 757 ranruttram

393 852 436 912 lle
465 849 545 911 verbi
575 858 672 913 autem
701 849 973 911 administrationel
1003 847 1088 926 ¹quid
1117 848 1226 918 dicam.
1263 866 1329 909 cum
1358 848 1421 909 hoc
1448 849 1491 910 sit

309 952 462 1031 negotium
484 951 557 1023 illis,
592 969 653 1012 nou
675 950 828 1011 'ethnicos
851 949 1057 1020 convertendi,
1087 950 1140 1010 sed
1162 957 1286 1009 nostros
1309 948 1490 1011 evertendi?

309 1054 392 1115 lianc
415 1052 508 1129 magis
531 1051 654 1130 gloriam
676 1058 809 1131 captant,
834 1050 860 1110 si
884 1050 1030 1111 stantibus
1046 1051 1180 1123 ruinam,
1203 1068 1264 1110 non
1280 1050 1306 1110 si
1323 1050 1490 1112 iacentibus

311 1153 503 1215 elevationem
520 1161 690 1232 operemur.
725 1151 873 1223 Quoniam
896 1158 925 1212 et
946 1151 1044 1229 ipsum
1067 1169 1143 1230 opus
1166 1169 1270 1211 eornm
1292 1169 1355 1212 nou
1378 1151 1416 1212 de
1432 1170 1490 1213 sno

309 1254 432 1335 proprio
455 1254 587 1314 aedilicio
611 1254 703 1325 veuit,
735 1251 789 1313 sed
811 1252 849 1311 de
872 1251 1002 1312 veritatis
1031 1251 1250 1324 destructione,
1283 1258 1391 1313 nostra
1421 1254 1491 1313 sut-

252 1425 257 1434 ,
310 1354 436 1425 fodiunt,
460 1362 492 1414 nt
514 1371 569 1414 sua
590 1353 754 1414 aedificent.
796 1351 900 1412 hdime
922 1352 980 1412 illis
1002 1351 1114 1430 ³legem
1138 1352 1251 1431 Moysil
1273 1360 1303 1413 et
1323 1353 1491 1432 propbetas

310 1462 341 1516 et
362 1462 525 1514 creatorem
547 1454 653 1524 deum,
676 1452 896 1514 accusationem
918 1451 1034 1530 ‘eloqui
1057 1471 1118 1513 nou
1141 1452 1277 1514 habeut⁰.
1318 1453 1360 1513 lta
1384 1454 1434 1527 fis,
1457 1463 1492 1515 ιιι

310 1555 412 1617 ruinas
433 1554 547 1615 lacilius
570 1552 732 1632 operentur
752 1553 893 1615 stantium
916 1553 1118 1615 aedificiorum
1140 1571 1228 1631 quam
1249 1553 1491 1617 ⁵eustructiones

311 1656 467 1718 iacentium
491 1655 652 1716 ruinarum.
702 1654 745 1714 dd
769 1654 843 1715 haec
863 1654 1050 1715 solummodo
1074 1672 1165 1732 opera
1186 1654 1313 1715 humiles
1336 1662 1367 1716 et
1388 1652 1493 1718 blandi

311 1765 341 1818 et
355 1755 514 1817 summissi
537 1762 637 1833 agunt.
674 1755 811 1816 Ceterum
835 1772 892 1815 uec
913 1755 976 1816 suis
999 1754 1187 1833 praesidibus
1211 1754 1408 1817 reverentiam
1429 1775 1492 1818 no·

273 1915 276 1936 ;
310 1864 431 1917 verunt..
459 1856 496 1916 Et
517 1856 574 1917 hoc
595 1863 658 1929 est,
681 1855 759 1934 qnod
782 1853 941 1917 schismata
964 1856 1041 1933 apud
1064 1855 1230 1917 haereticos
1250 1857 1313 1916 lere
1328 1874 1391 1917 nou
1406 1865 1491 1931 suut

311 1956 378 2035 qnia
406 1975 472 2017 cum
502 1957 579 2030 siut,
613 1975 674 2017 nou
701 1955 837 2036 parenti.
891 1956 1043 2016 ‘Schisma
1073 1965 1120 2017 est
1148 1958 1228 2018 enirn
1255 1957 1353 2019 unitas
1376 1957 1491 2036 ’ipsae

311 2057 455 2128 Mentior,
479 2057 504 2117 si
527 2075 588 2118 uon
612 2056 699 2118 etiam
722 2075 738 2117 a
759 2056 870 2134 regulis
893 2057 956 2117 suis
979 2057 1093 2118 variant
1114 2056 1192 2119 iuter
1214 2076 1263 2129 se,
1297 2058 1369 2118 dum
1391 2077 1491 2121 nnus-

311 2157 437 2237 quisque
457 2157 584 2235 proinde
607 2176 663 2218 suo
685 2157 808 2218 arbitrio
832 2157 1001 2219 modulatur
1022 2157 1115 2236 ‘quae
1138 2158 1265 2236 accepit,
1289 2160 1490 2237 quemadmo-

312 2258 382 2319 dum
404 2259 441 2318 de
462 2257 536 2319 ”suo
566 2258 689 2320 arbitrio
720 2258 782 2318 ¹⁰ea
810 2258 982 2336 composuit
1008 2258 1056 2318 ille
1084 2260 1134 2337 qui
1163 2258 1291 2320 tradidit.
1347 2261 1492 2339 Agnoscit

312 2366 446 2420 naturam
469 2378 553 2420 suam
576 2367 606 2420 et
628 2359 753 2438 originis
776 2378 848 2420 suae
864 2358 1004 2420 ¹¹morem
1027 2361 1178 2438 proiectus
1196 2359 1278 2420 ¹²rei.
1308 2360 1392 2421 idem
1407 2362 1491 2424 licuit

313 2458 522 2520 Valentinianis
546 2459 624 2537 qnod
649 2460 820 2533 Valentino,
849 2459 928 2521 idem
950 2460 1131 2521 Marcionitis
1160 2460 1239 2538 quod
1261 2461 1422 2536 Marcioni,
1453 2464 1491 2525 de

312 2556 433 2618 arbitrio
457 2559 538 2618 ¹³suo
561 2560 649 2620 fidem
671 2561 824 2621 innovare.
878 2560 1011 2639 [leuique
1033 2561 1153 2638 penitus
1175 2561 1326 2640 inspectae
1348 2562 1490 2626 haereses

312 2675 417 2719 omues
440 2657 469 2719 in
493 2657 592 2719 tnnltis
616 2678 684 2721 cum
705 2660 876 2721 auctoribus
900 2662 963 2722 suis
986 2660 1199 2722 dissentientes
1214 2661 1489 2740 deprehenduntur.

161 872 218 936 Cap.
228 872 291 916 ttn.

379 2877 437 2941 Cap.
456 2877 525 2928 xttt.
562 2877 584 2928 l.
603 2878 661 2944 quid
678 2878 761 2929 tausC.
797 2879 931 2942 quidamB.
977 2879 1001 2931 2.
1020 2881 1121 2932 ethnicis
1139 2882 1315 2943 convertendis,
1334 2882 1380 2933 sed
1398 2886 1490 2935 nostris

312 2947 446 2995 evertendis
464 2947 523 2996 liber
542 2946 669 2997 Clementis.
722 2947 746 2997 3.
766 2949 789 2997 in
809 2950 861 3009 lege
880 2951 903 2998 b.
954 2949 979 2998 4.
999 2958 1021 2999 et
1040 2951 1106 3014 loqui
1124 2951 1183 3000 ata.
1233 2946 1260 2999 3.
1279 2953 1436 3002 extractionis
1455 2956 1491 3004 bs.

312 3011 335 3061 6.
356 3012 464 3061 Schisma
483 3015 600 3062 estenim
620 3016 642 3064 b.
678 3014 787 3064 Schisma
806 3016 1082 3075 assumendorum.
1117 3018 1255 3066 schismate.
1274 3018 1398 3068 listenim
1418 3020 1490 3070 rrae.

312 3078 336 3127 'l.
356 3079 415 3143 ipsis
434 3083 466 3142 d,
486 3080 669 3131 Fidullrsiuos.
710 3081 734 3131 8.
754 3097 826 3146 quem
844 3083 869 3133 B.
905 3085 969 3147 quud
988 3086 1043 3134 libri
1061 3086 1160 3134 Pcmelii.
1202 3085 1227 3134 9.
1245 3100 1290 3134 sno
1308 3087 1411 3137 our-Bc.
1450 3087 1490 3137 ill.

312 3161 339 3194 ea
358 3148 439 3197 om.B.
494 3148 533 3197 ll.
552 3162 620 3198 more
639 3149 662 3199 C.
698 3150 722 3199 in
741 3151 827 3199 oreB.
883 3149 921 3199 12.
947 3167 973 3200 re
998 3168 1057 3215 otuu.
1113 3151 1214 3203 13.suo
1233 3152 1317 3202 cnud

927 3353 964 3401 nis
983 3342 1061 3400 autem
1081 3352 1215 3416 discipulus
1241 3353 1285 3402 luit
1303 3353 1401 3413 biarcio,
1425 3354 1511 3407 flatu

926 3419 1002 3467 sionis
1020 3419 1125 3481 Apelles,
1168 3420 1205 3468 dit
1223 3420 1293 3481 igitur
1310 3420 1490 3472 baereticorum

926 3485 1020 3545 ingenia
1044 3487 1080 3535 sic
1104 3486 1210 3534 instituta
1235 3501 1303 3547 esse,
1334 3495 1361 3536 ut
1383 3489 1491 3551 diruant,
1510 3530 1526 3557 ,

312 3347 391 3412 adepti
410 3363 494 3398 eornm
513 3349 632 3400 honorum
651 3317 731 3400 munia
751 3351 875 3400 nihilomi-

312 3429 357 3464 nus
386 3415 499 3476 obibant,
534 3432 596 3482 quos
627 3419 744 3468 eeclesias
774 3418 874 3468 bonori-

311 3482 357 3532 bus
387 3484 499 3533 ordinare
530 3499 633 3548 aequum
667 3500 714 3535 non
744 3485 873 3536 videbator.

314 3549 420 3610 (sigale)

346 3639 405 3701 Cap.
423 3640 492 3688 xttt.
522 3655 543 3689 s.
563 3641 596 3692 [le
613 3644 679 3693 verbi
698 3652 777 3693 autem
795 3644 873 3693 admi-

313 3701 468 3771 nistratioue]
487 3706 520 3754 lle
538 3721 566 3757 aa
585 3723 647 3772 quae
666 3712 689 3759 in
709 3711 874 3760 ecclesiisde-

312 3773 353 3823 bat
371 3787 418 3822 non
437 3775 592 3823 existimarim
611 3790 665 3825 euna
680 3777 754 3841 loqui,
773 3792 833 3837 cum,
845 3779 873 3827 ab

312 3854 339 3889 ea
358 3840 460 3902 gentiles
471 3851 619 3902 arcerentur,
638 3858 719 3893 rerum
731 3845 760 3893 de
774 3859 874 3908 eaquae

312 3907 376 3956 domi
404 3914 445 3956 ant
470 3908 527 3957 alibi
556 3909 705 3960 familiariter
734 3911 874 3962 habebatur.

311 3973 375 4023 h'ihil
394 3975 457 4023 euim
469 3975 611 4025 Christianis
631 3978 715 4027 maiori
733 3987 785 4029 erat
802 3995 875 4029 curae

310 4055 382 4105 quam
401 4042 512 4102 gentibus
531 4042 619 4093 Christi
638 4055 765 4110 praecepta
783 4048 874 4096 sensim

312 4106 451 4237 ἷιιιιιιιιιιῖῗο,
471 4117 496 4158 ut
513 4124 556 4159 eos
574 4112 604 4160 ad
622 4112 693 4162 iidem
711 4113 874 4167 traducerent.

343 4190 378 4236 rgs
402 4213 407 4223 .

345 4266 368 4315 b.
387 4261 474 4331 lloysi]
498 4266 532 4317 ns
555 4268 600 4319 bre
624 4270 718 4332 genitivi
744 4272 822 4322 torma
841 4275 872 4323 el.

310 4332 430 4463 ξεξιὲιῖίη.
455 4332 485 4383 ad
504 4334 582 4385 lossii
603 4337 734 4388 Aristarcb.
764 4348 823 4390 tona.
842 4339 875 4403 tt,

345 4499 366 4532 c.
385 4484 564 4535 accusationem
583 4486 664 4551 eloqui
689 4501 736 4537 uon
762 4488 873 4558 habent]

310 4547 382 4600 Notat
399 4551 536 4601 Cerdonem
554 4559 578 4604 et
595 4552 739 4605 llareiouena
758 4563 782 4605 st
799 4559 874 4621 spel·

311 4614 359 4666 lem
383 4632 457 4666 ausos
484 4619 555 4667 etiam
582 4619 626 4670 ista
645 4621 795 4672 Christianae
813 4625 873 4675 rell·

311 4684 390 4746 sionis
408 4684 563 4735 fundamenta
581 4688 725 4739 convellere.
769 4691 828 4740 llam
848 4693 871 4741 in

926 3566 974 3600 nou
999 3560 1023 3600 nt
1047 3553 1181 3603 sediilcent.
1225 3554 1308 3604 dditue
1334 3554 1385 3605 illis
1410 3556 1490 3618 legem

925 3618 1000 3668 blosis
1018 3628 1042 3669 et
1059 3621 1191 3684 prophetas
1213 3630 1237 3670 et
1253 3629 1388 3671 creatorem
1407 3623 1490 3685 deum,

925 3686 992 3735 nullo
1013 3688 1063 3736 iure
1082 3701 1179 3737 causam
1198 3688 1239 3738 tibi
1252 3696 1383 3752 propterea
1398 3691 1490 3751 dicent,

926 3767 974 3802 uon
993 3754 1038 3804 erit
1056 3756 1120 3819 quod
1140 3755 1368 3819 possiutconqueri.
1393 3758 1490 3809 Etenim

926 3821 1086 3885 iampridem
1109 3823 1169 3873 haec
1193 3823 1222 3871 ad
1250 3838 1276 3871 sc
1295 3823 1394 3893 micinas
1411 3826 1490 3888 perti·

926 3902 984 3937 nere
1004 3890 1081 3938 testati
1100 3899 1164 3938 sunt.
1183 3890 1289 3951 (Rigalt.)
1321 3891 1490 3945 destructura

926 3957 990 4005 verbi
1009 3958 1092 4006 dobere
1110 3970 1163 4006 cum
1182 3958 1275 4007 inlinito
1297 3958 1327 4007 ci.
1347 3958 1439 4011 sdn'ott
1459 3959 1491 4011 ad

926 4023 960 4072 ile
977 4024 1042 4086 Fuga
1060 4025 1083 4072 in
1103 4025 1225 4073 Persecnt.
1244 4040 1298 4089 cap.
1310 4024 1350 4075 tt.

960 4122 984 4173 d.
1003 4138 1051 4172 uon
1069 4120 1176 4190 parent]
1199 4125 1252 4176 Non
1271 4125 1335 4189 quod
1360 4140 1416 4176 aera
1439 4140 1489 4179 non

913 4190 973 4241 'sint
990 4191 1164 4251 dissensiones,
1183 4192 1226 4242 sed
1246 4193 1310 4256 quia,
1325 4192 1383 4244 dum
1402 4208 1489 4246 omnes

925 4272 969 4321 pro
989 4258 1087 4309 libidine
1106 4260 1197 4309 iaciunt
1214 4260 1279 4324 qnod
1305 4261 1392 4325 cuique
1410 4261 1490 4327 plasi-

925 4333 984 4384 tnro,
1004 4340 1051 4375 nou
1070 4335 1196 4390 apparent,
1215 4335 1239 4376 et
1251 4327 1305 4376 ideo
1324 4329 1404 4379 unitas
1422 4329 1490 4381 ride-

924 4399 964 4469 tur
981 4392 1033 4455 ipsa
1052 4408 1114 4459 quae
1137 4402 1175 4444 est
1197 4394 1363 4461 multiplicitas
1387 4404 1489 4449 senten·

924 4467 1020 4509 tuarum.

959 4574 980 4636 e.
998 4555 1073 4637 ipss]
1092 4561 1208 4642 Rigaltius
1221 4577 1249 4612 er
1260 4562 1400 4640 coniectura
1412 4564 1490 4642 ξιιΙιΙί

923 4626 1003 4753 fid:
1020 4630 1489 4758 lilltl²dttahltl,illlis

311 4751 426 4813 Cataiogo
445 4751 635 4813 haereticorum,
654 4756 693 4805 ubi
712 4757 742 4806 de
761 4759 872 4810 Cerdone
922 4766 960 4818 ta,
987 4759 1032 4809 sed
1050 4774 1078 4809 ea
1097 4762 1176 4812 miuus
1194 4763 1340 4813 advertimus
1364 4766 1397 4815 ob
1415 4780 1486 4817 coan-

309 4817 373 4879 „ilic
396 4818 544 4882 prophetias,
569 4821 653 4886 inquit,
678 4830 701 4873 st
719 4824 806 4888 hegen
831 4841 871 4876 rs-
922 4838 1019 4876 munem
1047 4835 1071 4876 st
1088 4832 1305 4882 concordissimam
1328 4831 1392 4896 ipsis
1415 4834 1490 4885 uobi-

310 4884 403 4947 pudiat,
420 4885 466 4936 deo
485 4888 590 4939 creatori
605 4891 753 4942 reuuutht.“
777 4893 871 4945 Cerdo·
920 4892 1016 4947 bissum
1034 4893 1206 4952 discordiam.“
