3242 5775
194 384 253 446 tto
445 397 546 449 oumrr
567 397 697 441 snrrrmr
718 398 881 441 vuonrvrrrs
903 398 1097 450 rsnrumtam

190 558 255 612 stus
282 547 409 627 accepit,
440 547 609 628 accipiendo
639 546 763 627 insignia
792 548 876 622 eius,
909 567 1012 610 aurum
1043 548 1156 611 scilicet
1178 555 1209 610 et

186 649 285 730 spotia
305 658 402 710 autem
422 648 571 710 Samariae
592 649 676 728 ipsos
690 649 806 727 hlagos,
828 650 878 730 qui
900 668 966 712 eum
988 650 1070 712 illum
1092 650 1211 729 cognovi

189 749 361 813 muneribus
384 750 590 811 honorassent.
611 757 641 811 et
667 768 744 829 genu
770 750 870 830 posito
898 750 1074 814 adorassent
1101 750 1187 831 quasi

188 871 287 932 regem
322 851 378 913 sub
406 851 575 914 testimonio
606 850 711 913 indicis
739 860 769 912 et
795 851 879 912 ducis
912 852 1030 926 stellae,
1066 852 1160 932 spolia
1188 871 1211 914 st

188 954 352 1026 Samariae,
374 951 404 1013 id
426 960 473 1013 est
492 951 691 1023 idololatriae,
713 952 868 1015 credentes
888 952 1024 1015 videlicet
1044 953 1073 1014 in
1090 952 1208 1015 Christo

185 1052 330 1115 lolatriam
352 1053 429 1114 enim
445 1051 595 1115 Samariae
615 1053 736 1115 nomine
750 1054 878 1127 notavit,
901 1062 934 1116 ut
955 1054 1169 1133 ignominiosae
1190 1074 1210 1116 o

186 1153 315 1229 latriam,
339 1172 396 1235 qua
417 1154 583 1216 desciverat
603 1162 673 1215 tune
693 1173 710 1216 a
732 1154 787 1216 deo
810 1154 867 1217 sub
888 1174 958 1235 rege
980 1155 1169 1218 Hieroboam.

186 1256 264 1317 enim
291 1274 399 1317 novum
428 1266 475 1317 est
505 1254 646 1329 creatori,
682 1256 804 1334 figurate
833 1257 875 1317 uti
904 1244 1098 1319 translatione
1127 1257 1207 1319 nomi

141 1377 171 1419 ro.
186 1356 406 1436 comparatione
437 1357 602 1419 criminum.
655 1355 729 1419 Nam
754 1364 786 1443 et
812 1358 969 1420 archontas
996 1359 1197 1421 Sodomorum

174 1459 340 1520 *archontas
356 1458 547 1530 ludaeorum,
570 1466 600 1519 et
619 1458 763 1539 populum
784 1455 882 1537 ipsulm
908 1459 1050 1539 populum
1065 1459 1209 1522 Gomorra

141 1557 168 1642 {g
183 1560 221 1621 Et
241 1560 318 1622 idem
340 1559 423 1633 alibi,
445 1560 547 1633 Pater,
569 1559 678 1639 inquit,
701 1568 769 1621 tuus
784 1559 963 1621 Amorraeus
985 1569 1015 1621 et
1029 1570 1123 1622 mater
1138 1561 1211 1622 tua¹

185 1661 222 1722 ob
245 1661 428 1724 consimilem
450 1661 646 1741 impietatem3
667 1679 743 1740 quos
757 1661 913 1740 aliquando
936 1661 1024 1722 etiam
1047 1681 1118 1723 suos
1133 1662 1211 1724 lilios

141 1767 169 1809 ἃ·
183 1763 275 1824 Filios
297 1764 433 1843 generavi
453 1770 483 1823 et
504 1762 635 1824 exaltavi.
672 1762 722 1823 Sic
736 1770 766 1823 et
779 1763 926 1842 Aegyptus
942 1781 1153 1843 nonnunquam
1168 1773 1211 1827 tot

184 1864 390 1945 ”intellegitur
411 1863 488 1944 apud
509 1864 589 1926 illum
613 1864 835 1944 superstitionis
858 1873 888 1925 et
908 1864 1121 1927 maledictionis
1143 1866 1211 1947 elog

183 1975 214 2029 et
234 1966 362 2047 Babylon
383 1966 470 2028 etiam
492 1965 568 2045 apud
589 1965 728 2027 loannem
751 1974 886 2027 nostrum
902 1966 1052 2028 Romanae
1074 1967 1157 2029 urhis
1179 1967 1211 2047 lig

182 2068 308 2148 proinde
329 2086 450 2147 magnae
472 2075 502 2128 et
522 2085 614 2147 regno
636 2067 782 2146 superbae
809 2074 839 2127 et
867 2076 1037 2129 sanctorum
1065 2068 1112 2128 dei
1142 2068 1211 2131 debe

182 2169 247 2230 llos
273 2169 371 2249 itaque
401 2188 457 2230 usu
484 2169 584 2248 blagos
612 2187 730 2248 quoqne
757 2168 965 2230 Samaritarum
996 2168 1192 2248 appellatione

182 2270 380 2350 despoliatos,
412 2269 490 2348 quod
512 2269 676 2331 habuerant
696 2288 762 2330 cum
784 2269 951 2342 Samaritis,
984 2279 1014 2331 ut
1042 2270 1185 2345 diximus,

182 2370 276 2431 triam.
309 2370 457 2431 Adversus
479 2387 578 2448 regem
600 2379 697 2432 autem
711 2370 901 2449 Assyriorum
922 2370 1063 2432 adversus
1085 2371 1211 2434 Herodes

181 2469 261 2550 lege,
284 2470 331 2532 cui
354 2470 455 2551 utique
475 2470 623 2550 adversati
644 2480 716 2533 sunt
729 2471 805 2550 hlagi
826 2480 895 2532 tunc
916 2490 976 2532 non
991 2472 1211 2535 renuntiando«

181 2580 245 2645 sto,
267 2590 355 2650 quem
378 2572 554 2651 intercipere
575 2572 742 2651 quaerebat
1179 2647 1189 2664 x

141 2685 163 2730 r.
264 2672 454 2735 Adiuvabitur
476 2674 548 2734 haec
568 2680 670 2734 nostra
685 2672 886 2752 interpretatio
895 2686 916 2746 ¹,
939 2674 1009 2735 dum
1031 2683 1062 2735 et
1082 2674 1150 2736 alibi
1170 2674 1211 2736 be}

181 2773 351 2835 existimans
363 2773 527 2846 Christum,
550 2771 589 2834 ob
610 2791 761 2835 armornm
782 2773 967 2851 quorundam
990 2775 1130 2837 vocabula
1151 2784 1211 2838 ete

181 2874 284 2950 verba,
318 2895 353 2938 er
379 2874 559 2961 reliquorum
588 2893 703 2955 quoque
729 2894 872 2938 sensuum
901 2877 1120 2957 comparatione
1148 2896 1211 2940 conv

141 2987 170 3032 A·
179 2977 353 3057 Accingere,
376 2977 471 3058 inquit
491 2975 596 3050 llarid,
619 2977 707 3038 ¹ense
728 2995 821 3057 super
840 2979 944 3039 lemur.
984 2979 1042 3040 Sed
1065 2979 1134 3059 quid
1156 2997 1211 3059 sup

145 3087 165 3129 ³·
180 3079 217 3142 de
232 3078 374 3143 Christo?
407 3077 614 3160 Tempestivus
636 3077 742 3140 decore
763 3076 880 3173 praeter
902 3080 978 3141 tilios
993 3080 1164 3153 hominum,
1186 3081 1211 3143 sl

179 3183 271 3262 gratia
293 3182 322 3244 in
343 3182 428 3245 labiis
451 3180 521 3242 tuis.
554 3178 664 3253 Rideo,
686 3179 730 3253 si,
752 3199 840 3259 quem
862 3179 899 3243 ad
920 3181 1027 3244 bellum
1049 3201 1121 3243 ense
1142 3181 1211 3261 cing«

179 3284 216 3345 de
237 3284 473 3364 tempestivitate.
486 3280 601 3344 decoris
624 3289 654 3343 et
672 3281 819 3343 labiorum
840 3284 931 3361 gratia
952 3283 1164 3345 blandiebatur.
1198 3283 1211 3345 l

144 3391 164 3431 ⁵·
179 3383 377 3463 subiungens,
410 3384 447 3444 Et
473 3382 595 3445 extends
622 3389 651 3442 et
677 3399 856 3461 prosperare
883 3395 913 3445 et
939 3402 1045 3462 regna,
1080 3384 1187 3446 adiecit

178 3484 328 3546 veritatem
351 3492 381 3544 et
401 3484 549 3545 lenitatem
571 3490 601 3544 et
622 3481 771 3544 iustitiam.
806 3484 880 3557 Quis
903 3484 982 3545 enim
996 3485 1085 3548 'haec
1106 3504 1177 3547 ense
1197 3503 1211 3547 n

178 3595 241 3660 tur,
264 3596 295 3648 et
315 3603 375 3646 non
398 3583 543 3645 contraria
564 3582 697 3664 'potius
724 3583 825 3646 dolum
847 3597 877 3646 et
897 3587 1083 3666 asperitatem
1105 3595 1134 3648 et
1155 3586 1211 3649 inin

176 3687 297 3766 propria
319 3685 430 3747 scilicet
455 3686 571 3766 negotia
598 3684 803 3767 proeliorum?
846 3687 1001 3749 Videamus
1029 3706 1100 3768 ergo
1127 3706 1163 3750 an
1191 3688 1211 3750 a]

178 3787 260 3848 ensis
281 3786 347 3861 ille,
369 3787 451 3849 cuius
473 3787 547 3849 alius
569 3793 616 3848 est
636 3794 728 3848 actus.
760 3787 833 3849 Nam
856 3797 885 3850 et
899 3789 1053 3869 apostolus
1069 3789 1211 3851 loannes}

142 3892 162 3932 ⁵·
176 3888 285 3969 calypsi
306 3907 409 3949 ensem
430 3888 572 3950 describit
598 3906 634 3949 ex
654 3907 707 3950 ore
728 3889 775 3951 dei
796 3890 990 3969 prodeuntem
1013 3890 1059 3951 his
1082 3900 1211 3965 emtum,

175 3998 308 4064 acutum,
339 4009 427 4069 quem
454 3989 584 4069 intellegi
610 3998 729 4070 oportet
755 4010 924 4054 sermonem
952 3992 1098 4067 divinum,
1131 3992 1178 4054 bis
1205 4010 1211 4054 t

174 4090 289 4153 duobus
312 4092 493 4153 testamentis
514 4091 588 4171 legis
610 4099 640 4153 et
665 4092 822 4171 evangelii,
855 4102 972 4156 acutum
998 4093 1157 4179 sapientia,
1190 4092 1211 4154 ir

173 4244 213 4295 22.
231 4245 333 4296 Chetaea
351 4263 371 4296 a.
423 4243 462 4293 23.
481 4244 659 4307 intellegeretur
674 4246 717 4298 All.

240 4314 297 4378 Cap.
315 4313 371 4363 xlv.
413 4313 435 4362 l.
453 4327 534 4362 ensem
553 4317 574 4364 b.
626 4312 727 4364 enses
744 4329 801 4363 ense
820 4315 851 4376 d,
870 4314 933 4365 Folo.
951 4316 1054 4365 llrrioue.
1096 4329 1123 4363 ea
1141 4327 1199 4364 ense

174 4380 198 4432 3.
215 4382 296 4447 potins
314 4382 404 4431 lenitati
422 4389 446 4430 et
463 4381 574 4442 iussitire,
591 4380 673 4430 dolum
691 4383 728 4433 ed.

207 4484 229 4532 t.
247 4473 337 4549 elogio]
356 4481 724 4534 bebecroeabnloadnotatnm
775 4478 952 4548 interpretatio]
978 4485 1015 4536 Cl.
1034 4499 1088 4536 cnm
1110 4491 1161 4535 toto
1188 4482 1211 4533 bt

174 4559 211 4602 est
228 4551 258 4601 ed
276 4552 309 4603 be
327 4552 421 4602 Corone
441 4551 527 4614 ceph.
775 4550 863 4616 caph.
882 4551 936 4602 libri
956 4552 1044 4603 Contra
1061 4553 1173 4606 ledaeos.

208 4619 264 4684 Cap.
283 4619 339 4670 xtt.
373 4635 394 4670 e.
413 4617 564 4671 Adiuvabitur
574 4619 633 4670 baec
641 4626 723 4669 noatn
