3242 5775
315 609 379 674 476
567 589 678 672 numni
691 586 1013 679 caninii-uouemus
1034 619 1234 663 susurnam

315 783 364 838 est
384 788 454 834 esse
474 762 590 847 aliquid
605 768 751 848 ’'origine
771 767 977 847 ”generosius
993 776 1023 830 et
1037 768 1238 831 demutatione
1253 768 1375 831 felicius⁴

315 882 346 937 ct
367 869 470 934 aurum
493 878 587 944 terra,
620 870 687 949 quia
721 870 758 931 de
792 878 890 943 term
922 868 1082 930 hacteuus·
1111 877 1209 931 nmen
1239 877 1334 943 mira,
1366 888 1375 931 ι

315 990 435 1045 aurum,
457 970 546 1050 longe
567 970 623 1032 alia
645 970 782 1045 materia,
805 969 992 1050 splendidior
1013 979 1101 1049 atque
1124 969 1255 1031 nobilior
1277 971 1314 1031 de
1335 970 1375 1032 ”a

315 1075 392 1137 tiore
408 1072 539 1154 matrice.
571 1071 614 1132 lta
637 1081 668 1132 et
689 1072 745 1134 deo
767 1071 851 1132 licuit
872 1072 970 1133 caruis
992 1089 1096 1132 aurum
1119 1072 1156 1132 dc
1171 1071 1243 1145 limi,
1267 1071 1374 1151 quibus

318 1166 459 1238 sordibus
481 1172 649 1234 ”excusato
671 1170 781 1234 censu*
801 1172 959 1251 eliquasse.

192 1292 298 1351 captu.
402 1274 477 1337 ¹Sed
500 1273 621 1335 dilutior
648 1273 782 1335 videatur
808 1272 969 1334 auctoritas
998 1272 1110 1345 carriis,
1144 1272 1212 1351 quia
1246 1291 1308 1334 non
1336 1283 1366 1334 et

314 1378 436 1459 proprie
458 1393 564 1436 manus
586 1373 683 1435 divina
706 1373 855 1447 tractauit,
878 1372 964 1434 sicuti
985 1372 1098 1434 limum.
1132 1371 1275 1446 'Quando
1291 1375 1321 1435 in
1337 1375 1375 1435 bo

246 1542 248 1546 ,
316 1478 404 1540 ctavit
424 1477 544 1547 limum,
578 1483 611 1536 ut
638 1474 832 1553 postmodum
859 1491 927 1533 οπο
957 1473 1042 1533 lieret
1070 1492 1105 1533 ex
1126 1472 1215 1547 limo,
1249 1474 1365 1536 ⁴carnis

316 1578 468 1658 negotium
498 1576 602 1654 gessit.
657 1575 716 1637 Sed
745 1574 842 1635 adbuc
869 1572 955 1634 velim
988 1572 1086 1634 discas
1119 1573 1255 1653 ⁸quando
1287 1587 1317 1636 et
1338 1581 1375 1655 du

314 1698 383 1742 caru
405 1676 559 1738 ‘lloruerit
581 1695 616 1737 cx
638 1675 721 1738 limo.
757 1674 860 1753 Neque
877 1674 965 1746 enim,
988 1683 1021 1735 ut
1036 1673 1153 1753 quidam
1169 1675 1282 1750 volunt,
1305 1676 1371 1738 illae

257 1779 263 1785 '
290 1798 292 1801 ·
313 1781 405 1843 lieeae
427 1778 572 1850 tunicae·,
594 1794 669 1856 quas
683 1776 775 1837 Adam
798 1784 829 1835 et
843 1774 901 1836 Eva
916 1775 1085 1854 paradisum
1101 1775 1181 1836 eruti
1195 1776 1367 1852 induerunt,

222 1903 227 1914 ·
314 1888 400 1943 erunt
420 1878 519 1940 carnis
542 1896 577 1938 ex
599 1876 669 1938 limo
692 1876 882 1949 reformatio,
905 1887 971 1936 eum
994 1875 1144 1955 aliquanto
1158 1877 1243 1955 prius
1262 1879 1375 1940 etddar

173 1979 440 2057 antinomatice
469 1997 542 2039 suae
571 1978 722 2039 traducem
751 1976 781 2038 in
804 1974 929 2038 'lamina
957 1976 1015 2036 iam
1045 1995 1163 2037 carnem
1186 1980 1375 2057 recognoven'

313 2098 393 2143 nunc
415 2098 450 2139 os
473 2098 508 2139 cx
531 2077 653 2139 ossibus
676 2078 762 2151 meis,
786 2085 816 2138 et
836 2094 906 2139 caro
929 2096 963 2137 ex
986 2096 1074 2138 earne
1096 2086 1185 2151 mea),
1208 2079 1325 2159 etipsa
1349 2081 1375 2140 di

315 2180 438 2244 masculi
461 2180 491 2240 in
513 2179 653 2241 feminam
669 2196 757 2239 carne
771 2177 908 2258 suppleta
924 2177 978 2252 sit,
1000 2177 1089 2250 limo,
1112 2178 1236 2259 opinor,
1258 2181 1376 2261 supplet

314 2284 405 2345 ddum
428 2281 524 2343 adbuc
545 2280 645 2357 limus.
684 2278 884 2341 'Obliteratus
907 2278 997 2357 igitur
1019 2279 1076 2340 '⁰et
1096 2280 1255 2341 devoratus
1278 2291 1325 2342 est
1346 2281 1375 2344 lii

315 2402 443 2445 carnem.
489 2380 639 2454 Quando?
675 2399 741 2443 cum
764 2360 858 2441 lacius
881 2389 927 2441 est
947 2379 1037 2440 bomo
1060 2379 1091 2439 in
1113 2381 1241 2441 animam
1262 2381 1360 2443 uiuam

313 2486 401 2558 flatu,
424 2482 561 2561 ¹¹uapore
583 2481 696 2543 scilicet
716 2481 825 2542 idoneo
849 2490 964 2542 torrere
982 2480 1201 2560 quodammodo
1224 2482 1326 2543 limum
1350 2483 1375 2543 in

313 2584 500 2664 qualitatem,
533 2582 617 2660 quasi
645 2582 676 2642 in
705 2588 826 2656 testam,
860 2580 898 2642 ita
927 2580 958 2640 in
985 2599 1113 2642 carnem.
1160 2581 1236 2643 ¹²Sic
1258 2592 1288 2643 et
1309 2582 1375 2661 tigul

313 2683 445 2763 argillam
468 2689 631 2762 temperato
660 2679 737 2760 ignis
766 2682 876 2744 adflatu
904 2682 935 2743 in
957 2682 1109 2743 materiam
1132 2682 1333 2745 robustiorem
1357 2684 1375 2717 ¹¹

312 2801 421 2867 potare
443 2782 523 2844 ¹³¹’et
543 2782 629 2843 aliam
658 2802 693 2844 ex
720 2782 777 2844 alia
805 2782 978 2861 “stringere
1008 2783 1154 2863 speeiem,
1190 2784 1335 2864 aptiorem
1363 2804 1375 2866 p

165 2895 345 2965 ..πηοί
365 2883 414 2948 sui
435 2884 493 2946 iam
514 2882 633 2963 generis
656 2901 691 2944 ac
711 2881 852 2944 nominis.
895 2881 969 2943 Nam
997 2884 1055 2946 etsi
1083 2875 1310 2971 scriptumest,
1341 2886 1375 2950 Νι

314 2984 415 3065 argilla
437 2983 543 3046 ¹‘dicet
564 2981 678 3061 figulo?
699 2982 729 3044 id
752 2991 800 3045 est
820 2983 910 3043 bomo
930 2983 1002 3057 deu,
1026 2985 1081 3046 etsi
1098 2987 1269 3067 apostolus,
1291 2987 1324 3049 ln
1341 2996 1375 3050 te

313 3086 364 3159 ait,
386 3083 524 3158 vasculis,
548 3091 646 3145 tamen
662 3091 692 3145 et
705 3083 806 3163 argilla
821 3083 924 3157 bomo,
948 3084 1016 3164 quia
1038 3085 1126 3149 limus
1148 3095 1234 3162 ante3
1257 3096 1288 3150 et
1310 3098 1375 3151 test

314 3186 383 3268 quia
406 3205 441 3247 ex
463 3184 535 3246 limo
556 3203 612 3265 per
633 3185 757 3248 adflatus
779 3183 897 3246 “divini
913 3204 1069 3265 vaporem,
1092 3206 1178 3266 quam
1194 3199 1298 3268 postea
1322 3189 1375 3271 ¹⁷p‹

315 3287 447 3360 tunicae,
472 3286 530 3348 ¹‘id
552 3295 600 3347 est
620 3294 704 3348 cutes
728 3286 954 3367 superductaei,
983 3287 1155 3350 vestierunt
1211 3288 1312 3369 Usque
1340 3290 1375 3351 ad

314 3387 477 3452 detraxeris
499 3395 613 3462 cutem,
637 3386 795 3449 nudaveris
819 3405 947 3448 carnem.
991 3388 1034 3449 lta
1056 3389 1136 3468 quod
1157 3389 1248 3451 bodie
1269 3390 1375 3471 spolitu

314 3541 355 3593 24.
374 3542 397 3590 in
416 3539 510 3601 origiue
527 3541 587 3592 liber
603 3541 698 3590 Pitheci.
745 3538 845 3602 originis
864 3542 889 3590 A.
948 3538 989 3590 25.
1007 3540 1175 3602 inganerosioa
1195 3543 1375 3609 Geapsnuppii

314 3608 481 3659 obsoletiore
497 3607 575 3663 Adde.
593 3614 640 3659 tres
661 3607 771 3657 Votksm.
824 3606 865 3657 nt.
884 3609 1073 3658 esurierunt.
1092 3610 1271 3660 tralaticium.
1369 3635 1375 3644 =

381 3677 441 3738 Cap.
458 3674 506 3725 Vll.
545 3675 565 3724 l.
584 3675 632 3724 Sed
650 3689 680 3724 ne
698 3675 797 3724 dilutior
814 3676 852 3724 ui.
905 3673 929 3723 2.
948 3675 1005 3752 qaid
1022 3678 1048 3725 Δ.
1098 3675 1122 3725 3.
1140 3678 1276 3757 tractaverit
1293 3678 1338 3728 ΑΒ.
1374 3748 1375 3754 1

312 3743 401 3874 att„
415 3742 631 3884 auertet
640 3740 861 3887 eluunt:
880 3741 975 3859 tet
985 3744 1017 3858 l:
1029 3743 1375 3863 tintinnabant

313 3878 418 3925 letinae
435 3887 482 3924 tam
501 3889 574 3925 arne
590 3877 685 3941 seipsi.
727 3875 752 3926 9.
771 3874 920 3926 obliteratur
938 3877 960 3926 i.
1003 3875 1042 3926 tu.
1060 3878 1237 3943 detentusque
1252 3881 1279 3929 A.
1326 3879 1367 3931 ll.

312 3943 406 3994 seilicet
423 3950 447 3992 et
465 3941 553 3991 idoneo
570 3942 646 3992 ants.
665 3945 717 3992 cod·
734 3944 831 3994 names:
895 3941 934 3993 li.
953 3943 974 3992 si
993 3951 1016 3993 ct
1032 3946 1071 3995 Δ.·
1120 3943 1159 3994 li.
1179 3947 1337 4010 incorporare
1355 3947 1374 3997 B

313 4019 337 4060 et
353 4011 378 4060 in
397 4008 468 4057 aliam
488 4010 555 4072 desp.
568 4009 699 4074 Scioppius.
753 4008 793 4059 tt.
811 4009 930 4071 stringere
948 4010 1024 4061 anea.
1043 4018 1089 4061 tres
1103 4013 1213 4064 Vaticani.
1249 4014 1341 4075 ungere
1360 4016 1375 4065 l

312 4077 483 4194 matzil-Bisa
506 4077 615 4128 idiensi.
669 4076 708 4126 ld.
732 4077 824 4127 domiai
842 4077 867 4125 d.
928 4076 967 4127 l‘i.
991 4077 1103 4141 pelliciae
1120 4080 1147 4130 B.
1194 4080 1282 4146 pellice
1298 4083 1325 4132 l.

312 4158 342 4193 ω
433 4177 441 4192 .
480 4154 483 4163 ,

345 4291 367 4327 e.
391 4277 506 4326 bactcnas
547 4276 598 4326 lluc
620 4283 658 4326 cst
685 4291 733 4326 non
759 4276 874 4342 amplius,
926 4277 960 4328 lle
978 4279 1050 4328 uerbo
1069 4282 1180 4345 eliquare,
1205 4281 1226 4330 si
1250 4289 1288 4331 est
1305 4282 1375 4341 tanti,

312 4357 361 4394 uun
386 4344 457 4393 ultra.
520 4344 537 4393 l.
562 4359 625 4408 quae
648 4343 758 4394 adnotari
784 4344 815 4394 ad
840 4344 874 4393 tte
925 4353 1013 4410 terprr.
1032 4346 1062 4395 ad
1079 4348 1150 4412 Apul.
1169 4347 1263 4398 lietsrn.
1280 4347 1358 4408 Lib.

310 4409 409 4461 tabeat.
428 4410 511 4461 Castit.
529 4425 583 4474 eap.
595 4412 619 4461 1.
669 4453 674 4461 .
960 4412 1019 4476 Cap.
1037 4413 1084 4462 Vll.
1125 4431 1147 4464 a.
1173 4415 1290 4480 pelliceae
1314 4416 1375 4467 tnnit

345 4479 362 4526 l.
380 4478 411 4526 de
429 4476 479 4526 limi
490 4502 522 4513 -
532 4477 647 4527 sordibus
661 4484 774 4528 excusatu
786 4474 873 4540 censu]
925 4478 981 4529 dds.
1000 4480 1116 4532 valentin.
1135 4497 1189 4548 cap.
1201 4484 1223 4535 l.
1267 4483 1375 4548 Carpite

310 4543 339 4593 ld
355 4551 394 4594 cst
410 4552 521 4606 purgato,
539 4544 649 4595 liberato.
671 4545 698 4594 V.
716 4558 778 4609 qaae
796 4545 874 4595 adnu-
924 4546 1111 4599 Valentinianos.

310 4611 356 4661 tasi
375 4611 406 4661 de
423 4612 487 4660 serbi
506 4627 618 4663 acuam
641 4613 688 4662 buc
711 4627 756 4661 usu
781 4613 811 4662 ad
831 4612 873 4662 lib.
958 4613 981 4662 b.
1007 4624 1074 4665 cutes
1103 4614 1276 4681 superductae]
1301 4617 1375 4682 itaquo

309 4679 366 4729 dds.
385 4679 499 4740 Hermos.
517 4694 570 4742 cap.
583 4678 622 4729 tu.
654 4680 750 4730 θιιιιιιιιι
767 4678 817 4729 limi
837 4679 874 4729 di·
925 4681 988 4730 mius
1005 4683 1122 4746 pelliceas
1140 4685 1233 4735 tunicas
1251 4692 1319 4735 cutes
1337 4686 1375 4735 lui.

309 4746 350 4806 cit,
374 4746 492 4819 originem
516 4745 547 4795 de
572 4745 639 4806 limo,
663 4747 711 4797 ie.
730 4747 873 4810 originalem
923 4755 970 4806 sat,
989 4763 1046 4812 non,
1064 4759 1091 4801 nt
1100 4751 1266 4813 Valentiniani,
1284 4767 1375 4804 caraea

311 4812 362 4863 limi
372 4813 505 4863 materiam.
529 4812 566 4863 Cl.
575 4813 606 4864 ad
618 4812 653 4863 lle
661 4813 756 4864 Corona
770 4829 823 4879 cap.
834 4813 872 4865 ta.
923 4815 1032 4878 (Rigalt.)
