3242 5775
583 618 623 661 os
643 618 889 663 usmnscrtomt
912 620 1025 665 mertis.
1213 602 1215 607 ’
1330 610 1394 676 469
1427 636 1429 639 ’

213 763 303 825 aliter
325 763 486 843 disponere
508 766 617 841 coacti,
640 784 678 827 ne
699 766 860 829 ‘creatoris
882 768 1058 844 'habeatur,
1081 770 1111 832 in
1125 770 1191 851 ipsa
1204 772 1288 852 prins
1304 792 1394 838 cerne

216 865 280 926 eius
303 873 494 939 erraverunt,
528 874 579 928 aut
600 866 710 928 nuttios
732 867 864 929 veritatis
893 871 1106 934 contendentes
1134 890 1198 935 eam
1228 874 1393 937 secundum
1451 911 1453 915 ·

216 963 395 1025 Marcionem
412 975 442 1027 et
455 964 639 1039 ‘Rasitidem
663 976 713 1029 aut
734 968 873 1048 propriae
896 970 1042 1047 qualitatis
1065 972 1228 1034 secundum
1250 972 1391 1038 haereses

218 1064 379 1126 'Valentini
402 1074 432 1126 et
453 1064 600 1144 ‘Apellen
633 1067 728 1146 Atque
750 1067 789 1128 ito
812 1069 947 1148 sequitur
967 1077 1001 1131 ut
1022 1071 1147 1133 salutem
1170 1072 1391 1136 eim'substen-
1468 1067 1475 1076 ’

222 1166 272 1226 tiae
293 1164 451 1227 excludant
472 1166 557 1227 cuius
572 1166 723 1227 Christum
738 1167 926 1230 ⁹consortem
943 1178 1065 1249 negant,
1088 1171 1161 1232 certi
1173 1171 1255 1234 iilam
1273 1192 1390 1235 summo

222 1266 397 1343 praeiudicio
420 1255 652 1328 resurrectionis
675 1251 917 1341 instructam,‘si
940 1272 997 1331 iam
1017 1271 1047 1331 in
1064 1270 1183 1332 Christo
1200 1272 1393 1336 ¹⁰resurroxit

226 1382 294 1426 saro.
344 1366 506 1445 Propterea
536 1377 562 1427 et
592 1386 648 1429 nos
676 1368 814 1429 volumen
842 1353 1059 1447 praemisimus
1079 1390 1117 1432 ns
1146 1391 1239 1434 canus
1262 1391 1390 1448 conrsrr,

228 1484 276 1543 quo
298 1484 362 1527 eam
386 1475 416 1527 et
436 1468 562 1528 solidam
584 1468 745 1548 probamus
768 1468 951 1530 “adversum
966 1470 1179 1549 phantasmatis
1195 1471 1390 1547 ''vanitatem

230 1573 253 1625 et
278 1566 434 1628 humanam
471 1567 652 1629 vindicamus
685 1569 830 1629 adversus
862 1569 1010 1648 qualitatis
1041 1571 1272 1650 proprietatem,
1305 1572 1389 1634 cuius

233 1662 375 1727 ”conditio
392 1667 542 1728 Christum
565 1677 595 1729 et
617 1668 767 1730 bominem
792 1678 821 1730 et
835 1670 926 1730 sitium
943 1670 1072 1731 hominis
1089 1671 1287 1750 inscripserit.
1315 1672 1389 1734 Car-

233 1781 303 1827 neum
326 1766 404 1827 enim
427 1776 515 1846 atque
538 1787 715 1848 corporeum
738 1768 900 1848 probantes
923 1787 989 1830 eum
1009 1769 1135 1848 proinde
1158 1780 1188 1830 et
1213 1770 1389 1834 obducimus

233 1867 462 1942 praescribendo·
487 1868 598 1930 nuttum
621 1869 710 1930 atium
741 1869 919 1930 credendum
949 1870 1037 1931 deum
1065 1879 1184 1950 praeter
1213 1878 1389 1944 creatorem,

236 1964 288 2027 dnm
308 1970 394 2030 tatem
418 1969 602 2031 ostendimus
625 1969 793 2042 Christum,
824 1970 853 2030 in
877 1989 936 2048 quo
959 1969 1152 2031 “dinoscitur
1173 1970 1263 2045 deus,
1292 1970 1387 2051 qualis

236 2068 400 2158 promittitur
422 2088 438 2130 a
461 2080 605 2131 creatore.
656 2070 783 2130 Obducti
811 2069 919 2130 dehinc
946 2068 983 2129 de
1012 2069 1067 2131 deo
1097 2071 1194 2132 carnis
1216 2079 1337 2134 auctore
1358 2078 1389 2134 et

235 2164 262 2225 de
278 2168 393 2230 Christo
416 2170 514 2232 earnis
536 2170 725 2249 redemptore
746 2171 803 2230 iam
827 2180 855 2232 et
878 2171 915 2230 de
936 2169 1158 2232 resurrectione
1173 2171 1270 2233 carnis
1285 2171 1388 2234 revin-
1495 2243 1515 2249 Μ

235 2276 327 2330 nentur.
362 2269 568 2348 Congruenter
590 2271 739 2332 ¹⁶scitieet.
777 2271 815 2331 Et
836 2268 912 2332 hoc*
934 2271 1026 2330 terme
1049 2269 1167 2331 ¹⁸modo
1190 2270 1316 2333 dicimus
1337 2272 1390 2334 inq

217 2358 338 2430 'uiuam
368 2389 434 2431 cum
463 2370 619 2431 haereticis
648 2372 909 2452 disceptationem,
955 2369 1029 2431 Nam
1058 2379 1088 2431 et
1118 2370 1192 2431 ordo
1224 2389 1344 2450 semper
1370 2388 1389 2432 a

233 2467 425 2555 principatibus
448 2471 553 2548 deduci
576 2472 726 2552 exposcit,
750 2481 783 2533 ut
804 2472 840 2532 de
863 2472 929 2551 ipso
952 2470 1036 2550 prius
1059 2478 1177 2550 constet
1197 2489 1289 2550 aquo
1304 2470 1388 2533 dica·

234 2574 269 2629 tur
286 2570 462 2650 dispositum
485 2573 653 2650 essequod
683 2573 844 2650 quaeritur.
881 2572 1001 2649 ‘Atque
1022 2571 1101 2640 adeo,
1125 2578 1155 2632 et
1181 2569 1323 2634 baeretici
1353 2588 1389 2632 ox

232 2671 393 2733 conscientia
416 2672 595 2733 infirmitatis
612 2690 761 2750 nunquam
778 2672 928 2732 ordinarie
944 2680 1078 2732 tractant.
1108 2669 1188 2732 Certi
1204 2669 1283 2761 eqim
1298 2688 1387 2751 quam

232 2766 378 2833 “laborent
399 2772 430 2833 in
452 2772 573 2832 atterius
596 2772 757 2833 divinitatis
786 2772 984 2833 insinuatione
1006 2770 1150 2833 adversus
1173 2770 1260 2836 deum
1284 2768 1387 2833 mundi

229 2872 350 2935 omnibus
374 2870 545 2934 naturaliter
567 2882 669 2934 notum
692 2872 729 2934 de
751 2873 932 2934 testimoniis
954 2891 1096 2952 operum,
1126 2879 1207 2933 certe
1229 2878 1260 2933 et
1281 2871 1312 2932 in
1335 2888 1387 2933 sa·

229 2975 370 3036 canentis
392 2975 523 3053 priorem
547 2984 576 3035 et
600 2974 656 3034 ¹⁸in
678 2974 949 3052 praedicationibus
972 2972 1224 3046 manifestiorem,
1248 2971 1305 3033 sub
1328 2969 1386 3032 ob-

228 3080 294 3136 tentu
316 3074 403 3156 qussi
426 3073 605 3153 urgentioris
627 3094 749 3146 causae,
775 3075 830 3136 ¹⁹id
855 3085 900 3134 est
924 3074 1017 3154 ipsius
1034 3074 1180 3135 humanae
1202 3072 1305 3134 salutis
1321 3079 1390 3133 ante

227 3176 310 3237 omnia
331 3175 571 3254 ”requirendam
595 3194 611 3235 a
634 3175 860 3253 quaestionibus
883 3173 1112 3264 resurrectionis
1135 3170 1297 3251 incipiunt,
1320 3170 1389 3250 quia

226 3274 325 3337 durius'
345 3276 478 3337 creditur
506 3275 686 3335 resurrectio
716 3275 814 3334 carnis
843 3291 930 3351 quem
958 3290 1016 3332 una
1045 3271 1199 3342 divinitas3
1234 3277 1321 3349 atque
1349 3269 1389 3331 ita

227 3382 366 3442 tnctatum
389 3374 500 3437 viribus
524 3375 637 3434 ordinis
661 3373 707 3433 sui
737 3373 908 3433 destitutum
932 3379 963 3432 et
982 3368 1130 3447 scruputis
1152 3367 1252 3446 potius
1279 3383 1388 3427 onera-

226 3481 291 3551 tum,
313 3477 334 3509 '¹
343 3476 577 3555 depretiantibus
601 3492 736 3543 carnem,
759 3473 897 3550 paulatim
913 3471 977 3531 ”ad
993 3470 1116 3530 atterius
1132 3465 1293 3553 divinitatis
1308 3471 1388 3524 tem-

225 3587 317 3653 perant
338 3596 463 3639 sensum
486 3596 521 3637 ex
543 3578 607 3654 ipsa
631 3575 695 3653 spei
718 3572 915 3633 concussione
944 3579 974 3632 et
995 3566 1206 3633 demutatione.
1248 3563 1388 3625 lieiectus
1446 3577 1467 3625 ,¹

225 3726 373 3780 herestoris
390 3731 475 3792 ompd,
497 3730 560 3777 Fotr.
575 3729 680 3776 Ursinus,
721 3727 802 3775 Probus
827 3726 889 3774 curis
913 3724 1021 3773 recondis
1039 3718 1113 3769 Nicot.
1131 3716 1252 3778 hipottius.
1293 3721 1389 3793 creator

226 3800 292 3846 omis
308 3799 403 3860 ntiqui,
424 3800 498 3846 'codes
516 3798 603 3844 iithoei
621 3802 641 3842 et
660 3796 766 3843 tuerent.
820 3792 843 3841 5.
863 3785 1198 3839 ostentationemque.
1257 3781 1282 3831 b.
1300 3780 1389 3831 Basib-

226 3861 269 3912 den
284 3867 310 3915 1.
363 3863 631 3913 hdet'atentinittt.
685 3861 707 3909 8.
728 3860 852 3923 Appettem
871 3861 897 3908 1.
932 3854 1049 3918 ΑρροΙΙοιι
1066 3853 1092 3901 B.
1143 3849 1167 3899 11.
1186 3857 1324 3928 consortem
1343 3862 1388 3897 ne-

226 3939 271 3988 ttot
286 3933 363 3991 rhed„
384 3932 412 3980 de
429 3933 497 3981 tibris
517 3932 636 3991 Gortqneii.
672 3936 760 3987 negent
777 3927 871 3989 reliqui,
892 3933 913 3972 et
931 3924 1038 3972 haerent.
1093 3916 1132 3968 111.
1151 3923 1283 3966 resurrexit
1299 3915 1389 3996 ddisti.

226 3996 320 4048 dasem.
356 4000 516 4047 resurrexerit
536 3998 574 4045 Co.
620 3996 657 4043 11.
677 3996 791 4043 edversus
808 3994 852 4042 Ao.
895 3988 932 4039 12.
950 3986 1169 4045 νεηίιιιεωδαδά.,
1189 3983 1388 4061 daromam

224 4066 421 4115 etinimdlrsinus.
458 4065 600 4113 nativitatem
620 4063 663 4112 tu.
682 4069 728 4110 tres
741 4060 851 4118 Vaticani,
872 4064 892 4107 et
910 4058 1017 4105 inurent.
1061 4052 1099 4103 13.
1119 4058 1156 4128 ert
1170 4050 1243 4100 editio
1253 4050 1278 4101 B.
1314 4049 1388 4099 edttto

225 4133 392 4182 contuierat.
435 4132 539 4179 addictio
565 4132 670 4179 Laurens.
732 4128 770 4175 14.
794 4125 944 4187 dignoscitur
962 4124 984 4170 d.
1047 4120 1085 4169 tb.
1109 4117 1211 4183 auticet.
1241 4118 1271 4167 Et
1293 4116 1341 4194 boc
1364 4116 1388 4166 d.

224 4199 306 4249 reiticet
324 4200 372 4249 hoc
390 4200 428 4248 Fr.
439 4201 526 4247 iunius.
568 4197 661 4244 sctttcet
679 4203 702 4242 et
720 4195 749 4242 de
768 4193 814 4241 deo
832 4200 930 4240 anctore
948 4188 1027 4237 carnis
1046 4195 1069 4236 et
1087 4185 1116 4234 de
1135 4183 1231 4234 Christo
1249 4197 1329 4261 cernis
1347 4197 1388 4260 re-

223 4265 347 4329 tempure.
375 4267 426 4316 ttoc
443 4266 546 4315 ABCetc.
565 4265 670 4312 tuerent.
732 4260 771 4308 td.
795 4260 898 4308 dicimur
922 4255 1049 4305 ineundam
1075 4251 1148 4302 modo
1165 4253 1190 4300 t.
1227 4250 1336 4329 'dromos
1363 4263 1387 4298 rn

222 4336 357 4384 enodem
394 4334 496 4382 dicimus
516 4333 538 4379 tn
558 4331 658 4378 eandem
677 4328 702 4376 B.
757 4326 795 4375 11.
816 4323 986 4375 laborantdtt.
1007 4323 1114 4371 tuerent.
1167 4317 1208 4368 18.
1227 4317 1388 4393 tnosebou·

220 4409 272 4450 mt.
316 4400 356 4451 19.
375 4401 411 4449 tet
430 4401 506 4462 ipsius
524 4399 567 4447 ΑΒ.
620 4394 660 4444 21).
679 4394 823 4459 requirenda
842 4409 869 4442 ea
888 4389 1070 4457 quaestionibus
1088 4403 1147 4450 emp.
1189 4383 1230 4435 21.
1249 4384 1388 4461 depretion-

221 4468 279 4517 tibrs
301 4481 398 4518 carnem
424 4468 491 4515 obed.
535 4463 711 4527 deprecistibns
736 4462 816 4511 cernis
838 4462 899 4511 ABG.
924 4459 1030 4507 Lourest.
1091 4452 1134 4504 22.
1157 4451 1187 4502 ad
1212 4451 1312 4502 alterins
1336 4450 1387 4499 obe.

219 4535 314 4585 atterius
331 4537 426 4599 retiqui.
445 4535 551 4582 tuerent.

247 4685 269 4718 c
287 4668 432 4718 obducimus
448 4660 648 4730 praescribendo]
661 4663 776 4712 [tererbo
863 4661 887 4710 d.
905 4658 1004 4708 scilieet
1029 4657 1058 4706 Et
1076 4650 1134 4722 hoc]
1154 4651 1289 4727 ieiunius¹
1303 4645 1389 4696 distin·
1440 4722 1443 4727 .

215 4738 328 4787 obducere
346 4736 377 4785 ct.
396 4734 487 4783 adnott.
508 4734 536 4780 ad
555 4732 655 4794 tpotog.
675 4730 777 4793 capiti.
830 4727 880 4788 quit
897 4734 921 4777 et
937 4725 1022 4775 scribit
1039 4712 1224 4786 „Congruenter
1237 4715 1330 4769 sotice
1342 4712 1391 4761 hoe
1436 4752 1439 4756 .

214 4812 238 4853 et
250 4804 281 4853 de
287 4804 448 4869 praescribere
461 4802 517 4850 adn.
531 4800 559 4848 ad
569 4799 669 4862 ttpotog.
688 4813 741 4861 cap.
753 4797 778 4846 t.
830 4798 907 4846 terme
926 4793 998 4843 modo
1016 4806 1071 4857 sqq.
