3242 5775
583 641 729 690 novemus
750 641 893 690 nnuma.
1247 627 1314 712 ,dib

157 796 228 857 cbas
252 805 281 855 et
302 793 471 872 prophetas,
493 791 662 865 invisione,
684 791 715 856 iu
729 791 875 866 'somnio
897 791 926 854 in
942 792 1074 872 speculo,
1095 792 1126 854 in
1143 792 1314 873 aenigmate,
1405 817 1408 821 “

159 897 294 957 ordinem
312 914 401 965 ¹suum
424 902 613 975 praestruens
636 893 672 955 ab
694 893 778 955 initio
801 913 919 980 semper
940 893 1044 975 'quein
1065 901 1129 958 erat
1141 901 1315 976 persecutu-
1340 917 1345 928 ,

158 1017 211 1060 rus
234 997 264 1057 in
286 998 383 1058 linem.
428 997 469 1061 lta
493 1014 611 1075 semper
632 994 798 1056 ediscebat·
820 1004 850 1057 et
871 995 943 1057 deus
965 977 1002 1056 in'
1020 994 1108 1058 terris
1131 1014 1196 1058 cum
1217 994 1315 1058 bomi-

158 1099 246 1160 nibus
275 1097 458 1172 conversari,
488 1096 662 1158 ⁹n0na1ius
686 1115 773 1176 quam
793 1115 908 1170 sermo,
939 1096 988 1176 qui
1017 1115 1084 1161 uero
1106 1106 1169 1160 erat
1187 1098 1315 1160 tuemur.

159 1199 316 1260 Ediscebat
338 1207 452 1273 autem,
481 1207 514 1260 ut
535 1198 622 1259 nobis
643 1197 729 1260 fidem
754 1204 916 1271 sterneret,
944 1206 978 1258 ut
998 1196 1108 1260 facilius
1129 1197 1316 1260 crederemus

161 1302 250 1362 filiurn
274 1300 319 1360 dei
343 1299 532 1361 descendisse
553 1300 584 1359 in
606 1298 770 1373 sacculum,
793 1298 847 1360 ¹⁰si
867 1306 896 1360 et
911 1307 992 1364 retro
1014 1299 1071 1362 tale
1093 1298 1189 1380 “quid
1203 1306 1317 1379 gestum

159 1420 416 1480 cognosceremus.
459 1401 585 1483 Propter
605 1419 662 1462 nos
683 1400 761 1462 enim
783 1400 860 1461 sicut
882 1400 990 1486 scripta
1012 1408 1097 1475 sunt,
1124 1400 1163 1461 ita
1185 1409 1214 1462 et
1234 1409 1317 1480 gesta

159 1511 245 1575 sunt,
273 1504 302 1562 in
325 1521 399 1581 quos
422 1521 559 1564 aevorum
582 1502 656 1563 fines
680 1500 945 1564 ”decucurrerunt
995 1501 1044 1564 Sic
1072 1501 1158 1564 etium
1185 1501 1316 1564 adiectus

160 1607 306 1665 humanos
329 1602 439 1664 sciebat
460 1603 516 1664 iam
540 1612 623 1677 tunc,
647 1611 839 1683 suscepturus
861 1603 948 1664 etiam
962 1602 1042 1684 ipsas
1057 1602 1237 1666 substantias
1257 1603 1317 1665 bo·

159 1705 266 1777 minis,
288 1723 404 1765 carnem
427 1711 457 1764 ct
478 1705 617 1778 animaru,
640 1704 824 1783 interrogans
840 1705 946 1777 Adam,
968 1703 1053 1783 quasi
1071 1702 1240 1779 cerneret,
1261 1703 1316 1766 Ubi
1331 1717 1453 1774 uentus.

159 1826 206 1878 es,
228 1803 342 1866 Adam?
363 1804 516 1884 paenitens
539 1806 616 1887 quod
639 1804 788 1866 hominem
807 1805 936 1878 iecisset,
959 1804 1043 1886 quasi
1058 1822 1117 1868 non
1131 1803 1317 1884 praeseieus3
1330 1820 1449 1873 coevis.

160 1915 307 1985 temptans
331 1905 489 1978 Abrabam,
519 1906 601 1984 quasi
623 1907 761 1986 ignorans
784 1905 854 1986 quid
882 1905 921 1970 sit
948 1905 978 1968 in
1006 1906 1141 1979 homine,
1172 1906 1423 1975 offensus,1c.n,rs

159 2007 364 2069 reconciliatus
394 2007 521 2079 eisdem,
555 2007 631 2068 etsi
654 2026 709 2086 qua
738 2007 876 2069 baeretici
902 2007 1124 2086 adprehendunt
1149 2006 1233 2086 quasi
1261 2006 1316 2069 deu
1408 2030 1411 2036 ·

159 2109 278 2187 indigna
300 2109 336 2170 ad
359 2109 588 2170 destructionem
604 2108 763 2181 creatoris,
785 2108 954 2187 ignorantes
976 2108 1048 2170 baec
1069 2108 1097 2168 in
1120 2108 1212 2176 lilium
1233 2126 1316 2170 corn·

158 2211 289 2291 petisse,
312 2210 361 2288 qui
384 2208 469 2270 etiam
492 2210 648 2287 passiones
669 2209 810 2271 humanas
833 2220 863 2270 et
884 2209 962 2271 sitim
984 2218 1014 2272 et
1028 2209 1156 2272 esuriem
1178 2218 1208 2271 et
1228 2209 1316 2276 lacri-

161 2331 224 2373 mas
247 2320 275 2372 ct
296 2310 388 2390 ipsam
412 2310 588 2372 nativitatem
611 2311 764 2390 ipsamque
785 2318 911 2372 mortem
930 2319 992 2371 erat
1006 2310 1174 2384 subiturus,
1196 2319 1319 2391 propter

160 2414 220 2474 buc
240 2414 401 2473 minoratus
424 2431 441 2476 a
462 2394 544 2491 patre
566 2413 714 2474 modicum
736 2411 834 2474 ¹³citra
856 2411 987 2494 angelos.
1024 2410 1081 2474 Sed
1096 2411 1235 2474 haeretici
1250 2411 1316 2491 qui·
1330 2424 1449 2478 ncvnue.

161 2515 228 2575 dem
250 2533 305 2575 nec
326 2513 385 2573 lilio
409 2514 455 2574 dei
478 2513 658 2591 deputabunt
680 2513 863 2576 ¹⁴convenire
880 2532 954 2593 quae
975 2522 1004 2574 tu
1029 2512 1110 2591 ¹³ipsi
1132 2512 1208 2594 patri
1229 2513 1317 2576 indu·
1478 2495 1480 2506 ’

159 2617 215 2688 cis,
239 2616 321 2695 quasi
344 2615 406 2694 ipse
428 2635 460 2675 se
485 2614 736 2678 ¹⁰deminoraverit
756 2624 879 2697 propter
897 2634 964 2689 nos,
987 2632 1053 2675 cum
1068 2614 1212 2695 scriptura
1229 2612 1317 2676 alium

161 2719 238 2778 dicat
259 2716 294 2778 ab
317 2717 373 2776 alio
396 2716 589 2788 minoratum,
623 2735 682 2776 non
710 2717 808 2796 ipsum
836 2735 852 2776 a
881 2715 1051 2798 semetipso.
1102 2714 1207 2788 ¹⁷Qoiu
1236 2714 1261 2775 si
1289 2724 1319 2777 et

160 2819 253 2892 alius,
285 2818 333 2896 qui
356 2802 550 2879 coronabatur
573 2802 723 2898 ¹⁸gloriam
744 2827 772 2878 et
793 2818 954 2892 honorem,
981 2817 1055 2879 alius
1078 2816 1127 2897 qui
1149 2816 1318 2889 coronabat,

162 2921 262 2998 utique
290 2919 379 2979 lilium
406 2918 512 2998 pater?
559 2919 695 2982 Ceterum
717 2919 801 2999 quale
828 2927 874 2980 est
901 2929 933 2980 ut
966 2919 1039 2980 deus
1063 2918 1249 3000 omnipotens
1271 2918 1318 2981 ille

160 3021 332 3096 invisibilis,
356 3039 442 3100 quem
465 3040 551 3081 nemo
575 3022 646 3082 vidit
666 3022 818 3082 hominum
839 3039 894 3081 nec
917 3019 1041 3081 ¹”videre
1063 3029 1178 3100 potest,
1200 3019 1247 3081 ille
1268 3019 1467 3100 quitrimvrnu

161 3123 393 3183 inaccessibilem
416 3122 508 3183 lucem
532 3122 655 3195 habitat,
683 3123 731 3184 ille
760 3122 808 3201 qui
838 3140 897 3182 non
925 3121 1038 3182 habitat
1064 3121 1093 3181 in
1116 3122 1308 3183 manufactis
1332 3121 1400 3165 libi
1416 3134 1436 3176 t·

1309 3168 1392 3223 ’ΠΕ
1423 3205 1428 3215 .

161 3244 180 3285 a
202 3226 284 3284 cuius
308 3233 464 3302 conspectu
486 3231 563 3284 terra
585 3222 828 3294 ”contremiscib
856 3231 972 3283 montes
1000 3223 1167 3299 liquescunt
1188 3231 1220 3281 ut
1241 3219 1460 3317 oeliissfflpllp

162 3326 213 3405 qni
237 3334 328 3385 totum
352 3324 452 3384 orbem
476 3343 562 3383 manu
584 3322 777 3402 adprehendit
796 3323 876 3382 velut
893 3323 1010 3395 nidum,
1032 3322 1077 3382 cui
1100 3321 1209 3382 caelum
1231 3322 1468 3427 ¹hl0·p¹,‚⁶;⁸jfl¹p}};„

164 3446 220 3487 nus
244 3435 273 3486 et
294 3436 370 3487 terra
394 3426 568 3497 scabellum,
591 3424 700 3503 inquo
723 3424 819 3484 omnis
842 3423 935 3495 locus,
957 3440 1017 3483 nun
1040 3422 1104 3502 ipse
1126 3421 1156 3480 in
1171 3420 1247 3493 loco,
1271 3420 1320 3499 qui

164 3527 363 3588 universitatis
387 3536 515 3586 extrema
536 3525 611 3585 linea
635 3533 696 3598 est,
728 3524 776 3585 ille
803 3522 966 3584 altissimus
1000 3522 1028 3581 in
1050 3520 1187 3600 paradiso
1209 3521 1245 3582 ad
1266 3541 1318 3581 ve·

163 3646 281 3708 speram
304 3627 322 3657 ²¹
332 3626 573 3698 deambulaverit,
603 3644 746 3704 quaerens
767 3624 874 3696 Adam,
903 3633 932 3684 et
954 3640 1049 3683 arcam
1072 3629 1140 3700 post
1167 3621 1318 3687 introitum
1423 3622 1426 3630 '

160 3730 227 3789 Noc
250 3729 402 3801 clauserit,
425 3738 454 3788 et
476 3728 551 3806 apud
564 3726 707 3788 Abraham
730 3726 786 3790 sub
808 3744 916 3806 quercu
932 3722 1171 3803 refrigeraverit⁸,
1194 3722 1319 3802 etiloy-

163 3916 187 3962 Ἰ.
208 3917 301 3963 somnio
321 3917 352 3976 d,
373 3917 435 3964 Folo.
447 3916 549 3963 Ursinus.
585 3927 670 3961 somno
688 3915 779 3978 reliqui,
799 3920 820 3962 et
838 3913 900 3962 leid.
954 3911 978 3962 8.
996 3926 1066 3975 quem
1085 3919 1134 3960 erat
1151 3918 1323 3974 persecuturus

163 3985 188 4031 in
207 3986 286 4031 linem.
315 3983 346 4030 lta
367 3985 398 4043 d,
419 3999 447 4031 ee
465 3984 574 4030 emendet.
594 3983 669 4030 Fuluii
680 3982 763 4030 Ursini.
806 3996 866 4044 quae
883 3982 933 4044 (qui
952 3982 976 4029 Α.
995 3981 1068 4038 leid.)
1086 3986 1135 4027 erut
1152 3986 1321 4041 persecuturus

164 4053 255 4100 infinita
274 4051 359 4101 ABobc.
370 4052 432 4100 Leid.
474 4050 497 4099 9.
518 4064 563 4097 uon
578 4049 638 4098 alius
651 4050 728 4112 potuit
739 4064 809 4113 quem
822 4063 902 4099 sermo
922 4050 966 4109 cd,
987 4064 1015 4096 ec
1032 4048 1205 4111 interpolatione
1221 4047 1320 4095 Pomeiii.

168 4117 206 4165 tu.
225 4121 244 4166 si
264 4127 286 4167 et
304 4122 369 4169 obcd.
406 4119 569 4167 cullibeid.
625 4117 660 4164 ll.
680 4117 743 4179 quod
761 4119 784 4166 Α.
804 4118 867 4165 leid.
912 4113 951 4163 12.
970 4115 1125 4164 decurrerunt
1141 4116 1165 4164 Α.
1208 4113 1245 4162 13.
1263 4113 1319 4177 quid

166 4186 223 4234 eitra
244 4189 275 4246 d,
296 4203 345 4236 eum
363 4187 441 4235 Fuluio
461 4186 549 4234 Ursino.
604 4184 642 4232 14,
661 4184 770 4234 devenire
795 4187 848 4233 edit.
868 4185 1091 4233 Semlerinrendose.
1153 4182 1190 4230 ld.
1209 4181 1320 4244 ipscdd.

167 4256 238 4312 leid„
259 4262 303 4302 tres
326 4257 433 4303 l'oticoni.
498 4253 534 4301 16.
562 4253 631 4300 deum
657 4253 807 4301 minoraverit
829 4254 854 4301 il.
878 4253 941 4302 Leid.
1003 4249 1041 4298 l'l.
1065 4249 1133 4307 Quod
1156 4251 1209 4298 edit.
1228 4250 1322 4298 Senrleri

164 4324 279 4370 mendose.
334 4322 372 4370 18.
391 4322 489 4382 gloriam
509 4329 531 4369 et
550 4321 663 4368 bonorem
682 4321 724 4369 AB.
744 4322 815 4380 teto,
834 4312 967 4378 Putelniuc,
987 4325 1032 4366 tres
1053 4319 1160 4366 Voiicuni.
1198 4315 1274 4389 pluria
1299 4325 1321 4365 et

166 4391 258 4436 bonore
276 4391 341 4438 ubcd.
362 4392 425 4438 Gerr.
481 4388 733 4438 revincuntur.
779 4387 819 4437 20.
839 4385 1006 4436 contremescit
1021 4384 1064 4435 tn.
1108 4383 1147 4432 21.
1166 4383 1321 4433 deambulavit

165 4458 209 4505 AB.
228 4458 291 4505 Leid.
924 4455 928 4475 ¹

201 4606 221 4638 c,
250 4585 381 4654 ediscebat]
412 4582 575 4653 Ἔμελετᾶτο.
621 4589 656 4638 Cl.
688 4590 721 4637 lie
805 4588 827 4637 d.
847 4587 994 4647 interrogans
1012 4585 1083 4635 lldnru
1109 4586 1177 4650 quasi
1200 4580 1320 4649 nesciens]

166 4658 244 4707 Curue
263 4659 317 4706 Cbr.
338 4659 414 4721 capii
439 4673 503 4715 „non
529 4672 581 4707 eum
601 4658 720 4706 Christum
772 4657 796 4706 ll.
815 4655 843 4704 de
862 4655 907 4702 hoc
925 4655 978 4703 loeo
996 4654 1049 4703 ldv.
1070 4653 1139 4704 blare.
1157 4652 1235 4713 turs.

167 4727 320 4789 recipientes,
347 4728 386 4789 qni
405 4728 450 4774 ium
471 4733 518 4772 turn
545 4734 567 4774 et
585 4726 680 4788 adloqui
699 4733 722 4773 et
804 4738 824 4771 e.
852 4717 1035 4787 refrigeraverit]
1064 4723 1098 4770 Gi.
1122 4723 1210 4772 ednott.
1235 4720 1263 4769 ad
1287 4718 1321 4768 Do

166 4792 270 4841 liberare
301 4802 324 4842 et
357 4795 460 4842 iudicare
492 4794 620 4841 homanum
647 4806 721 4854 genus
772 4791 869 4840 Resurr.
889 4790 971 4840 Carnis
990 4788 1091 4853 capbd.

163 4864 281 4913 ediscebat
299 4863 323 4910 in
342 4863 418 4911 carnis
437 4859 535 4910 babirr‘
554 4869 608 4910 cett.

1115 4936 1172 4991 43*
