3242 5775
307 601 379 682 tta
456 595 463 604 ¹
561 633 663 687 oontrt
686 633 819 678 srermt
839 633 1005 678 ruonenrts
1027 633 1224 678 rennuerunt

180 804 294 863 capum.
395 784 474 848 Solis
501 784 570 866 istis
597 784 748 865 capitulis,
780 783 888 865 quibus
916 784 1042 846 maxime
1069 783 1204 846 instructi
1233 783 1305 846 ¹stbi
1338 786 1480 850 ridentur

158 875 161 882 ¹
305 886 453 950 ’Μιναίου
469 894 499 948 et
512 886 645 967 Apelles,
668 885 830 949 secundum
845 886 997 948 veritatem
1013 886 1119 964 integri
1141 894 1172 947 et
1185 886 1350 967 incorrupti
1364 888 1477 952 'eram
1523 962 1526 978 Ι

306 988 375 1069 gelii
395 988 595 1069 interpretatis
618 988 691 1050 satis
714 1006 782 1050 esse
804 987 948 1050 debuerat
968 987 1005 1049 ad
1019 987 1226 1067 probationem
1248 989 1346 1051 carnis
1369 992 1476 1054 huma·

306 1107 363 1153 uae
385 1090 415 1152 iu
438 1090 556 1152 Christo
578 1108 632 1169 per
660 1089 866 1151 defensionem
893 1089 1063 1150 nativitatis.
1115 1090 1173 1150 Sed
1202 1090 1341 1169 quoniam
1370 1102 1401 1155 et
1426 1094 1475 1155 isti

306 1190 478 1271 ‘Apelleiaci
501 1191 598 1253 carnis
620 1190 810 1269 ignominiam
832 1192 1026 1269 praetendunt
1042 1191 1183 1260 maxime,
1206 1210 1292 1270 quam
1315 1193 1419 1255 volunt
1439 1195 1476 1257 ab

251 1339 255 1346 .
306 1292 394 1373 igneo
417 1292 484 1353 'illo
506 1292 662 1372 ‘praeside
684 1292 768 1353 mali·
790 1291 957 1353 sollicitatis
971 1292 1142 1354 ⁷animabus
1158 1293 1354 1355 'adstructam
1377 1304 1408 1357 et
1426 1296 1475 1357 id-

307 1393 386 1457 circo
413 1393 580 1473 ’indignam
603 1394 738 1468 Christo,
773 1402 804 1455 et
830 1393 941 1454 idcirco
969 1394 1005 1454 de
1034 1393 1192 1455 sideribus*
1211 1394 1251 1456 illi
1280 1395 1475 1459 substantiam

307 1496 501 1575 competisse,
534 1495 629 1559 debeo
658 1496 739 1557 ¹⁰eos
772 1495 810 1557 de
839 1513 894 1556 sua
919 1504 1057 1575 paratura
1085 1504 1281 1575 repercutere.
1335 1497 1476 1578 Angelum

309 1596 482 1677 ¹¹quendam
504 1597 636 1660 inclitum
659 1597 812 1659 nominant
834 1596 884 1676 qui
906 1597 1048 1658 mundum
1062 1597 1140 1659 bunc
1155 1598 1315 1660 instituerit
1337 1609 1368 1662 et
1389 1601 1475 1663 iusti·

307 1707 371 1762 tuto
394 1717 431 1761 eo
453 1698 661 1779 paenitentiam
683 1697 892 1776 ¹¹admiserit¹t
925 1698 962 1760 Et
982 1699 1041 1760 hoe
1055 1718 1110 1759 suo
1131 1699 1197 1759 loco
1213 1700 1475 1765 ¹¹¹³tractarimust

306 1800 381 1864 Nem
403 1808 451 1862 est
472 1799 587 1863 ¹'nobis
609 1809 639 1862 et
661 1800 696 1861 ad
719 1800 786 1862 illos
807 1799 939 1874 libellus,
963 1818 1001 1861 an
1023 1800 1072 1879 qui
1094 1801 1229 1880 spiritum
1253 1810 1283 1863 et
1297 1803 1475 1867 voluntatem

308 1911 339 1965 et
359 1902 498 1965 virtutem
517 1902 631 1988 Christi·
653 1901 790 1963 babuerit
816 1901 852 1963 ad
881 1919 915 1962 ea
943 1919 1049 1981 opera,
1086 1901 1206 1980 dignum
1235 1902 1344 1983 aliquid
1372 1906 1475 1985 paeni·

308 2004 400 2066 tentia
422 2002 567 2077 ¹⁴tecerit,
590 2003 685 2065 ”cum
706 2002 842 2083 angelum
865 2001 952 2064 etiam
975 2004 1012 2064 de
1026 2003 1119 2082 ligura
1137 2004 1278 2066 erraticae
1292 2005 1386 2067 ¹‘oris
1402 2007 1475 2069 ”in-

307 2113 515 2187 terpretantur.
564 2105 656 2166 Teste
684 2105 774 2185 igitur
801 2105 982 2184 paenitentia
1016 2104 1196 2166 institutoris
1225 2106 1269 2167 sui
1299 2107 1476 2188 ¹'peccatum

308 2208 366 2270 erit
386 2208 530 2281 mundus,
554 2206 701 2287 siquidem
716 2207 813 2269 omnis
828 2206 1007 2287 paenitentia
1022 2207 1172 2267 consessio
1189 2206 1264 2268 ¹'est
1278 2208 1387 2284 delicti,
1410 2212 1476 2292 quia

307 2310 404 2374 locum
427 2329 487 2372 non
509 2309 598 2371 babet
617 2310 676 2371 nisi
697 2309 728 2370 in
750 2308 868 2370 delicto.
919 2308 950 2369 Si
977 2308 1105 2370 mundus
1134 2308 1271 2371 delictum
1299 2318 1362 2385 est,
1393 2311 1478 2393 ”qua

308 2431 417 2493 corpus
439 2420 469 2473 et
491 2410 623 2473 membra
645 2411 782 2473 delictum
805 2409 862 2472 erit
882 2408 1034 2489 ²¹perinde
1064 2418 1094 2470 et
1116 2409 1227 2471 eaelum
1255 2418 1285 2471 et
1311 2411 1478 2476 ²'caelestia

208 2499 290 2604 'fflg
309 2521 339 2576 et
361 2513 499 2593 quicquid
519 2513 589 2574 inde
610 2521 784 2592 conceptum
799 2512 1005 2592 prolatumque
1020 2519 1076 2572 est.
1109 2510 1175 2571 ”Et
1191 2511 1265 2573 mala
1280 2512 1372 2575 arbor
1385 2516 1479 2579 malos

310 2614 452 2675 ⁸‘tructus
475 2613 543 2674 edat
563 2631 687 2674 necesse
709 2623 765 2675 est.
798 2613 873 2674 Caro
894 2613 984 2691 igitur
999 2612 1107 2673 Christi
1123 2612 1159 2674 de
1174 2612 1352 2675 caelestibus
1368 2625 1478 2679 structa

311 2716 349 2777 de
369 2713 509 2795 “peccati
530 2713 674 2775 ¹'constat
695 2714 867 2787 elementis,
889 2713 1036 2793 peccatrix
1055 2713 1091 2773 de
1106 2713 1273 2792 peccatorio
1289 2714 1424 2791 ”cenem
1449 2729 1480 2780 et

310 2816 410 2897 ¹'pars
432 2817 490 2893 iam
512 2816 569 2877 erit
588 2814 653 2876 eius
675 2814 912 2903 ”substantiaep
925 2813 954 2874 id
978 2823 1023 2876 est
1044 2823 1180 2888 nostrae,
1207 2834 1295 2896 quam
1315 2825 1348 2879 ut
1366 2835 1476 2898 peeca-

310 2920 414 2981 trieem
435 2917 582 2979 ³⁰Christo
605 2917 802 2996 dedignantur
829 2917 978 2978 inducere.
1021 2916 1092 2978 ''lta
1116 2917 1142 2978 si
1163 2918 1236 2979 nihil
1258 2919 1295 2981 de
1314 2918 1479 2999 ignominia

204 3092 214 3105 .
308 3019 449 3093 interest,
471 3029 522 3080 aut
541 3017 695 3098 ⁸⁸aliquam
719 3017 847 3097 purioris
869 3025 957 3079 notae
978 3017 1158 3081 ”materiam
1179 3020 1342 3101 excogitent
1355 3019 1479 3086 Christo

381 3172 439 3236 Cap.
457 3172 515 3222 vltt.
553 3171 575 3221 1.
594 3171 640 3221 eibi
659 3171 821 3222 ridenturld.
855 3170 1018 3222 ridentursibi
1036 3173 1128 3237 reliqui.
1170 3172 1193 3223 2.
1213 3174 1334 3225 mercione
1351 3174 1480 3240 epelleet.

311 3240 336 3292 3.
354 3240 489 3303 euuangelii
508 3241 686 3304 interpraetatio
703 3241 746 3301 Αβ.
798 3239 822 3288 d.
840 3240 969 3302 Apelleiaci
986 3242 1028 3290 tr.
1063 3241 1177 3304 lpelliaci
1196 3243 1221 3292 ll.
1239 3245 1353 3306 irruere.
1370 3244 1411 3301 (ea
1425 3246 1480 3295 ilir-

311 3310 444 3372 eattpieeei,
468 3311 494 3358 ni
519 3309 608 3374 {ollonl
649 3309 683 3358 lto
701 3309 814 3385 praebent
837 3309 892 3358 libri
915 3310 998 3358 iterum
1019 3311 1082 3373 infru
1106 3309 1205 3373 cupid.
1249 3310 1396 3374 Apellaeiaai
1421 3313 1480 3365 bel.

309 3375 456 3443 Apelleciaui
475 3393 494 3428 e.
530 3376 684 3442 appellatieui
702 3375 728 3425 B.
763 3374 925 3439 appellatione
945 3376 971 3426 c:
1002 3376 1160 3440 Appelliciani
1178 3380 1233 3428 edr't.
1250 3379 1353 3428 ntum
1370 3379 1480 3432 stote.

310 3447 337 3497 in
351 3461 424 3510 uturp
458 3444 613 3511 Apelliaeiani
630 3446 705 3494 eoder
721 3444 816 3494 Pitboei.
852 3443 996 3507 npettntoni
1014 3447 1088 3495 endec
1104 3445 1257 3508 divionensis,
1278 3448 1480 3512 apadlligaltiaier.

311 3514 336 3565 b.
353 3514 400 3564 isto
418 3515 444 3564 ll.
496 3512 519 3563 b.
538 3513 650 3576 praeside
668 3527 723 3562 esee
740 3511 780 3562 alii
799 3510 925 3562 solicitatia
944 3512 1087 3562 animalibua
1105 3529 1164 3576 cmg.
1217 3513 1240 3562 t.
1259 3514 1345 3565 anibua
1362 3516 1389 3566 d.
1429 3519 1479 3567 eri-

310 3582 357 3633 bus
376 3582 400 3632 G.
445 3580 470 3632 8.
489 3581 635 3631 adstructam
653 3581 738 3631 lobcd.
773 3579 918 3629 abstractam
938 3579 1053 3645 tcum.
1104 3580 1128 3630 9.
1147 3581 1267 3643 indignam
1286 3581 1383 3634 cbristo
1401 3592 1425 3634 et
1442 3585 1480 3634 id·

311 3648 376 3701 circo
394 3651 472 3700 ond.
527 3649 565 3698 to.
583 3663 626 3698 eos
643 3649 669 3698 t.
704 3648 760 3697 illoe
778 3647 883 3698 bbobed.
916 3646 1001 3697 Orod.
1055 3647 1093 3697 tt.
1113 3648 1219 3699 inclitum
1238 3649 1357 3715 quendam
1376 3650 1402 3703 d.
1439 3650 1479 3703 tt

312 3717 467 3773 admiscuerit
483 3718 595 3767 latinius.
649 3715 710 3765 tib.
728 3723 859 3766 tractamus
877 3715 902 3767 2.
956 3713 994 3767 13.
1012 3716 1083 3765 nobis
1100 3725 1124 3766 et
1141 3717 1170 3766 ad
1189 3717 1245 3766 ilios
1261 3719 1310 3782 tp.
1347 3720 1418 3770 nobie
1435 3721 1481 3770 ad·

311 3800 394 3836 renue
412 3785 468 3834 illos
485 3784 662 3847 (tsslltdllolcd.
717 3783 755 3832 tt.
774 3783 859 3833 leoerit
876 3782 954 3833 omi.
1009 3783 1047 3833 15.
1071 3798 1125 3833 eum
1143 3787 1168 3835 l.
1223 3784 1262 3835 16.
1280 3786 1359 3836 omnis
1376 3788 1403 3838 d.
1440 3788 1481 3839 tt.

311 3852 500 3916 interpretantur
516 3853 558 3901 ta.
600 3851 787 3914 interpretentur
809 3851 903 3915 reliqui.
964 3849 1002 3902 tu.
1028 3859 1152 3915 peccetum
1176 3854 1201 3904 l.
1248 3853 1362 3904 delictum
1385 3854 1480 3922 reliqui.

313 3918 353 3971 tu.
372 3927 396 3969 et
413 3924 438 3970 t.
491 3918 531 3967 20.
550 3933 595 3982 qua
615 3933 663 3981 ego.
699 3934 769 3983 quam
787 3919 850 3969 Aba.
885 3918 939 3982 quia
956 3920 1048 3984 religni.
1101 3919 1141 3968 21.
1160 3921 1260 3984 perinde
1277 3920 1337 3971 dCd.
1377 3925 1481 3988 proinde

310 3988 403 4052 religni
448 3984 489 4035 22.
508 3985 619 4036 caelestir
638 3993 662 4034 et
679 3986 792 4050 quiequid
808 3987 851 4036 tt.
886 3987 997 4037 coelestia
1016 4002 1069 4038 eum
1089 3988 1164 4037 caelo.
1188 3989 1213 4038 Si
1232 3988 1352 4049 caelestia,
1370 3997 1395 4040 et
1411 3993 1481 4057 quie·
1506 3995 1512 4009 '

312 4054 369 4120 quid
387 4055 481 4118 reliqui.
533 4052 573 4104 23.
598 4053 626 4102 ttt
650 4054 711 4103 mala
729 4056 771 4105 dd.
800 4052 874 4103 -ttata
897 4056 990 4119 reliqui.
1051 4053 1092 4104 tt.
1110 4057 1202 4105 tructos
1219 4058 1263 4117 td.
1319 4056 1361 4108 25.
1387 4060 1482 4124 peceati

270 4131 275 4139 '
311 4122 411 4183 tutet„
431 4123 458 4172 ll.
475 4123 501 4171 in
517 4138 599 4185 uturp,
618 4129 640 4171 et
657 4129 703 4172 trra
719 4123 830 4172 inbuet.
864 4124 970 4186 peccetis
987 4123 1079 4188 reliqui.
1126 4122 1166 4172 26.
1185 4133 1280 4175 constat
1295 4124 1338 4176 tt.
1373 4127 1484 4178 constitit

311 4191 404 4255 reliqui.
457 4188 497 4240 tt.
515 4205 588 4240 sensu
607 4190 632 4239 B.
674 4191 756 4240 censui
774 4191 817 4252 Δβ.
874 4187 916 4239 28.
940 4205 997 4254 prrs
1021 4191 1067 4240 iam
1087 4191 1132 4241 erit
1148 4194 1190 4242 Ad.
1215 4207 1288 4256 ,para
1307 4193 1352 4243 erit
1369 4192 1396 4246 B.
1436 4209 1483 4260 par

312 4259 358 4308 erit
375 4260 467 4322 reliqui.
519 4258 559 4308 29.
578 4256 709 4307 substantia
729 4259 751 4307 id
771 4266 808 4307 ert
825 4264 907 4307 nostra
926 4274 985 4323 eng.
1031 4259 1163 4309 substantia
1187 4260 1223 4310 rel
1249 4269 1330 4310 nostra
1355 4260 1378 4311 0.
1420 4264 1481 4313 eub-

311 4328 413 4376 stantiae
431 4326 466 4375 rel
485 4336 581 4376 nostrae
594 4327 620 4375 B.
661 4325 701 4375 30.
720 4325 816 4376 cbristo
835 4324 994 4386 dedignentur
1011 4326 1123 4376 inducere
1140 4328 1182 4379 tt.
1217 4328 1327 4379 Cbrirtua
1338 4329 1483 4392 dedignatur

311 4393 412 4444 induere
429 4395 522 4460 reliqui.
557 4393 597 4444 31.
617 4393 678 4444 istas
696 4393 755 4443 nibil
764 4395 790 4444 1.
825 4391 866 4443 32.
884 4393 1024 4460 aliquamd.
1053 4395 1124 4445 aliam
1141 4397 1235 4461 reliqui.
1270 4395 1311 4446 33.
1331 4400 1481 4450 mutarint

347 4528 406 4592 Cap.
425 4528 484 4579 tttt.
521 4545 541 4579 a.
563 4544 634 4594 quam
654 4528 736 4579 volunt
752 4529 782 4579 ab
800 4529 871 4592 lgneo
921 4530 1004 4595 script.
1024 4530 1117 4580 llaeret.
1136 4520 1189 4596 capi
1200 4530 1241 4582 21.

311 4596 355 4648 iilo
371 4597 483 4661 praeaide
499 4593 567 4662 mali]
583 4598 749 4648 Ctllebnima
760 4596 871 4661 capili,
956 4613 978 4648 ct
996 4599 1025 4649 lit
1042 4599 1088 4648 boe
1103 4614 1148 4649 ruo
1160 4600 1213 4650 loco
1229 4597 1402 4665 tractavimueJ
1419 4601 1483 4653 l'or·

312 4664 347 4716 lle
357 4665 453 4715 llerurr.
468 4665 553 4716 Ceruia
565 4681 616 4731 cap.
625 4666 659 4727 5.,
676 4675 701 4716 et
716 4667 871 4717 Adutlmnea
921 4671 986 4715 urse
1003 4669 1093 4716 rectius
1103 4667 1296 4730 distinguendum
1310 4670 1355 4719 erit
1368 4670 1416 4720 ita:
1433 4670 1485 4730 „Et

311 4733 410 4785 llaeree.
430 4732 516 4797 eapd.
921 4730 968 4782 boe
985 4749 1030 4784 suo
1049 4735 1103 4786 loco
1116 4736 1268 4787 trrctarimua
1285 4738 1486 4797 (aameetnobie

346 4801 370 4851 b.
396 4801 566 4866 paenitentiam
596 4797 740 4866 admiserit]
763 4801 871 4852 Latinius
922 4808 946 4851 et
963 4801 992 4851 ed
1011 4802 1067 4854 iiloa
1090 4803 1207 4866 libellus).
1231 4820 1261 4856 aa
1284 4805 1326 4870 qui
1349 4805 1486 4871 spiritam“

312 4870 743 4935 reseripaitadmiscueriteeeundum
754 4868 871 4920 bel‘rae·
922 4876 977 4919 cett.
1398 4877 1404 4883 ·
