3242 5775
576 696 724 740 anmsns
746 697 918 745 xrncronsu
938 702 996 745 xrs.
1010 701 1037 745 r.
1337 693 1400 759 29³

228 844 320 906 nandi
357 844 570 924 significasset,
603 866 665 909 non
693 847 781 909 etiarn
809 850 948 913 homines
975 853 1168 932 postmodnm
1201 857 1399 922 nominasset.

224 944 310 1008 haro
333 964 376 1007 ne
394 946 434 1008 ita
449 948 716 1026 argumentareris,
739 950 922 1029 providentia
946 953 1070 1033 spiritus
1093 956 1397 1032 sanctidemoustra-

221 1045 256 1109 rit
284 1046 465 1128 'quomodo
498 1048 640 1117 dixisset.
681 1049 888 1129 Spectaculum
920 1054 988 1114 lacti
1021 1073 1125 1116 snmus
1159 1057 1289 1130 muodo,
1327 1058 1528 1124 dum¹⁰⁰t¹lr

217 1150 345 1229 quis,
378 1149 430 1229 qni
453 1149 565 1211 mundo
587 1149 773 1223 ministrant,
806 1161 835 1213 et
856 1154 1045 1227 hominihus,
1077 1156 1185 1234 quibus
1214 1159 1395 1221 ministrant.
1424 1111 1497 1155 Μ’

214 1251 383 1313 terrebatur
404 1252 546 1313 nimirum
569 1260 666 1313 tantae
689 1254 874 1315 constantiae
897 1254 956 1326 sir,
991 1274 1028 1316 oe
1055 1256 1149 1316 dicam
1178 1258 1300 1336 spiritus
1323 1279 1394 1322 san-

211 1362 290 1422 aas,
313 1353 497 1432 praesertim
520 1354 556 1415 ad
579 1353 657 1413 filios
679 1352 832 1423 scribens,
860 1373 937 1432 quos
967 1355 997 1416 in
1019 1357 1169 1434 evangelio
1192 1370 1393 1436 generaverat.
1483 1379 1489 1384 ·

209 1453 303 1515 libere
334 1452 429 1514 deum
459 1454 562 1515 mundi
590 1454 762 1527 nominare,
795 1455 937 1516 adversus
966 1455 1070 1535 ‘quarn
1101 1457 1160 1518 nisi
1189 1468 1304 1520 exserte
1332 1478 1393 1520 non

210 1564 315 1636 puset
346 1555 443 1616 rideri
472 1556 652 1635 praedicare.
703 1555 768 1616 Non
799 1555 925 1617 delendo
949 1558 1111 1619 secundum
1134 1558 1227 1636 legem
1249 1560 1529 1633 meatorisionnm

211 1657 409 1738 &plicarisse
438 1657 520 1718 illum
542 1656 591 1736 qni
620 1657 773 1717 mulierem
801 1658 894 1735 patris
923 1657 969 1719 sui
997 1658 1108 1720 habuit.
1161 1657 1335 1722 Communis
1363 1669 1526 1729 ottranni.

213 1757 350 1839 filicae
373 1756 529 1836 religionis
552 1766 672 1818 secutus
695 1758 735 1818 sit
756 1756 949 1835 disciplinam.
1003 1760 1061 1820 Sed
1090 1778 1157 1821 cum
1185 1778 1252 1822 cum
1273 1760 1393 1822 damnat

213 1859 383 1922 &endum
407 1867 544 1930 satanae,
566 1857 747 1919 damnaturis
770 1858 816 1919 dei
839 1877 945 1937 praeco
962 1869 1017 1921 est.
1055 1860 1167 1922 Viderit
1188 1869 1218 1924 et
1239 1860 1529 1938 quomodotrarnnn

215 1961 333 2032 fierit,
370 1960 405 2020 ln
433 1959 584 2021 interitum
613 1958 727 2029 carnis,
761 1968 793 2019 ut
815 1959 939 2038 spiritns
962 1961 1061 2022 salvus
1083 1961 1123 2021 sit
1143 1960 1173 2021 io
1197 1960 1244 2021 dis
1267 1960 1389 2031 domini,

217 2061 280 2124 hi
302 2072 337 2124 et
359 2061 397 2122 de
420 2060 518 2123 carnis
541 2060 662 2121 interitu
684 2069 715 2119 et
735 2060 772 2121 de
794 2060 888 2121 salute
911 2061 1033 2141 spiritus
1056 2061 1205 2134 iudicarit,
1228 2071 1258 2122 et
1280 2061 1389 2124 aulerri

220 2162 317 2226 ruens
342 2162 453 2224 malum
476 2160 634 2222 demedio
657 2161 800 2222 creatoris
816 2162 1087 2240 frequentissimam
1105 2162 1280 2224 sententiam
1303 2179 1387 2224 cnm-

221 2264 434 2326 urorarerit
471 2260 639 2341 Expurgate
661 2271 744 2323 retus
761 2264 956 2332 termentum,
980 2271 1014 2323 ut
1028 2263 1096 2324 sitis
1110 2281 1186 2324 noro
1202 2261 1387 2341 conspersio,
1402 2275 1524 2331 rosera.

223 2364 288 2426 sint
308 2364 386 2426 estis
409 2362 512 2443 azymi.
556 2362 634 2441 Ergo
657 2362 748 2441 azymi
778 2364 889 2441 ligurae
917 2374 1001 2423 erant
1027 2376 1149 2426 nostrae
1170 2362 1247 2443 apud
1270 2372 1387 2424 creato-

224 2481 287 2528 tn.
320 2465 372 2528 Sic
395 2474 425 2526 et
445 2464 556 2543 pascha
577 2472 713 2524 nostrum
735 2463 904 2526 immolatus
920 2473 967 2526 est
982 2465 1129 2526 Christus.
1164 2466 1262 2538 Quare
1276 2463 1386 2543 pascha
1400 2478 1520 2526 monto.

227 2565 382 2637 ‘histum
406 2566 431 2628 si
455 2583 517 2627 non
538 2566 647 2643 pascha
668 2566 760 2644 ligura
780 2565 888 2626 Christi
911 2585 965 2644 per
987 2566 1210 2628 similitudinem
1233 2565 1388 2643 sangrriois

230 2667 353 2730 odoraris
375 2677 407 2729 et
427 2668 545 2748 pecoris
561 2664 696 2728 Christi?
733 2666 811 2739 boio
829 2667 961 2729 nobiset
976 2667 1093 2729 Christo
1109 2667 1253 2747 imagines
1274 2666 1387 2728 ‘induit

233 2768 404 2830 adlemnium
425 2768 586 2839 creatoris,
614 2768 640 2830 si
663 2786 723 2828 oon
747 2778 832 2830 erant
858 2767 1003 2830 nostrae?
1046 2772 1187 2831 Avertens
1210 2776 1307 2831 autom
1330 2786 1386 2830 nos

236 2871 450 2933 tlsruieatiooe
476 2870 646 2932 manifestat
673 2870 771 2931 carnis
798 2870 1057 2933 resurrectionem.
1112 2871 1244 2949 Corpus,
1280 2868 1529 2948 inquisissem

239 2973 505 3044 nlomicationi,
539 2973 591 3033 sad
619 2971 757 3040 donnino,
792 2980 821 3032 et
849 2972 988 3034 dominns
1017 2972 1152 3051 corpori,
1189 2982 1221 3033 ut
1243 2972 1384 3051 templum

241 3068 297 3142 bo,
315 3083 344 3133 et
362 3073 436 3135 deus
459 3072 582 3152 templo.
619 3072 774 3151 Templum
798 3090 868 3149 ergo
892 3072 947 3133 deo
970 3073 1092 3153 peribit,
1116 3082 1145 3133 st
1167 3073 1241 3135 dens
1263 3071 1384 3150 templo.

242 3172 443 3250 scurriles,
464 3173 542 3245 'nui
565 3173 718 3233 dominum
740 3173 909 3242 suscitavit,
932 3185 962 3233 et
984 3192 1039 3233 nos
1062 3173 1233 3245 suscitabit3
1261 3173 1291 3233 iu
1314 3190 1382 3233 cor·
1397 3187 1519 3232 torceio

244 3286 299 3346 porc
316 3293 428 3353 quoque
450 3272 624 3343 suscitabit,
652 3273 719 3350 qnia
742 3290 851 3349 corpus
874 3271 1011 3340 domino,
1041 3285 1070 3330 et
1091 3274 1230 3335 dominus
1253 3272 1382 3351 corpori.

247 3366 349 3435 utere
370 3373 448 3452 quod
471 3382 607 3450 aggerat,
629 3372 755 3433 Nescitis
771 3390 896 3451 corpora
913 3381 1009 3431 vestra
1025 3370 1156 3431 membra
1172 3368 1383 3432 essentum?
1398 3384 1519 3432 inruant.

251 3467 304 3540 Η
321 3474 392 3536 dicet
413 3470 604 3534 haereticus?
637 3473 765 3533 Membra
778 3473 889 3534 Christi
913 3489 973 3531 non
996 3478 1169 3547 resurgent,
1191 3487 1266 3547 quae
1281 3478 1385 3530 nostra

252 3566 290 3632 ln
306 3593 356 3636 ron
377 3573 470 3636 sunt?
515 3573 613 3652 Eropti
635 3575 713 3633 enirn
736 3573 858 3634 'sumus
881 3572 977 3651 pretio
998 3588 1115 3648 niagno.
1163 3569 1252 3631 Plane
1273 3567 1383 3641 ⁹nullo,
1396 3582 1519 3630 tortam.

254 3668 435 3751 opimosma
458 3675 515 3737 luit
536 3675 686 3745 Christus,
719 3693 774 3735 nec
796 3673 898 3735 habuit
919 3672 1005 3733 ullam
1029 3671 1226 3733 substantiam
1248 3669 1383 3748 corporis

195 3828 210 3843 .
255 3786 312 3847 μ
327 3796 377 3857 pro
398 3777 512 3839 nostris
535 3777 710 3855 corporibus
731 3774 960 3853 ⁹¹’dependeret
994 3773 1072 3851 Ergo
1095 3772 1304 3834 ¹⁰etChristus
1325 3770 1382 3831 ha·

257 3867 357 3957 liquo
378 3898 435 3941 nos
457 3879 634 3949 redimeret,
657 3886 687 3938 et
708 3877 734 3938 si
757 3877 854 3954 aliquo
877 3893 984 3952 magno
1007 3874 1133 3935 redemit
1152 3874 1225 3935 haec
1245 3889 1382 3950 corpora,

195 4050 197 4055 ,
259 3968 343 4056 'ittae
363 3981 465 4042 eadem
490 3978 726 4040 ¹¹committendo
744 3976 900 4037 loroicatio
916 3993 975 4035 noo
992 3975 1063 4045 erit,
1086 3974 1162 4036 utin
1178 3973 1309 4037 membra
1324 3973 1382 4035 iam

195 4119 215 4157 ‚t
258 4068 340 4152 bnt,
359 4101 418 4143 non
442 4089 562 4152 nostra,
585 4080 686 4157 utique
709 4077 796 4138 ¹¹sihi
817 4078 895 4138 salva
910 4076 1071 4154 praestabit
1085 4094 1159 4152 quae
1173 4092 1280 4153 magno
1297 4091 1380 4133 com-

195 4222 216 4257 s
256 4182 337 4249 l'ttit
369 4183 429 4243 lam
452 4200 531 4242 nunc
552 4181 703 4259 quomodo
721 4178 951 4248 honorabimus,
974 4175 1124 4255 ‹puomodo
1142 4175 1278 4235 tollemus
1293 4173 1450 4234 deumiura.

254 4270 391 4364 'flcorprnre
413 4280 572 4362 perituro?
616 4282 755 4360 Sequitur
776 4279 814 4340 de
836 4277 947 4357 nuptiis
970 4276 1126 4356 congredi,
1157 4294 1230 4355 quas
1251 4272 1381 4336 Marcion

194 4370 213 4457 ἶ
251 4386 396 4447 morior
417 4384 555 4465 apostolo
577 4382 726 4463 prohihet.
763 4379 879 4441 Etenim
902 4377 1073 4458 apostolus,
1096 4376 1153 4438 etsi
1175 4375 1285 4437 bonnm
1307 4352 1523 4459 ⁰⁰¹¹·icffl

194 4562 203 4587 ¹
245 4561 377 4633 lmode
394 4571 448 4632 st,
468 4571 608 4621 leunins.
643 4569 756 4632 quidnam
775 4567 843 4617 ebed.
895 4566 919 4614 l.
938 4578 1008 4627 quem
1027 4561 1126 4614 cmBC.
1188 4561 1212 4611 b.
1231 4559 1320 4611 Christi
1338 4558 1381 4608 bd.

194 4642 196 4647 ’
241 4630 330 4690 torm
346 4642 379 4699 d,
399 4637 737 4690 aemendatl‘nleiillrsisi.
773 4635 858 4684 imbuit
876 4634 961 4682 ltt'cbe.
1002 4632 1026 4681 l.
1044 4631 1084 4694 qui
1102 4629 1272 4680 domiuumcd.
1308 4638 1380 4689 utrem

239 4700 434 4773 buccelinus.
491 4706 516 4757 8.
536 4720 621 4754 sumna
640 4706 715 4768 pretio
735 4717 821 4765 magno
840 4701 923 4751 nates.
942 4698 1103 4758 (Cerauniis)
1142 4711 1226 4747 somus
1250 4707 1337 4754 magno
1357 4690 1381 4738 C.

240 4768 333 4826 'iem
350 4777 418 4826 alter.
469 4773 495 4825 9.
514 4773 591 4826 nullo.
609 4772 630 4821 si
648 4774 723 4831 ubcd,
742 4786 772 4820 es
788 4769 947 4818 emmunim
957 4767 1067 4818 liberast.
1102 4764 1185 4815 nullas
1201 4765 1225 4812 in
1243 4761 1288 4811 Ιῦ.
1332 4757 1379 4836 llll·

234 4840 351 4903 hoderit
368 4844 392 4893 G.
453 4842 494 4893 lb.
512 4848 537 4891 et
554 4855 599 4890 orn.
613 4841 636 4890 d.
696 4839 735 4889 ll.
754 4835 869 4888 mittenda
886 4835 959 4886 scat.
1005 4833 1152 4885 admittenda
1168 4828 1381 4883 temeramus.

232 4903 291 4961 Μ
306 4912 443 4962 biduarius.
498 4907 538 4958 12.
556 4908 603 4958 sthi
621 4907 703 4958 md.
