3242 5775
176 969 309 1029 capum

321 584 384 648 tm
578 598 678 650 omnm
702 596 835 642 suerrum
856 597 1023 642 ruoxsnrrs
1044 581 1240 643 rss'rumsnr

318 758 413 823 ctare,
447 746 575 810 sectsm¹
602 749 747 811 creatoris
775 748 939 829 exequitur.
994 746 1059 811 Hoc
1084 754 1114 810 et
1140 746 1190 810 ille
1216 744 1314 809 noluer

320 868 397 931 quos
420 869 456 912 ex
477 849 618 911 Sodomis
639 848 787 912 liberarat.

403 950 519 1030 Adlegit
540 960 571 1012 et
591 950 666 1012 alios
695 950 881 1031 septuaginta
910 949 1063 1030 apostolos
1092 966 1183 1029 super
1211 947 1314 1010 duodo

166 1033 401 1135 fflffiv'ffljeuim
424 1051 581 1114 duodecim
603 1052 765 1114 secundum
786 1051 912 1113 totidem
934 1053 1033 1112 fontes
1048 1050 1078 1111 in
1094 1050 1186 1122 Elim,
1209 1049 1312 1110 sinon

164 1136 300 1237 mlta...

170 1656 314 1759 uidd'bii.

229 2770 311 2873 ltu:

199 3275 312 3327 Luem.

237 3460 316 3565 ltu

319 1152 398 1233 ginta
421 1151 585 1215 seeundum
606 1152 730 1215 totidem
752 1153 873 1215 arbusta
894 1150 1083 1232 palmarum?
1128 1151 1314 1213 ¹dntitbcses

320 1272 475 1316 causarum
498 1252 655 1315 diversitas
683 1253 767 1329 lecit,
800 1272 861 1315 non
889 1262 1080 1335 potestatum.
1130 1251 1189 1315 Sed
1216 1253 1266 1332 qui
1294 1250 1314 1312 d

322 1373 475 1416 causarum
498 1373 559 1416 non
588 1354 734 1433 respexit,
767 1354 851 1415 facile
881 1372 944 1416 eam
973 1362 1153 1433 potestatum
1182 1353 1314 1415 existima

321 1455 479 1517 tectionem
500 1454 628 1517 filiorum
644 1443 770 1517 ‘Israelis
799 1462 916 1516 creator
942 1455 1031 1517 etiam
1059 1455 1117 1516 illis
1145 1455 1249 1534 spoliis
1280 1474 1314 1517 au

321 1564 529 1635 argenteorum
550 1555 736 1618 vasculorum
769 1564 799 1617 ct
825 1556 953 1617 uestium
984 1564 1102 1636 praeter
1130 1556 1272 1617 oneribus
1301 1575 1314 1617 c

321 1674 391 1718 num
415 1656 632 1718 offarcinatam·
654 1656 770 1718 'educit
792 1675 828 1718 ex
842 1656 988 1736 Aegypto,
1011 1650 1147 1718 'Christus
1168 1664 1266 1718 autem
1289 1674 1314 1717 m

322 1757 474 1837 discipulis
496 1757 527 1818 in
549 1757 624 1819 viam
647 1758 725 1820 lerrc
747 1755 949 1838 praescripsit.
986 1756 1029 1818 llli
1054 1756 1186 1818 enimin
1209 1756 1314 1819 solitur'

322 1858 531 1934 movebantur,
560 1853 590 1920 bi
620 1867 718 1920 autem
746 1859 775 1920 in
798 1858 930 1920 civitates
953 1858 1155 1921 mittebantur.
1201 1857 1314 1920 Consid

323 1979 389 2022 rum
412 1960 627 2034 offerentiaml,
658 1967 688 2021 et
717 1957 869 2038 intelleges
899 1977 986 2020 uuam
1017 1968 1047 2020 et
1075 1958 1198 2021 candem
1221 1968 1314 2040 potes

323 2060 486 2124 secuudum
508 2060 661 2139 penuriam
684 2068 714 2121 et
728 2059 845 2140 copiam
860 2059 1078 2138 expeditionem
1094 2079 1217 2122 suorum
1233 2061 1314 2141 dispe

323 2161 392 2223 inde
413 2179 468 2241 per
489 2160 621 2233 civitates
642 2160 857 2222 abundaturam
878 2159 1110 2224 ⁴cireumcidcns
1133 2160 1211 2223 sicut
1233 2170 1264 2222 et
1283 2180 1314 2241 eg

323 2263 514 2326 solitudinem
528 2262 703 2323 ‘struxerat
733 2261 831 2323 Etiam
845 2261 1033 2323 calciamenta
1055 2269 1175 2341 portare
1196 2262 1314 2323 vetuiti

323 2365 403 2426 enim
425 2372 489 2426 erat
510 2363 566 2425 sub
589 2380 648 2443 quo
671 2380 726 2423 nec
747 2362 777 2423 in
800 2362 962 2424 solitudine
984 2381 1039 2443 per
1054 2371 1100 2424 tot
1121 2381 1216 2425 anuos
1238 2381 1314 2441 popu

322 2474 422 2527 menta
444 2464 611 2527 detriverat.
654 2463 825 2536 Neminem,
859 2463 988 2543 ⁶inquit,
1016 2463 1089 2544 'per
1115 2462 1191 2525 viam
1218 2463 1313 2525 saluta

324 2564 472 2626 Christum
495 2565 710 2626 destructorem
733 2564 961 2644 prophetarum,
984 2564 1129 2643 aquibus
1151 2563 1210 2625 boc
1229 2583 1314 2644 quoq

324 2664 495 2737 Helisaeus,
528 2683 595 2726 cum
617 2664 737 2726 'Giezin
759 2683 885 2744 puerum
908 2683 996 2726 suum
1019 2664 1149 2726 mitteret
1175 2663 1208 2725 in
1236 2666 1314 2726 viam

325 2765 518 2828 Sunamitidis
540 2764 778 2825 resuscitandum
799 2765 837 2825 de
859 2773 970 2839 morte,
993 2774 1064 2844 puto
1080 2765 1124 2825 sic
1139 2763 1166 2826 ei
1187 2784 1314 2846 praecep

325 2866 444 2929 lumbos
466 2874 534 2929 tuos
556 2875 586 2928 et
608 2883 692 2929 sume
714 2864 851 2927 bacillum
873 2883 971 2927 meum
995 2866 1026 2928 in
1045 2864 1183 2927 ⁹manum
1214 2874 1244 2928 et
1271 2886 1314 2927 vai

326 2986 442 3047 cunque
464 2965 638 3029 conveneris
660 2966 691 3027 in
713 2965 776 3040 ria,
809 2985 849 3029 ne
870 2966 1059 3028 benedixeris
1088 2985 1173 3042 cum,
1206 2966 1236 3028 id
1259 2976 1307 3028 est

325 3068 422 3142 veris,
445 3067 546 3147 etqui
568 3075 596 3128 te
619 3066 819 3140 benedixerit,
848 3085 886 3129 ne
907 3067 1100 3147 responderis
1128 3066 1172 3140 ei,
1202 3067 1232 3128 id
1255 3075 1303 3129 cst

326 3168 446 3231 tareris.
484 3168 566 3243 Quae
588 3176 636 3229 est
655 3168 734 3229 enim
756 3168 917 3230 intervias
938 3167 1105 3230 benedictio
1129 3169 1185 3229 nisi
1209 3187 1245 3229 ex
1260 3186 1314 3230 ccc

327 3268 492 3333 salutarior
532 3270 582 3332 Sic
603 3277 633 3330 ct
654 3268 839 3342 ¹⁰dominus,
868 3270 901 3331 ln
923 3288 1012 3348 quam
1035 3270 1211 3330 introissent
1232 3270 1314 3331 domi

327 3371 355 3434 ei
378 3371 486 3434 dicere.
530 3369 672 3449 Exemplo
696 3370 801 3431 eodem
825 3379 881 3432 est.
935 3370 1082 3432 Mandavit
1102 3370 1180 3431 enim
1203 3379 1233 3432 et
1255 3371 1314 3432 boc

328 3491 394 3535 cum
417 3473 574 3536 introisset
589 3471 631 3532 ad
655 3470 864 3545 ”sunamitin
887 3471 999 3532 diceret
1021 3472 1064 3549 ei,
1086 3470 1143 3533 Pax
1167 3470 1232 3531 viro
1251 3479 1314 3544 tuo,

396 3622 454 3687 Cap.
473 3625 549 3675 1111.
596 3623 806 3673 l.sntitbesisli.
847 3623 987 3672 antitheseis
1004 3624 1078 3674 'Cubc
1132 3622 1155 3672 2.
1176 3624 1301 3673 edaciter

328 3690 358 3740 da
376 3691 400 3739 d.
436 3690 516 3741 eduxit
534 3707 561 3741 ex
579 3692 614 3741 bc.
656 3691 680 3740 3.
699 3705 820 3755 μειιιιιτ.
861 3690 885 3740 t.
905 3691 1251 3750 circumcidensd„Latinius.
1288 3696 1314 3741 cll

328 3757 675 3820 prosternentium.
725 3758 749 3808 d.
769 3758 941 3820 inquirenti.
994 3758 1018 3807 t.
1038 3757 1157 3820 perviam
1177 3761 1223 3819 ed,
1245 3760 1314 3808 eccl

328 3825 518 3889 iorisrcb'qui.
569 3823 593 3873 8.
612 3827 743 3877 Gezinflt'.
792 3824 816 3874 9.
837 3826 947 3875 munuli.
1002 3825 1040 3874 10.
1059 3825 1214 3874 dominusin
1233 3839 1306 3888 quam

328 3899 431 3954 mosque.
466 3893 579 3941 dominus
606 3896 678 3943 utin
703 3893 885 3957 qrramrels'pus'.
941 3891 979 3940 11.
998 3893 1138 3942 sunamiten
1160 3894 1182 3943 0.
1223 3894 1313 3942 Sonam

329 3959 379 4007 lilio
399 3964 439 4006 luo
458 3962 494 4009 cd.
516 3960 638 4008 Vaticanus
654 3969 756 4025 uterque.
792 3960 842 4008 lilio
863 3961 955 4025 reliqui.

363 4056 501 4125 l.sectam]
521 4060 889 4118 Honestinstitutnm,morem.
942 4058 1064 4123 sper·sio.‘⁴
1105 4060 1147 4109 Sic
1172 4061 1227 4110 dds.
1247 4061 1314 4110 Valeo

330 4125 367 4181 Gi.
385 4124 475 4175 ednott
494 4128 523 4176 sd
543 4126 576 4174 De
596 4127 676 4177 lodic.
696 4144 748 4191 cap.
762 4128 798 4176 ld.
942 4130 984 4189 „in
1008 4130 1178 4190 conspersionis
1209 4129 1314 4178 strenia·

363 4191 422 4254 Cap.
441 4193 516 4243 111111.
543 4208 563 4240 a.
584 4202 679 4255 practer
697 4198 812 4244 oneribus
831 4209 890 4243 con·
943 4196 1020 4244 donec
1043 4204 1117 4242 totum
1143 4197 1314 4245 contemnenter

329 4261 483 4322 sparsionem
502 4257 679 4326 offarcinatam]
705 4266 746 4311 Sic
763 4263 850 4322 legitur
867 4263 890 4310 in
943 4262 1033 4322 uulgata
1053 4262 1155 4324 Epistol.
1174 4265 1240 4312 Pauli
1259 4265 1288 4313 ad
1307 4264 1314 4312 l

329 4328 468 4389 exemplari.
503 4328 586 4391 ltaque
605 4328 749 4392 bicproeler
767 4330 891 4378 adverbia·
944 4339 987 4391 „nt
1010 4330 1063 4378 sitis
1094 4345 1153 4378 nora
1179 4333 1309 4394 conspersio

329 4393 376 4442 scit
393 4403 415 4442 et
433 4395 551 4456 signisscst
567 4404 693 4458 praetereo.
720 4398 793 4447 Onera
811 4406 890 4446 autem
943 4395 1044 4460 azymi.⁸‘
1081 4397 1252 4461 offarcinatam,
1277 4397 1314 4445 Ειι

329 4462 685 4524 compersionumdicitlariurc
697 4477 825 4513 massams
846 4479 890 4513 nae
943 4455 1096 4546 pupdpsusn
1114 4455 1206 4511 αὐτῶν
1223 4457 1314 4529 lrdsdq

330 4530 620 4604 cpnsprrgineccsrtorn.
645 4480 889 4597 Exodcapllbdl]
944 4545 1063 4598 ιματιοις
1094 4524 1186 4580 cdxciv
1219 4523 1263 4580 tut
1295 4542 1314 4578 τι

329 4589 471 4657 „Antiope
488 4588 518 4643 dl
533 4586 623 4646 ttaic
632 4589 663 4640 τὸ
674 4597 752 4649 σταῖς
764 4590 890 4646 αὐτῶν.“
942 4602 1048 4662 (Rigalt.)

330 4661 477 4725 liesvebius:
504 4659 620 4717 ‚struis
640 4654 758 4729 φύραμα
776 4657 890 4732 ἀλεύρου
976 4669 998 4717 b.
1026 4681 1153 4716 causarum
1182 4663 1314 4716 odereutim

329 4726 451 4796 nupoof‘
485 4730 634 4802 Glossarium
659 4730 745 4782 Vetus:
770 4734 887 4790 ,,Σταῐς,
940 4736 1048 4785 diverses
1066 4735 1178 4784 oderunt.
1201 4732 1263 4780 Nove
1279 4729 1314 4778 dio

330 4797 433 4862 sdeps.“
460 4796 533 4847 item:
552 4793 703 4859 „dupapm
719 4814 810 4865 massa,
829 4816 888 4853 ccu-
940 4804 1082 4868 sufferentis.
1100 4800 1150 4864 (rr.
1161 4798 1258 4859 lunius.)
