3242 5775
575 670 722 715 snmusns
744 670 881 716 rmseos.
1249 654 1311 720 733

145 821 280 883 omnium
308 822 535 899 prophetarum,
568 820 732 902 adimplens
760 821 859 884 omnia
887 839 962 901 quae
990 830 1072 885 retro
1100 830 1186 884 orant
1212 821 1248 885 de
1275 842 1312 885 eo

145 922 296 996 nuntiata3
328 931 397 1001 post
425 923 503 984 enirn
530 922 686 986 adventum
715 923 779 985 eius
808 932 839 986 et
864 924 1033 1003 passionem
1056 924 1151 1004 ipsius
1172 919 1314 986 iam'non

145 1023 223 1084 risio
240 1042 334 1101 neque
349 1024 521 1103 prophetes.
553 1023 635 1085 Unde
657 1024 828 1087 firmissime
849 1024 918 1086 dicit
939 1024 1096 1086 adrentum
1118 1026 1182 1088 eius
1197 1026 1315 1106 signare

145 1125 245 1185 visum
268 1132 297 1185 et
317 1124 513 1204 prophetiam.
554 1125 655 1205 itaque
678 1126 868 1187 ostendentes
890 1133 920 1188 et
941 1144 1097 1188 numerum
1119 1145 1263 1189 annorum
1285 1135 1317 1189 et
1418 1191 1425 1199 ,

147 1234 267 1305 tempus
289 1244 348 1286 exn
377 1234 407 1286 et
434 1225 571 1286 dimidiae
598 1226 847 1290 hebdomadarum
876 1226 1099 1307 adimpletarum
1126 1227 1315 1307 probavimus

149 1337 222 1389 tunc
243 1328 360 1388 venisse
376 1327 543 1399 Christum,
566 1328 596 1388 id
616 1326 793 1402 minatum,
816 1339 846 1390 et
866 1327 1008 1407 ”septem
1031 1337 1061 1390 et
1081 1327 1219 1392 dimidiae
1239 1321 1327 1392 heb?

148 1428 357 1500 domadarum,
380 1447 453 1507 quae
476 1438 546 1490 sunt
566 1429 733 1491 subdivisae
754 1432 784 1492 in
798 1429 1177 1516 ”abscisionempriorum
1197 1430 1314 1492 bebdo-

148 1531 318 1602 madarum,
341 1529 416 1590 intra
438 1549 512 1610 quae
535 1538 666 1610 tempora
689 1550 811 1610 passum
834 1530 1018 1593 ostendimus
1040 1531 1207 1605 Christum,
1229 1540 1316 1611 atque

148 1632 191 1692 ita
213 1651 269 1692 cxx
290 1630 554 1694 ”bebdomadibus
583 1633 731 1695 conclusis
764 1641 793 1693 et
819 1632 933 1693 civitate
956 1633 1148 1695 exterminata
1169 1639 1200 1694 et
1221 1631 1315 1695 sacri·

149 1732 249 1794 ficium
273 1740 302 1794 et
323 1733 490 1793 unctionem
513 1733 617 1794 exinde
631 1752 758 1795 cessare.
790 1732 904 1795 Sufficit
918 1734 1071 1813 bucusque
1085 1734 1122 1797 de
1137 1734 1184 1796 bis
1198 1733 1318 1796 interim

150 1832 286 1894 ordinem
309 1833 415 1894 Christi
437 1833 686 1907 ”decucurrisse
714 1834 802 1915 ”quo
824 1834 891 1896 talis
913 1834 1056 1915 probatur
1084 1835 1178 1916 qualis
1200 1835 1316 1898 adnun-

149 1934 292 2007 dabatur,
322 1935 435 1996 ”ctiam
459 1955 494 1996 cr
517 1936 570 1997 ista
593 1936 788 1998 consonantia
809 1936 1036 2016 scripturarum,
1064 1936 1149 2016 ”qua
1173 1955 1207 1999 ex
1229 1954 1317 2017 prae·

150 2036 262 2097 indicio
290 2037 412 2097 maioris
441 2036 533 2115 partis
562 2038 718 2099 adversum
746 2038 871 2100 iudaeos
902 2036 1012 2104 elocuti
1047 2056 1162 2100 snmus.
1215 2038 1318 2119 Neque

151 2138 232 2198 enim
254 2138 284 2198 in
307 2138 426 2199 dubium
449 2138 594 2200 deducant
614 2140 659 2200 rei
682 2149 789 2218 negent
802 2158 878 2219 qnae
893 2138 1000 2217 scripta
1017 2140 1214 2219 proterimus3
1235 2146 1269 2201 ut
1283 2157 1319 2201 ex

151 2239 212 2300 boc
233 2257 349 2317 qnoque
371 2239 451 2318 paria
481 2258 549 2301 esse
577 2241 732 2321 scripturis
762 2241 869 2302 divinis
898 2258 1007 2318 negare
1033 2259 1094 2301 non
1122 2241 1268 2321 possint‚'
1286 2250 1319 2303 ut

153 2359 229 2419 quae
249 2349 320 2419 post
341 2341 490 2402 Christum
513 2343 610 2403 sutura
631 2341 883 2422 praecanebantur
912 2342 1069 2420 adimpleta
1089 2351 1317 2421 cognoscantur.

152 2442 257 2515 ”Aaou
280 2442 356 2502 nisib
378 2442 427 2503 ille
448 2444 577 2505 venisset
598 2452 775 2523 postquem
798 2442 945 2504 habebant
966 2444 1090 2523 expungi
1107 2462 1181 2524 quae
1196 2445 1317 2507 nuntia·

154 2542 276 2615 bantur,
298 2562 373 2621 quae
394 2545 537 2623 compieta
559 2545 658 2606 “sunt
680 2546 766 2606 etiam
788 2543 1011 2625 probarentur?

242 2644 361 2723 ¹uspice
383 2645 535 2707 universes
557 2647 692 2708 nationes
721 2646 918 2725 devoragine
940 2646 1050 2708 erroris
1072 2646 1191 2708 hnmani
1215 2648 1320 2709 exinde
1337 2659 1445 2720 captu.

156 2755 340 2824 emergentes
363 2747 398 2807 ad
421 2748 572 2810 dominum
594 2748 680 2810 deum
703 2755 867 2812 creatorem
889 2758 917 2809 et
938 2746 1105 2833 'Christum
1129 2746 1209 2821 eins,
1242 2756 1272 2811 ot
1293 2749 1318 2812 si

157 2850 246 2909 audes
268 2847 391 2928 'negare
412 2850 636 2930 prophetatum,
659 2850 757 2912 statim
776 2849 828 2912 tibi
843 2849 1005 2930 promissio
1026 2849 1119 2931 patris
1141 2850 1269 2913 occurrit
1290 2851 1321 2913 in

156 2949 296 3029 psalmis,
319 2951 436 3012 dicens:
457 2952 550 3013 Filius
572 2971 657 3013 meus
680 2971 711 3013 es
734 2960 777 3028 tu,
799 2971 855 3033 ego
870 2952 959 3014 bodie
975 2952 1062 3031 genui
1078 2961 1125 3025 te;
1146 2960 1214 3032 pete
1229 2971 1245 3014 a
1260 2972 1318 3027 me,
1332 2961 1458 3017 rennos.

156 3060 185 3111 et
207 3051 283 3111 dabo
306 3051 358 3112 tibi
380 3061 482 3131 gentes
504 3054 713 3116 haereditatem
737 3063 815 3115 tuam
845 3066 875 3115 et
901 3054 1126 3133 possessionem
1155 3062 1234 3115 tuam
1256 3061 1318 3117 ter·

155 3153 254 3213 minos
276 3162 381 3214 terrac.
424 3154 486 3216 Nec
505 3157 617 3234 poteris
640 3175 707 3216 eum
729 3155 854 3216 *David*
880 3155 972 3216 fitium
1003 3156 1102 3217 dicere
1123 3173 1210 3233 quam
1232 3155 1320 3217 Chri·

155 3264 246 3327 stum,
269 3263 319 3316 aut
339 3256 482 3318 terminos
504 3264 599 3317 terrae
614 3256 703 3317 David
725 3257 824 3334 potius
846 3258 1024 3335 promissos,
1047 3257 1096 3335 qui
1112 3256 1188 3316 intra
1202 3255 1318 3317 unicam

153 3356 292 3418 iudaeam
319 3358 463 3436 regnavit,
493 3376 579 3435 quam
601 3357 736 3430 Christo,
765 3358 815 3436 qui
843 3365 937 3418 totum
965 3357 1022 3417 iam
1052 3355 1153 3417 orbern
1176 3356 1317 3433 evangelii

157 3459 205 3518 sui
228 3458 285 3518 tide
305 3459 399 3538 cepit,
422 3460 498 3520 sicut
518 3478 572 3538 per
593 3458 708 3520 Esaiam
732 3458 816 3520 dicit:
846 3457 922 3519 Ecce
944 3456 1009 3518 dedi
1038 3465 1068 3516 te
1090 3455 1120 3515 in
1142 3454 1318 3534 dispositio·
1331 3446 1449 3553 “gfflr

158 3578 229 3619 nem
251 3561 365 3638 generis
388 3560 445 3620 mei
468 3559 497 3619 in
518 3559 613 3620 lucem
636 3560 781 3638 gentium,
810 3559 860 3619 5ιιι
887 3557 1002 3636 aperias
1031 3555 1134 3616 oculos
1157 3574 1320 3632 caecorum,

162 3660 262 3738 ntique
283 3661 456 3730 errantium,
480 3660 631 3722 exsolvere
654 3662 690 3722 de
711 3660 834 3721 vinculis
856 3659 986 3730 vinctos,
1012 3657 1041 3718 id
1066 3665 1112 3718 est
1132 3657 1186 3719 ‘de
1208 3657 1321 3721 delictis

160 3762 302 3836 liberare,
324 3772 352 3824 ct
374 3764 410 3824 de
432 3764 521 3823 domo
544 3764 686 3835 carceris,
709 3762 738 3823 id
762 3774 809 3823 est
829 3759 951 3833 mortis,
974 3759 1163 3822 sedentesin
1179 3759 1320 3837 tenebris,

160 3983 202 4034 33.
222 3993 313 4047 septem
332 3980 382 4034 tad.
419 3992 520 4049 quatuor
536 3985 628 4047 retient.
672 3982 712 4032 st.
731 3982 867 4031 abscisione
889 3983 957 4032 Votis.
1005 3980 1046 4031 35.
1064 3980 1205 4031 bedonrsdis
1223 3984 1248 4031 t.
1282 3979 1322 4032 86.

160 4054 328 4102 decucurrisse
347 4048 418 4112 titob.
453 4053 588 4101 decurrisse
606 4053 697 4115 rsiiqus'.
749 4050 789 4099 37.
809 4050 872 4114 quod
889 4050 931 4100 tu.
974 4048 1013 4098 ³8.
1035 4064 1082 4099 non
1100 4050 1161 4100 siins
1180 4049 1261 4099 baberi
1280 4050 1324 4100 de·

158 4122 216 4170 beat
234 4136 304 4183 quarn
323 4124 362 4184 qui
382 4121 431 4168 iilic
448 4121 639 4177 adnuntiabatur,
657 4120 727 4167 etiam
752 4135 780 4179 c,
800 4134 830 4167 ec
847 4119 886 4167 iib.
905 4118 1040 4167 tuusne.
1059 4117 1098 4178 HI,
1112 4116 1152 4166 2⁰.
1205 4114 1245 4167 ³9.
1263 4133 1323 4181 quas

161 4192 194 4248 d,
216 4205 265 4237 cum
283 4190 362 4238 Fuluio
383 4189 472 4238 Ursino.
529 4188 569 4236 tu.
587 4192 631 4236 Aut
650 4188 694 4235 nisi
713 4203 762 4248 epo.
804 4187 849 4234 nisi
868 4181 973 4243 (itdbob.
1015 4184 1096 4248 Neque
1115 4186 1177 4233 enim
1196 4184 1322 4249 dispositio

161 4267 278 4318 expuncta
297 4257 449 4312 inveniretur.
468 4257 512 4304 nisi
531 4258 576 4315 cd„
597 4271 625 4303 ec
643 4257 683 4303 tib.
701 4256 756 4304 Ado.
774 4254 844 4304 Marc.
863 4251 952 4312 trito.
1004 4251 1045 4301 tt.
1065 4267 1118 4301 esss
1136 4255 1172 4303 sd.

232 4325 289 4387 Cap.
308 4324 357 4372 xtt.
403 4324 423 4372 1.
443 4325 512 4373 tTEtt
537 4323 618 4384 tttttt
637 4324 727 4379 omni
752 4323 789 4370 ttb'
814 4319 977 4371 tctutrstt
997 4318 1126 4370 cturtvtt
1145 4319 1175 4369 ΙΝ
1194 4319 1323 4370 CiiiiiSTO

160 4392 236 4441 test.
263 4394 347 4455 Aspice
366 4386 484 4449 tittdobc.
509 4393 550 4441 Pro
568 4392 653 4453 Aspice
671 4393 694 4438 iu
711 4385 818 4446 (itidob.
838 4395 899 4438 ectot
917 4386 1028 4450 Aspicite.
1074 4385 1098 4436 2.
1117 4386 1146 4438 sd
1168 4388 1238 4438 deum
1254 4388 1323 4438 Cbri-

160 4469 226 4509 stum
252 4463 286 4510 cd.
346 4459 368 4507 3.
388 4475 446 4520 nega
474 4461 509 4508 cd.
561 4459 584 4507 4.
604 4453 750 4507 cariatto.
795 4458 870 4519 magis
894 4455 966 4504 beria
989 4455 1083 4520 reliqui.
1142 4455 1166 4505 b.
1191 4465 1216 4506 nt
1238 4455 1325 4517 (eid.)

160 4529 258 4592 aperias
276 4523 364 4578 tutat.
400 4529 493 4591 aperire
511 4529 602 4591 reliqui.
655 4525 676 4575 6.
697 4527 726 4575 de
744 4542 787 4575 om.
801 4526 827 4574 B.

198 4699 221 4745 b.
240 4701 284 4745 Ant
301 4693 359 4761 nisi]
378 4696 410 4745 lta
424 4696 565 4744 emendasse
578 4696 637 4745 baec
650 4696 718 4744 rerba
772 4695 824 4744 cod.
835 4693 961 4743 Fnidsnsis
979 4693 1052 4743 deleri
1062 4693 1167 4743 toeniam
1179 4694 1252 4754 magis
1270 4698 1325 4739 ants

161 4767 222 4815 mibi
242 4766 330 4813 videor.
358 4763 720 4826 ct.tnuacap.1t.,uottere
771 4764 852 4811 david.
889 4762 1045 4812 Usitstissims
1064 4762 1179 4811 estenim
1198 4772 1324 4821 compers-

162 4834 250 4883 eadem
270 4841 416 4895 repetuntur.
773 4831 810 4881 tiri
828 4832 900 4893 magis
919 4829 1011 4894 eiiipsis
1029 4830 1052 4879 iu
1072 4832 1117 4879 boc
1134 4829 1258 4890 scriptore.
1288 4825 1323 4875 ct.

202 4901 259 4964 Cap.
278 4901 326 4949 xit.
367 4916 387 4949 a.
412 4895 494 4963 dauid]
522 4898 554 4947 Er
581 4899 720 4948 auctoritate
772 4892 1304 4960 ednottsdbsVsisnd.Virgin.csp.1'i.
