3242 5775
582 626 621 670 nn
642 626 888 671 mannescrrorut
910 628 1023 672 cannis.
1211 609 1214 614 ’
1328 617 1392 682 tou
1425 643 1427 647 ³

213 774 301 836 aliter
322 773 485 853 disponere
506 775 616 849 coacti,
638 793 676 835 ne
697 775 858 837 ‘creatoris
880 775 1056 852 ‘balneatum
1079 777 1109 839 in
1124 778 1189 859 ipsa
1203 780 1286 858 prius
1302 799 1391 844 carne

216 876 278 937 eius
301 884 492 947 erraverunt,
526 885 578 935 aut
599 873 708 936 nullius
730 875 863 937 veritatis
892 878 1104 940 contendentes
1132 897 1197 941 eam
1226 881 1391 944 secundum

215 974 394 1036 Marcionem
411 984 440 1036 et
454 974 638 1049 ‘Basilidem
662 984 712 1037 aut
731 976 872 1056 propriae
894 977 1041 1054 qualitatis
1064 979 1227 1041 secundum
1249 979 1390 1044 haereses

216 1074 377 1137 'Valentini
400 1084 431 1136 et
451 1074 599 1154 'Apellen
632 1075 726 1155 Atque
749 1075 787 1136 ita
811 1076 945 1155 seqnitur
966 1086 999 1138 ut
1020 1078 1145 1140 salutem
1168 1079 1390 1142 eius'substan-
1466 1072 1474 1084 ’

218 1176 270 1237 tiae
291 1175 449 1237 excludant
470 1175 556 1236 cuius
571 1175 722 1236 Christum
737 1175 925 1238 ’consortem
942 1186 1063 1257 negant,
1087 1178 1159 1239 certi
1172 1179 1254 1241 iilam
1272 1198 1389 1242 sommo

218 1275 396 1355 praeiudicio
419 1264 650 1337 resurrectionis
674 1258 916 1349 instructam,‘si
939 1279 996 1338 iam
1016 1278 1046 1339 in
1062 1277 1181 1339 Christo
1199 1278 1392 1342 ¹⁰resurrexit

219 1393 292 1437 mro.
343 1375 504 1455 Propterea
535 1385 561 1436 et
591 1396 647 1437 nos
675 1375 812 1437 volumen
842 1359 1058 1455 praemisimus*
1078 1397 1116 1438 nn
1144 1398 1237 1440 canus
1260 1398 1389 1453 annrsrr,

220 1495 272 1555 quo
296 1494 361 1537 eam
385 1485 415 1538 et
435 1476 561 1538 solidam
583 1475 744 1556 probamus
767 1475 950 1537 ¹¹adversum
965 1478 1178 1555 phantasmatis
1194 1478 1389 1553 ”venitatem

221 1584 246 1635 et
273 1577 433 1638 humanam
470 1576 651 1638 vindicamus
684 1577 829 1637 adversus
861 1576 1009 1655 ‹puaiitatis
1040 1578 1270 1657 proprietatem,
1304 1578 1388 1641 cuius

223 1674 374 1738 ¹⁸¹conditio
391 1676 542 1738 Christum
564 1687 594 1738 et
616 1676 767 1737 bominem
790 1677 925 1738 etlilium
942 1677 1072 1738 hominis
1088 1677 1286 1757 inscripserit
1314 1678 1389 1740 Car-

222 1794 301 1839 neum
325 1776 403 1837 enim
426 1786 514 1856 atque
537 1796 714 1857 corporeum
737 1776 899 1856 probantes
922 1794 989 1837 eum
1009 1775 1135 1856 proinde
1157 1786 1187 1837 et
1213 1775 1388 1839 obducimus

221 1877 461 1955 praescribendo·
486 1878 598 1938 nullum
620 1876 709 1938 alium
740 1878 919 1937 credendum
948 1876 1036 1938 deum
1064 1884 1183 1955 praeter
1211 1884 1388 1950 creatorem,

223 1976 283 2039 dum
305 1979 394 2039 talem
418 1978 602 2040 ostendimus
625 1977 793 2049 Christum,
824 1978 853 2037 in
877 1996 935 2056 quo
959 1976 1151 2038 “uinosutur
1172 1977 1262 2052 deus,
1292 1976 1387 2057 qualis

224 2078 400 2168 promittitur
422 2097 438 2139 a
461 2088 604 2140 creatore.
656 2077 782 2139 Obducti
811 2078 918 2138 debinc
945 2077 983 2137 de
1011 2076 1067 2138 deo
1096 2077 1194 2139 carnis
1216 2085 1337 2140 auctore
1358 2083 1389 2140 et

223 2177 251 2238 de
271 2179 393 2240 Christo
416 2179 513 2241 carnis
535 2179 724 2257 redemptore
746 2179 803 2238 iam
827 2187 854 2239 et
878 2178 915 2238 de
936 2176 1158 2238 resurrectione
1172 2178 1270 2240 earnis
1285 2178 1387 2239 rerin-
1494 2248 1496 2252 ,

222 2288 326 2341 untur.
362 2279 568 2358 Congruenter
591 2280 738 2340 ¹⁵sciticet.
776 2278 814 2339 Et
836 2276 911 2339 hoc*
933 2279 1026 2338 ferme
1049 2275 1167 2338 '‘modo
1189 2276 1315 2339 dicimus
1337 2278 1390 2339 in«

204 2368 338 2442 'endam
368 2398 434 2440 cum
463 2379 619 2440 haereticis
648 2380 909 2459 disceptationem
955 2376 1029 2438 Nam
1058 2385 1088 2437 et
1117 2377 1193 2438 ordo
1224 2394 1344 2456 semper
1370 2395 1389 2438 a

222 2478 425 2566 principalibus
448 2479 553 2557 deduci
576 2480 726 2559 exposcit,
750 2489 782 2541 ut
804 2481 840 2539 de
862 2479 929 2558 ipso
951 2477 1036 2557 prius
1059 2483 1176 2556 constet
1197 2495 1289 2556 aquo
1304 2476 1388 2538 dica-

223 2587 260 2641 tur
281 2580 461 2661 dispositum
485 2581 653 2660 essequod
683 2580 844 2659 quaeritur.
900 2579 1000 2656 Atque
1022 2579 1101 2642 aden,
1125 2585 1155 2639 et
1182 2575 1323 2641 baeretici
1352 2594 1389 2638 ex

222 2680 394 2744 conscientia
417 2680 595 2742 infirmitatis
612 2698 761 2758 nunquam
778 2679 928 2739 ordinarie
944 2686 1079 2739 tractant.
1108 2677 1188 2739 Certi
1204 2675 1283 2766 enim
1298 2694 1387 2756 quam

222 2779 378 2844 ”laborent
399 2781 430 2842 in
452 2780 573 2842 alterius
596 2780 757 2840 divinitatis
786 2779 984 2841 insinuatione
1006 2778 1150 2839 adversus
1173 2777 1260 2843 deum
1283 2775 1387 2839 mundi

221 2882 351 2945 omnibus
374 2881 545 2943 naturaiiter
567 2892 669 2943 notum
692 2880 729 2942 de
751 2880 931 2941 testimoniis
955 2898 1096 2959 operum,
1126 2888 1207 2939 certe
1229 2887 1260 2939 et
1281 2876 1387 2941 insa·

221 2984 370 3070 cementis
393 2984 523 3062 priorem
547 2991 577 3043 et
600 2982 656 3041 ¹⁸in
679 2974 949 3061 praedicationibus
973 2978 1224 3052 manifestiorem,
1249 2976 1305 3039 sub
1329 2975 1386 3038 ob-

220 3091 293 3147 tentu
316 3084 403 3165 quasi
427 3082 605 3162 urgentioris
628 3101 749 3155 causae,
775 3083 831 3142 ¹⁹id
855 3092 901 3142 est
924 3081 1018 3161 ipsius
1035 3081 1180 3141 humanae
1202 3078 1306 3140 salutis
1321 3084 1390 3138 ante

219 3187 308 3248 omnia
331 3183 572 3263 ¹”requirendam
595 3202 611 3244 a
634 3183 860 3262 quaestionibus
883 3180 1112 3270 resurrectionis
1135 3177 1297 3258 incipiunt,
1320 3176 1390 3255 quia

219 3285 326 3348 durius'
346 3285 478 3346 creditur
506 3283 687 3344 resurreetio
717 3282 814 3342 carnis
844 3298 930 3359 quam
958 3297 1016 3339 una
1045 3277 1200 3348 divinitas3
1234 3284 1321 3354 atque
1349 3274 1389 3334 ita

219 3393 367 3449 tractatum
390 3384 501 3445 viribus
525 3384 637 3444 ordinis
661 3382 708 3443 sui
737 3382 909 3441 destitutum
933 3388 963 3439 et
982 3375 1131 3455 scrupulis
1152 3373 1253 3453 potius
1279 3390 1388 3433 onera-

219 3493 290 3561 tum,
313 3484 578 3565 ”depretiantibus
602 3501 737 3551 carnem,
759 3481 898 3558 paulatim
914 3477 978 3538 ²²ad
995 3477 1116 3536 atterius
1133 3471 1294 3533 divinitatis
1309 3477 1389 3530 tem·

217 3597 318 3665 perant
340 3605 464 3647 sensum
486 3605 521 3646 ex
544 3587 608 3663 ipsa
632 3584 695 3662 spei
719 3580 916 3641 concussione
945 3587 975 3639 et
996 3572 1207 3637 demutatione.
1250 3568 1389 3631 Deiectus
1447 3584 1468 3630 ,’

217 3740 236 3788 1.
255 3740 374 3790 creatoris
392 3741 476 3802 amad„
498 3738 561 3786 Fato.
577 3737 681 3783 Ursinus.
722 3735 803 3782 hotot
828 3733 890 3781 cunr
913 3730 1022 3779 recondis
1040 3725 1114 3776 Nicoi.
1132 3722 1253 3785 dipsitiet.
1294 3727 1390 3799 ematur

218 3811 292 3856 urnis
309 3808 404 3870 retinui,
425 3809 499 3856 codes
517 3806 603 3853 i'itioei
622 3811 642 3851 et
661 3804 767 3850 inurent.
821 3800 844 3848 5.
864 3799 993 3846 baberetur
1011 3795 1042 3842 io.
1059 3810 1073 3842 o
1092 3790 1199 3840 Wouner.
1258 3787 1282 3838 d
1301 3786 1389 3836 unsru-

218 3875 312 3925 ΜΛ
365 3871 632 3921 imfflmmffl
686 3856 1389 3933 dmfflmbwfflmddwmfflmw

219 3950 270 4001 sant
287 3943 364 4001 oded,
385 3942 413 3989 de
431 3942 498 3989 tibris
519 3940 637 4000 Gerroneii.
673 3944 760 3994 negant
778 3935 873 3997 retinui,
894 3939 913 3979 et
932 3931 1039 3979 inurent.
1094 3923 1133 3973 10.
1152 3930 1284 3973 resurrexit
1300 3922 1391 3973 tutem

219 3990 1389 4066 ermwmffl.stwffludfflmmmfflmwss'st

218 4086 235 4125 et
244 4077 308 4126 Fato.
317 4076 422 4124 Urmnur.
459 4074 602 4123 nativitatem
621 4071 664 4120 ΑΒ.
683 4077 729 4117 tm
742 4068 852 4125 Vaticani,
873 4072 893 4113 et
912 4065 1018 4112 inureret.
1062 4059 1100 4108 ta.
1120 4064 1156 4106 ert
1171 4057 1244 4106 editio
1255 4057 1279 4106 d.
1314 4055 1388 4105 eitto

219 4151 261 4192 tres
281 4145 394 4193 Vaticani.
436 4141 540 4189 addictio
566 4141 672 4188 inurent.
733 4136 771 4182 11.
796 4131 945 4194 dignoscitur
963 4132 986 4178 d.
1049 4126 1087 4175 lb.
1111 4124 1212 4190 scilicet.
1242 4124 1272 4173 Et
1294 4121 1389 4171 hocd.

219 4211 307 4259 sciiicet
326 4210 373 4258 boc
391 4209 528 4257 Frdunius.
569 4206 662 4252 scilicet
680 4211 703 4251 et
721 4202 750 4249 de
769 4201 815 4264 deo
834 4207 931 4247 auctore
949 4195 1029 4245 carnis
1047 4201 1071 4242 et
1087 4191 1118 4242 de
1135 4191 1232 4241 cbristo
1251 4189 1331 4239 carnis
1348 4202 1389 4237 re-

219 4278 349 4339 demptore.
376 4276 428 4324 iioc
444 4276 548 4325 Addaia.
566 4273 671 4321 inurent.
733 4267 772 4316 16.
797 4268 899 4316 dicimus
923 4262 1051 4312 ineundam
1076 4258 1149 4308 modo
1166 4259 1191 4307 A„
1235 4255 1338 4306 diunius
1364 4256 1388 4304 io

219 4347 318 4394 enodem
337 4361 359 4394 n.
395 4343 498 4391 dicimus
517 4342 540 4388 in
560 4339 659 4386 eandem
678 4336 703 4385 B.
759 4334 797 4383 11.
817 4329 988 4382 laborantid.
1008 4330 1116 4377 inurent.
1169 4323 1389 4375 minamine·

218 4420 272 4460 rent.
317 4411 358 4460 tu.
377 4410 412 4459 rei
432 4411 508 4472 ipsius
526 4407 568 4456 ΑΒ.
621 4404 662 4453 20.
680 4401 824 4466 requirenda
844 4416 871 4449 ea
890 4395 1072 4463 quaestionibus
1089 4408 1149 4456 amp.
1191 4389 1232 4440 tt.
1250 4389 1389 4467 depretian-

219 4480 280 4528 tibus
303 4492 401 4528 carnem
425 4477 492 4525 nied.
536 4471 713 4536 depreciatibus
738 4470 817 4518 carnis
840 4468 900 4518 ABG.
925 4465 1032 4516 merent.
1093 4459 1135 4510 22.
1158 4457 1189 4508 ad
1214 4457 1313 4508 alterans
1338 4456 1388 4505 obs.

218 4546 316 4595 atterius
333 4547 428 4608 reliqui.
446 4544 553 4591 inurent·

250 4695 271 4729 c
290 4677 433 4727 obducimus
449 4668 650 4740 praescribendo]
662 4671 778 4721 Dererbo
864 4668 888 4715 d.
907 4665 1005 4715 scilicet
1030 4663 1060 4712 Et
1077 4656 1136 4727 hoc]
1156 4652 1392 4732 Friuniuadistin-
1441 4727 1445 4733 1

218 4748 330 4797 otuoeere
348 4746 378 4794 ct.
398 4744 488 4793 adnott.
509 4742 538 4790 ad
557 4740 657 4802 Apolog.
677 4754 729 4801 cap.
737 4737 778 4786 16.
832 4734 881 4796 guit
899 4740 922 4784 et
939 4732 1024 4781 scribit
1041 4719 1226 4792 „Conamenter
1239 4720 1332 4772 sutreet
1344 4718 1393 4767 bos
1435 4757 1441 4762 .

217 4822 242 4862 et
254 4813 284 4863 dc
291 4814 449 4878 praeeminere
464 4812 519 4861 adn.
532 4808 671 4871 adipoiog.
690 4820 743 4869 cap.
755 4805 780 4854 t.
832 4805 909 4853 terme
928 4799 1000 4849 modo
1018 4813 1074 4863 sqq.
