3242 5775
605 457 607 462 ⁴
652 426 967 504 aommue‘raexaaa.
1332 456 1395 519 657

218 623 287 670 erae
308 605 513 687 principaliter
533 626 551 670 a
571 626 632 688 quo
655 609 891 672 communicator
911 610 943 671 in
964 609 1074 687 liliam,
1098 622 1128 676 et
1144 613 1215 678 dnm
1236 615 1316 679 illins
1339 630 1397 694 cst,

216 707 343 789 proinde
364 706 567 770 monarchiam
591 716 676 783 esse,
710 727 786 790 quae
812 729 831 771 a
858 711 977 774 duobus
1003 720 1065 776 um
1091 715 1188 778 unicis
1215 718 1396 782 continetur.

217 808 309 889 lgitm
330 809 358 871 si
381 817 412 871 et
431 809 604 871 monardria
626 809 752 872 ¹⁵divina
772 828 828 891 per
851 820 895 873 tot
916 813 1049 893 legiones
1078 824 1108 877 et
1130 818 1279 880 exereitus
1302 837 1394 899 ange-

217 909 314 973 lorum
337 909 571 984 administratur,
594 911 672 974 sicut
692 912 838 992 scriptum
853 922 915 975 eat:
938 914 1033 977 Milies
1048 917 1159 980 centies
1175 928 1299 982 centena
1313 921 1529 999 miliariorum

218 1011 402 1075 adsistebant
423 1010 467 1085 ei,
499 1021 530 1073 et
549 1012 646 1074 milies
675 1022 796 1075 centena
824 1013 906 1076 milia
933 1016 1141 1098 ¹‘apparebant
1169 1019 1213 1093 ei,
1241 1038 1299 1083 nee
1325 1022 1395 1085 ideo

217 1114 304 1176 nnius
326 1131 398 1175 esse
419 1112 522 1185 desiit,
545 1121 579 1174 ut
598 1112 716 1175 desinat
736 1116 907 1178 monarchia
930 1136 1013 1195 esse,
1039 1119 1135 1198 ¹⁷quia
1148 1138 1205 1200 per
1219 1128 1299 1184 anta
1314 1123 1396 1185 milia

215 1213 358 1276 virtutum
378 1208 571 1294 procurator:
595 1215 680 1294 quale
703 1225 748 1277 est
768 1225 803 1278 nt
825 1217 899 1279 deus
921 1218 1099 1281 divisionem
1122 1230 1152 1283 et
1173 1222 1395 1302 dispersionem

216 1316 279 1395 pati
301 1315 433 1378 rideatur
452 1315 483 1375 in
504 1316 565 1376 tilio
588 1325 619 1377 et
639 1317 671 1377 in
694 1317 801 1398 spiritu
817 1328 939 1394 sancto,
962 1320 1125 1382 secundum
1142 1330 1173 1384 et
1187 1324 1307 1385 tertium
1322 1343 1394 1388 sor·
1459 1303 1461 1307 ὗ

216 1418 279 1496 titis
303 1417 418 1489 locum,
441 1414 501 1479 tani
523 1418 712 1479 consortibus
736 1418 921 1481 substantiae
942 1420 1051 1499 patris,
1074 1421 1176 1500 ¹⁸qnas
1200 1442 1261 1485 non
1283 1425 1396 1504 patitur

216 1521 247 1581 in
269 1528 315 1581 tot
336 1518 508 1597 angelorum
530 1519 683 1587 numero?
715 1521 856 1600 ¹⁰Eequid
878 1529 946 1583 nata
967 1541 984 1581 a
1006 1521 1172 1583 substantia
1185 1525 1280 1602 patris
1295 1543 1392 1587 mem-

215 1621 287 1681 hra‘
309 1628 341 1680 et
361 1619 485 1698 pignora
509 1628 538 1680 et
559 1620 755 1683 instrumenta
778 1632 809 1682 et
829 1622 925 1701 ipsam
948 1623 1008 1683 vim
1025 1640 1059 1683 ac
1074 1631 1169 1684 totum
1185 1641 1308 1685 censum
1324 1643 1393 1686 mo·
1448 1625 1456 1702 j

217 1720 357 1782 narchiae
379 1719 564 1781 eversionem
586 1722 711 1801 deputas
734 1720 825 1783 eius?
855 1721 922 1782 Non
945 1732 1036 1784 recte.
1067 1723 1143 1784 lllalo
1166 1732 1196 1785 te
1218 1724 1394 1787 adsensum

216 1822 258 1884 rei
282 1839 372 1900 quam
394 1820 430 1882 ad
452 1839 568 1882 sonum·
582 1814 716 1884 vocabuli
740 1841 890 1884 exerceas.
944 1823 1068 1884 Eversio
1098 1823 1177 1885 enirn
1205 1825 1395 1888 monarchiae

218 1923 265 1985 illa
287 1920 409 1984 esttibi
432 1922 644 2000 intellegenda,
679 1943 745 1984 cum
774 1925 831 1986 alia
858 1924 1021 1985 dominatio
1049 1942 1122 1986 suae
1150 1926 1335 1989 condicionis
1364 1933 1396 1988 et
1493 1907 1497 1916 ¹

217 2024 331 2105 proprii
355 2030 451 2084 status
473 2042 507 2083 ac
527 2041 581 2102 per
603 2024 661 2085 hoc
682 2024 795 2085 aemula
817 2025 1042 2104 superducitur,
1065 2043 1132 2087 cum
1155 2025 1229 2086 alias
1253 2026 1326 2088 deus
1344 2026 1393 2088 in-

217 2127 311 2188 tertur
326 2124 470 2185 adversus
486 2134 666 2198 creatorem,
689 2125 785 2186 ²⁰cum
800 2125 979 2198 Marcione⁸‚
1003 2144 1069 2187 cum
1086 2126 1205 2204 plures,
1229 2127 1393 2188 secundum

218 2226 391 2289 Valentinos
414 2235 443 2286 et
457 2224 646 2300 ¹¹Prodicos3
669 2234 738 2287 tunc
761 2227 791 2287 in
814 2225 1002 2287 monarchiae
1024 2225 1256 2300 ²²eversionem‚
1280 2243 1347 2288 cum
1361 2226 1393 2288 in
1431 2274 1434 2280 .

217 2327 364 2392 creatoris
387 2326 630 2388 destructionem.

302 2429 440 2490 Ceterum
474 2429 524 2508 qui
553 2427 644 2489 filium
674 2447 733 2493 non
763 2428 882 2489 aliunde
914 2427 1044 2501 deduco,
1078 2428 1132 2490 sed
1159 2428 1196 2490 de
1227 2426 1393 2491 substantia
1413 2442 1511 2501 capua.

217 2532 328 2611 patris,
351 2529 426 2591 nihil
447 2530 601 2591 facientem
624 2530 689 2591 sine
710 2529 803 2608 patris
832 2528 999 2602 voluntate,
1032 2545 1152 2590 omnem
1175 2538 1296 2610 epatre
1318 2547 1392 2591 con·

215 2642 353 2696 secutum
374 2639 568 2711 potestatem,
601 2631 750 2709 quomodo
779 2648 905 2709 possum
934 2629 971 2691 de
1000 2629 1057 2691 lide
1085 2630 1241 2692 destruere
1269 2649 1393 2693 monar-

216 2736 330 2808 chiam,
354 2752 442 2814 quam
463 2752 480 2792 a
501 2742 587 2812 patre
609 2732 669 2792 lilio
692 2732 827 2792 traditam
850 2732 880 2791 in
904 2730 965 2793 lilio
987 2730 1100 2793 servo?
1131 2732 1197 2793 Hoc
1217 2732 1290 2793 mihi
1313 2732 1394 2793 etin

216 2821 339 2898 tertium
362 2833 483 2915 madum
506 2834 615 2895 dictum
640 2833 694 2905 sit,
728 2832 795 2911 quia
826 2831 962 2911 spiritum
990 2850 1049 2894 non
1073 2833 1190 2895 aliunde
1212 2843 1285 2912 puto
1308 2850 1394 2913 quam

216 2947 341 3018 epatre
363 2955 418 3015 per
438 2936 540 2996 lilium.
584 2935 657 2995 lide
680 2953 751 3012 ergo
774 2952 810 2994 ne
841 2942 871 2994 tu
898 2935 999 3012 potius
1023 2935 1223 2995 monarchiam
1246 2935 1393 3008 destruas,
1478 2910 1482 2914 ⁸

216 3040 267 3119 qni
289 3037 518 3116 dispositionem
542 3046 571 3096 et
594 3035 848 3114 dispensationem
877 3033 941 3094 eius
972 3035 1080 3096 evertis
1104 3036 1133 3095 in
1158 3043 1201 3094 tot
1222 3033 1394 3095 nominibus

217 3140 411 3202 constitutam
433 3137 463 3197 in
485 3147 559 3216 quot
579 3138 654 3197 deus
677 3136 779 3196 voluit.
813 3136 893 3195 Adeo
917 3142 1014 3195 atatem
1038 3135 1046 3165 ¹
1054 3142 1153 3195 manet
1175 3134 1204 3194 in
1227 3150 1283 3193 suo
1306 3139 1392 3203 statu,

217 3241 286 3303 licet
309 3239 426 3300 trinitas
449 3239 608 3308 inseratur,
638 3247 670 3297 ut
692 3237 779 3296 etiam
802 3236 920 3296 restitui
944 3233 1051 3295 haheat
1070 3233 1145 3311 patri
1168 3252 1183 3292 a
1205 3231 1275 3300 lilio,
1300 3231 1395 3310 siqui·

218 3343 288 3405 dem
310 3339 464 3421 apostolos
488 3339 592 3400 scribit
612 3339 649 3398 de
673 3338 776 3398 ultimo
798 3338 873 3397 line:
904 3335 976 3396 Cum
1004 3333 1158 3394 tradiderit
1184 3338 1306 3410 regnum
1337 3331 1529 3410 deorumne

218 3453 250 3505 et
270 3443 359 3524 patri.
406 3442 533 3520 Oportet
561 3439 639 3500 enim
667 3457 734 3499 aaran
765 3456 889 3516 regnare
920 3453 1013 3513 usque
1041 3434 1110 3494 dum
1138 3441 1229 3512 ponat
1257 3417 1411 3493 inimicos‘

220 3546 287 3606 eius
310 3545 383 3604 deus
407 3542 462 3602 suh
484 3540 595 3620 ²pedes
618 3540 730 3619 ipsius,
755 3539 869 3599 scilicet
891 3536 1052 3597 sectandum
1075 3534 1238 3615 psalmum:
1261 3532 1338 3595 Sede
1359 3533 1395 3594 ad
1410 3560 1520 3611 pacm,

219 3646 372 3707 dexteram
394 3661 505 3714 meam,
529 3642 624 3701 donec
645 3659 754 3720 ponam
776 3639 912 3700 inimicos
928 3646 996 3697 taos
1013 3635 1172 3698 scabellum
1193 3635 1302 3717 pedum
1323 3643 1395 3695 tuo-

223 3798 526 3849 taurominitana.
586 3793 625 3843 16.
643 3792 839 3856 approperabant
856 3794 881 3841 Α.
901 3791 963 3840 leid.
1019 3788 1309 3852 liquiaembleid.
1356 3787 1395 3837 18.

221 3868 337 3931 qaamd.
375 3865 439 3928 qnod
459 3864 571 3913 Latmius.
627 3861 664 3909 19.
684 3860 774 3922 Ecqrrid
794 3869 848 3908 nata
868 3875 879 3906 a
899 3857 1033 3907 substantia
1056 3857 1133 3918 patris
1158 3855 1265 3904 roemhra
1284 3870 1333 3917 epo.
1369 3856 1398 3903 Et

222 3935 320 3998 qnidam
339 3943 387 3982 tam
407 3947 420 3979 a
438 3931 571 3980 substantia
592 3931 666 3993 patris
692 3929 798 3976 membra
817 3930 857 3976 Ao.
876 3927 940 3976 leid.
984 3933 1008 3973 et
1032 3920 1128 3987 quidem
1152 3931 1199 3972 tam
1225 3923 1360 3972 alienorum
1385 3938 1398 3971 a

222 4003 357 4056 substantia
376 3996 473 4063 patris?
497 3999 604 4046 membra
623 4000 657 4046 tic.
699 3995 836 4058 etquidem
856 4003 903 4043 tam
923 3991 1087 4041 asuhstantia
1107 3986 1212 4039 alienis?
1239 3990 1345 4038 liembra
1365 3991 1396 4049 d,

221 4087 272 4119 cunr
290 4071 373 4120 Fulvio
392 4068 483 4115 tlrrino.
528 4064 568 4113 20.
588 4080 641 4114 crim
661 4063 780 4112 Marcione
799 4077 849 4126 epo.
884 4062 951 4109 'l'unc
970 4058 1032 4108 male
1050 4059 1209 4108 libriemnes.
1252 4055 1292 4107 21.
1312 4057 1398 4106 Prodi·

220 4153 264 4187 ecs
282 4130 611 4197 Mancinianae-ama.
647 4130 747 4180 Procles
766 4132 803 4179 eb.
839 4127 1084 4193 prodigosld.teid.
1119 4123 1160 4176 22.
1178 4124 1272 4175 eversio
1290 4131 1327 4174 est
1344 4139 1398 4175 cnm

221 4206 341 4255 creatoris
360 4203 492 4251 destructio
512 4209 548 4250 est
563 4203 588 4249 A.
599 4215 629 4248 m.
640 4215 685 4249 sec.

293 4273 351 4334 Cap.
371 4271 408 4320 lll.
446 4269 468 4318 l.
487 4269 511 4318 in
529 4283 573 4317 sno
592 4276 654 4317 statu
676 4273 755 4316 manet
771 4265 795 4314 l.
815 4265 880 4314 leid.
932 4260 955 4310 2.
975 4259 1078 4325 pedibus
1097 4261 1122 4311 el.
1140 4261 1204 4312 leid.

257 4423 277 4457 e.
305 4405 398 4469 Ecquid
427 4412 481 4454 nata
511 4419 523 4452 a
549 4401 684 4451 substantia
712 4401 788 4464 patris
839 4396 969 4446 videbator.
987 4387 1053 4445 'Nan
1073 4393 1130 4458 quid
1148 4392 1282 4444 sibinellet
1298 4391 1399 4456 pristina

222 4471 346 4537 membra]
363 4474 398 4521 lta
418 4473 477 4520 haee
494 4471 565 4520 verba
585 4471 711 4519 restituere
731 4469 787 4516 mihi
839 4465 880 4513 illa
905 4471 929 4513 et
951 4462 1044 4524 vulgata
1071 4462 1190 4525 scriptura
1217 4461 1302 4522 „Tunc
1319 4457 1401 4507 male“

220 4545 289 4592 visus
313 4555 376 4589 snm.
418 4540 453 4588 lle
479 4554 528 4588 roc.
551 4541 650 4602 pinotere
677 4537 707 4585 cl.
727 4550 788 4599 quae
841 4547 911 4581 nemo
930 4531 1008 4581 adhoc
1026 4530 1178 4593 interpretari
1196 4529 1282 4593 potuit.
1314 4523 1401 4573 Prodi·

224 4609 336 4659 annotavi
356 4609 386 4656 ad
405 4607 439 4655 De
457 4605 544 4655 ldolol.
564 4619 615 4669 cap.
632 4601 669 4652 ta.
841 4614 895 4649 cum
919 4600 976 4649 item
1002 4612 1054 4648 cum
1072 4597 1197 4647 Valentino
1223 4595 1298 4659 iungit
1315 4592 1400 4654 Seorp.

239 4679 284 4727 'd.
310 4690 364 4725 cum
387 4669 520 4739 Marcione]
548 4673 582 4721 lta
606 4669 789 4721 rescribendum
841 4682 894 4731 cap.
914 4666 957 4716 ult.

260 4762 647 4805 Tarracauaroar.rn.orniaa.
683 4754 784 4800 Tomll.
1213 4743 1247 4794 42
