3242 5775
245 623 307 703 176
504 636 604 687 ouvnrv
627 634 759 678 servium
782 633 947 677 rsoasnuvs
969 632 1168 678 marcatum

243 791 421 868 Argumenta
445 761 524 846 enim
546 785 668 864 figurata
690 782 821 861 ”utpote
842 780 1066 862 ”prophetatae
1087 781 1162 861 legis
1186 782 1285 844 adhoc
1304 782 1335 844 in
1354 793 1394 850 au'

244 887 420 968 imaginibus
443 885 594 959 tuebatur,
617 903 692 963 quae
714 883 918 963 significabant
939 883 1091 944 bominem
1114 883 1265 963 quondam
1280 894 1394 965 peccate-

244 1009 307 1051 rem
330 989 421 1049 verbo
444 1005 515 1047 mox
536 986 583 1047 dei
612 985 806 1046 emaculatum
836 986 945 1045 offerre
973 984 1083 1046 debera
1111 1003 1222 1047 munus
1257 986 1312 1048 deo
1338 983 1394 1067 apsi

245 1090 403 1172 templum,
436 1087 600 1149 orationem
635 1086 747 1148 'scilicet
779 1094 810 1146 et
841 1086 987 1148 actionem
1022 1086 1183 1165 gratiarum
1218 1088 1294 1167 apud
1322 1087 1394 1150 corle

245 1192 319 1253 siam
347 1208 401 1269 per
426 1188 574 1249 Christum
599 1188 715 1260 lesum,
748 1187 924 1248 catholicum
948 1187 1043 1267 patris
1070 1188 1268 1250 sacerdotem.
1316 1188 1394 1268 ltaqss

245 1291 368 1363 adiecit,
390 1290 428 1350 Ut
450 1289 489 1350 ait
510 1289 595 1350 vobis
618 1289 649 1349 in
671 1288 892 1360 testimonium,
914 1288 979 1350 sine
1002 1287 1093 1349 dubio
1116 1306 1176 1367 quo
1199 1289 1394 1354 testabaturst

244 1394 339 1472 legem
361 1408 422 1451 non
445 1390 622 1463 dissolvere,
657 1390 709 1451 sed
738 1388 944 1467 ²“adimplarm
976 1408 1035 1467 quo
1064 1389 1231 1450 testabatur
1258 1408 1291 1451 sc
1318 1390 1394 1469 ipsu!

245 1513 314 1556 esse
336 1492 385 1572 qui
407 1490 529 1551 morbos
557 1500 587 1551 et
614 1488 795 1551 valetudines
824 1509 928 1550 corum
958 1499 1153 1568 suscepturus
1182 1491 1394 1552 annuntiabam

245 1595 328 1656 Hanc
348 1592 436 1653 ¹“tam
458 1599 669 1669 congruentem
687 1599 716 1651 et
731 1590 858 1651 debitam
873 1590 1150 1670 interpretationum
1165 1591 1325 1653 testimonii
1338 1589 1394 1652 adu

246 1695 323 1756 lator
353 1691 462 1754 Christi
490 1691 534 1754 sui
563 1691 694 1753 Marcion
729 1691 785 1772 sub
818 1691 940 1753 obtentu
968 1691 1205 1753 mansuetudinis
1236 1702 1266 1754 et
1291 1689 1394 1754 lenitati

248 1795 363 1876 quaerit
384 1793 548 1855 excludere.
586 1792 659 1853 Nam
683 1801 713 1854 et
732 1792 848 1866 bouus,
871 1792 980 1871 inquit,
1003 1802 1155 1872 praeterea
1178 1794 1277 1855 sciens
1298 1809 1394 1856 omn!

248 1897 298 1977 qui
325 1897 406 1975 lepra
440 1901 523 1956 asset
552 1893 696 1954 liberatus
731 1892 875 1954 solemnia
908 1893 981 1972 legis
1015 1903 1223 1968 executurum,
1256 1893 1394 1958 ”ideali

248 1998 408 2080 praecepit.
447 1995 525 2068 Quid
554 1992 639 2056 tum?
682 1993 924 2055 Perseveravitne
947 1994 977 2055 in
998 1993 1148 2068 bonitate,
1170 1995 1201 2057 id
1224 2005 1270 2057 est
1289 1993 1394 2076 permis

249 2100 336 2162 sione
363 2097 454 2176 legis,
487 2095 553 2157 ”an
580 2093 667 2157 uon?
709 2095 741 2155 Si
764 2094 842 2156 enim
869 2094 967 2156 bouus
994 2096 1212 2175 perseveravit,
1244 2095 1394 2176 ”nunqu

250 2200 418 2261 destructor
439 2197 496 2259 erit
516 2196 605 2276 legis,
628 2214 684 2256 nec
705 2195 752 2256 dei
775 2195 895 2257 alterius
917 2196 1088 2269 habebitur,
1116 2204 1252 2258 cessante
1273 2198 1344 2276 legis
1362 2195 1394 2260 ds

251 2299 415 2362 structione
437 2315 599 2377 perquam
623 2296 743 2358 alterius
765 2297 811 2358 dei
835 2296 1038 2358 ”vindicatum
1088 2298 1119 2359 Si
1143 2316 1203 2358 non
1225 2295 1394 2386 persever-as?

249 2401 367 2473 bonus,
396 2398 576 2460 destruendo
598 2407 703 2476 postea
725 2397 835 2476 legem,
864 2397 971 2459 falsum
1001 2417 1071 2477 crgo
1095 2398 1297 2460 testimonium
1318 2405 1394 2478 poelt

252 2500 405 2563 collocavit
425 2499 500 2577 apud
524 2498 592 2558 illos
615 2499 644 2558 in
668 2500 820 2560 curatione
841 2499 971 2578 leprosi;
994 2500 1127 2560 deseruit
1149 2499 1228 2561 enim
1249 2499 1394 2562 bonitate

252 2600 322 2661 dum
344 2598 469 2659 destruit
489 2597 594 2676 legem.
628 2600 721 2661 llalus
743 2599 817 2672 iam,
840 2599 957 2679 quando
979 2600 1054 2677 legis
1069 2601 1216 2673 eversor,
1238 2599 1259 2632 ³¹
1268 2601 1294 2661 si
1315 2600 1394 2680 bon!

253 2719 319 2762 cum
341 2698 414 2777 legis
436 2697 577 2760 indultor.
616 2698 674 2759 Sed
697 2708 727 2760 et
748 2718 801 2774 eo,
826 2700 906 2779 quod
928 2700 1051 2761 indulsit
1071 2701 1129 2780 legi
1152 2701 1345 2780 obsequium,
1363 2697 1394 2766 ht

254 2820 321 2862 nam
343 2800 437 2878 legem
460 2799 653 2860 confirmavit.
697 2799 789 2861 Nemo
813 2802 893 2862 enim
915 2800 1020 2861 ³¹malo
1044 2802 1167 2881 obsequi
1190 2802 1308 2881 patitur.
1343 2799 1394 2884 Em

254 2911 285 2963 et
306 2904 350 2963 sic
371 2902 481 2975 malus,
505 2901 531 2962 si
554 2901 730 2981 obsequium
752 2903 846 2964 malae
867 2901 924 2981 legi
946 2902 1086 2977 indulsit,
1116 2912 1146 2965 et
1166 2904 1211 2965 sic
1231 2903 1394 2977 deterior,:v

254 3005 352 3065 bonae
373 3003 447 3081 legis
470 3002 640 3064 destructor
660 3003 786 3065 advenit.
837 3002 965 3065 Proinde
992 3005 1018 3066 si
1048 3015 1078 3066 ut
1108 3006 1206 3066 sciens
1234 3018 1394 3091 omnem}

255 3105 336 3185 lepra
363 3104 505 3164 liberatus
533 3111 613 3165 esset
639 3102 679 3163 ita
706 3104 849 3165 facturum
882 3104 950 3164 ideo
982 3105 1134 3184 praecepit
1164 3124 1273 3167 munus
1305 3105 1394 3167 ollas!

255 3206 353 3286 potuit
374 3212 404 3264 et
425 3221 486 3264 non
507 3201 696 3282 praecepisse
718 3204 796 3282 quod
830 3203 941 3265 sciehat
967 3204 1046 3266 ultro
1074 3207 1216 3268 futurum.
1258 3207 1292 3268 ln
1317 3216 1394 3291 vau!

257 3326 328 3386 ergo
351 3304 519 3377 descendit,
542 3304 626 3382 quasi
647 3302 741 3380 legem
765 3304 988 3379 destructurus,
1011 3324 1077 3367 cum
1100 3307 1176 3368 cedit
1198 3294 1394 3369 obsecutovih'

256 3409 342 3488 legis.
374 3406 511 3485 ³“Atquin
533 3404 616 3484 quasi
640 3404 738 3465 sciens
761 3405 908 3467 sormam*
932 3426 1034 3469 eorum
1057 3407 1149 3485 magis
1171 3407 1263 3470 abes
1288 3414 1394 3471 svesai

258 3512 314 3571 dos
336 3507 509 3587 praevenire
531 3505 687 3578 debuerat,
710 3506 735 3567 si
758 3506 789 3566 in
810 3508 870 3568 hoc
891 3517 1022 3569 venerat.
1057 3507 1116 3570 Cur
1136 3507 1236 3587 ”ergo
1250 3526 1311 3570 non
1326 3516 1394 3571 tac!

257 3619 291 3668 ut
312 3609 402 3668 homo
425 3607 489 3666 solo
518 3626 574 3669 suo
603 3606 725 3667 arbitrio
753 3606 810 3685 legi
843 3607 1003 3671 obediret?
1039 3617 1110 3670 tunc
1137 3609 1215 3671 enim
1244 3604 1394 3689 eliquat!¹

257 3714 364 3789 posset
385 3705 477 3766 videri
499 3706 657 3785 patientiae
678 3725 749 3768 suaa
763 3707 990 3790 ³‘perstitisset
1026 3710 1084 3770 Sed
1106 3710 1196 3770 adicit
1216 3710 1302 3772 etiam
1324 3678 1394 3787 aud

258 3809 374 3870 vitatam
397 3824 481 3867 suam
503 3816 704 3886 exaggeratam
719 3808 882 3870 testimonii
897 3810 1038 3888 pondere.
1073 3810 1162 3872 Cuius
1182 3810 1241 3872 iam
1256 3794 1394 3885 testimd

258 3908 318 3972 nisi
339 3908 413 3987 legis
436 3907 589 3969 assertae?
626 3908 712 3969 Certe
733 3908 807 3970 nihil
830 3911 955 3972 intereat
976 3912 1126 3991 quomodo
1148 3911 1310 3973 firmaverit
1321 3911 1394 3991 leq!

260 4009 322 4070 sive
343 4027 400 4087 qua
420 4008 535 4082 bonus,
560 4010 621 4070 sive
644 4027 700 4087 qua
723 4029 941 4090 supervacuus,
965 4013 1028 4073 sive
1050 4032 1107 4092 qua
1128 4013 1263 4092 patiens,
1289 3998 1394 4089 siuet}

260 4160 301 4212 23.
319 4167 403 4225 utpote
420 4163 443 4211 el.
485 4167 568 4223 utputa
585 4160 673 4212 aceto.
733 4161 774 4212 24.
793 4163 951 4226 prophetatae
977 4167 1012 4215 cd.
1035 4165 1137 4216 Vaticani
1154 4166 1210 4214 dac.
1253 4163 1368 4230 propheta

259 4229 393 4293 prophetae
412 4228 450 4278 Ca.
502 4227 542 4277 25.
562 4229 718 4291 impleresb.
770 4229 811 4279 26.
832 4240 905 4280 totam
924 4235 945 4281 h.
999 4231 1039 4280 27.
1058 4232 1118 4281 adeo
1136 4232 1162 4281 a.
1210 4230 1251 4281 28.
1269 4246 1298 4281 sn
1316 4232 1353 4283 cd.

258 4298 352 4361 reliqui.
393 4294 433 4344 29.
452 4308 573 4358 nunquam
592 4297 628 4345 cd.
662 4311 781 4359 nusquam
799 4299 893 4362 reliqui.
936 4298 978 4350 30.
996 4300 1114 4349 iudicatur
1130 4300 1156 4350 B.
1206 4298 1248 4349 ³1.
1266 4298 1309 4348 sed
1326 4298 1353 4348 3.
1385 4310 1394 4345 .·

261 4363 378 4427 obsequio
398 4363 422 4411 t'.
479 4360 519 4410 33.
538 4365 603 4426 atqui
621 4364 643 4413 b.
701 4362 743 4414 34.
767 4379 825 4427 ergo
844 4367 880 4416 cd.
921 4369 986 4417 enim
1009 4368 1103 4432 reliqui.
1162 4365 1204 4416 35.
1228 4352 1394 4430 perstitisse-‘d

260 4431 412 4493 praestitisse
430 4429 485 4478 libri
502 4444 588 4478 omnes.
1388 4428 1394 4471 t

296 4562 319 4612 d.
337 4556 452 4624 formam]
470 4562 573 4611 lloreat
590 4561 677 4622 legem,
695 4563 820 4613 condicio·
871 4573 945 4615 cetur.
976 4567 1082 4617 Ftvmant
1100 4567 1292 4617 emendationem
1311 4562 1394 4631 qussi*

261 4644 327 4689 uem,
344 4637 470 4690 naturam;
490 4636 605 4692 utsupra
624 4645 676 4692 cap.
687 4630 711 4678 Ἰ.
870 4642 976 4696 quantur
994 4637 1060 4693 „sive
1078 4651 1123 4698 qua
1143 4636 1246 4697 patiens.
1264 4638 1312 4684 siae
1328 4630 1394 4699 qai?-

296 4712 318 4745 ο.
344 4696 472 4759 patientiae
495 4710 553 4744 suaa
582 4693 739 4762 perstitisse]
780 4697 821 4748 Sic
871 4702 1010 4751 constans.“
1049 4703 1178 4762 „Perstare
1202 4686 1394 4766 patientiae‘d

261 4763 436 4813 emendandum
455 4771 506 4812 erat
524 4766 669 4823 necessario,
693 4766 748 4827 qnia
767 4765 818 4813 vul·
870 4769 934 4829 quod
952 4770 993 4819 atii
1012 4780 1139 4833 „perstare
1157 4771 1181 4818 iu
1199 4767 1341 4833 patieutis.“
1389 4768 1394 4805 ἕ

262 4839 315 4891 sats
329 4833 475 4894 praestitisse
498 4844 545 4879 nou
571 4833 643 4881 hahet
661 4834 724 4881 unde
742 4832 818 4896 expli·
