3242 5775
572 631 722 717 aurursus
744 631 888 678 manau.
1186 651 1195 664 ·
1259 616 1323 682 dut

144 771 1494 891 mmmmmwfflfflmmfflffimmmmw.·

142 892 266 964 apatrc
288 901 397 944 munus
420 881 540 955 offudit,
573 881 709 961 spiritum
737 890 890 952 sanctum,
920 881 1040 944 tertium
1061 882 1190 945 ⁸nomen
1210 883 1320 946 divini·
1344 877 1415 942 tde'

145 986 214 1047 tatis
235 984 284 1045 ⁹et
310 984 429 1044 tertium
457 981 580 1061 gradum
609 981 790 1054 maiestatis,
819 982 908 1044 unius
936 983 1169 1061 praedicatorem
1197 945 1427 1047 monor-mn
1483 1049 1487 1072 Ι

144 1086 246 1157 chiae,
270 1084 323 1145 sed
346 1093 376 1145 et
399 1079 616 1164 ’θοῖκονομίας
637 1083 913 1162 interpretatorem,
930 1083 970 1175 ,si
993 1083 1060 1163 quis
1082 1101 1240 1148 sermones
1261 1103 1321 1148 no·
1478 1083 1486 1154 ‚-¹

145 1205 200 1247 rae
227 1184 402 1265 prophetiae
430 1184 495 1245 eius
524 1183 693 1256 admiserit,
726 1192 756 1245 et
784 1183 1006 1246 “deductorem
1034 1184 1132 1247 omnis
1161 1185 1324 1261 renudet,
1376 1249 1390 1260 ,
1459 1223 1467 1230 -

143 1283 1336 1366 mmmmmmfflmmmmmmmmfflmm·

144 1396 373 1449 smfflm
1467 1467 1470 1472 Ι

231 1487 367 1549 Ceterum
390 1485 525 1548 iudaicae
547 1485 616 1548 iidei
637 1485 695 1547 ista
717 1504 784 1559 ree,
815 1485 860 1548 sic
881 1504 972 1548 unum
994 1486 1083 1549 deum
1104 1487 1243 1561 credere,
1272 1488 1322 1551 ¹ut
1338 1505 1474 1564 coortu.
1508 1523 1511 1528 ·

144 1589 236 1650 tilium
258 1588 452 1650 adnumerare
476 1588 501 1648 ei
525 1588 618 1661 nolis,
641 1596 671 1649 et
691 1595 762 1666 post
782 1587 874 1648 fliium
897 1587 1044 1667 spiritum.
1077 1587 1156 1662 Quid
1171 1589 1251 1652 enim
1266 1589 1324 1652 orit

147 1690 303 1751 internos
326 1697 357 1749 et
378 1688 444 1749 ilios
467 1678 526 1749 nisi
548 1688 713 1749 disserontia
736 1685 818 1749 ista?
857 1687 944 1761 Quod
968 1707 1044 1769 opus
1067 1689 1226 1769 evangelii,
1247 1706 1323 1770 quas
1407 1747 1414 1760 ,

146 1799 195 1851 est
217 1788 383 1851 substantia
404 1788 474 1850 novi
497 1789 683 1862 testamenti,
712 1797 845 1850 statuens
867 1788 962 1867 legem
991 1796 1022 1851 et
1040 1789 1204 1870 prophetas
1225 1807 1323 1871 usquo

145 1890 183 1952 ad
199 1890 357 1964 loannem,
380 1890 404 1950 si
428 1908 487 1950 non
512 1889 617 1951 exinde
639 1896 724 1969 pater
744 1897 775 1949 et
795 1889 874 1951 iilius
897 1898 928 1951 et
946 1888 1103 1970 'spiritns,
1126 1887 1188 1952 tres
1206 1888 1322 1964 crediti,

146 2010 239 2053 unum
262 1991 348 2052 deum
371 1988 507 2052 sistunt?
544 1990 593 2051 Sic
614 1990 688 2051 deus
710 1989 804 2051 voluit
818 2008 927 2051 novare
942 1998 1175 2066 sacramentum,
1197 1998 1322 2053 utnors

145 2083 419 2153 unus'orederctur'
439 2109 494 2170 per
512 2090 605 2152 tilium
629 2100 659 2151 et
676 2089 829 2170 spiritum,
853 2097 885 2151 ut
906 2107 1005 2154 coram
1027 2091 1086 2152 iam
1107 2090 1182 2154 deus
1202 2088 1235 2153 in
1255 2090 1321 2155 suis

121 2191 278 2274 ,propriis
307 2191 479 2253 nominibus
507 2199 537 2252 et
565 2190 704 2270 personis
732 2201 981 2270 cognosceretur,
1018 2192 1069 2271 qui
1104 2200 1134 2253 et
1158 2200 1241 2256 retro
1267 2209 1323 2272 per

145 2294 238 2355 tilium
262 2302 292 2354 ct
320 2292 457 2372 spiritum
484 2293 670 2372 praedicatus
699 2310 760 2353 non
788 2291 1021 2370 intellegebatur.
1072 2291 1206 2364 Viderint
1231 2290 1323 2371 igitur

144 2393 328 2474 antichristi,
350 2393 401 2472 qui
423 2401 532 2472 negant
551 2403 666 2473 patrem
689 2402 719 2454 et
733 2392 835 2454 tilium.
867 2392 980 2472 Negant
1002 2391 1081 2455 enim
1102 2400 1228 2473 patrem,
1249 2393 1321 2455 dum
1438 2383 1441 2388 ¹

146 2493 274 2556 eundem
298 2493 389 2555 tilium
412 2493 530 2567 dicunt,
560 2502 590 2555 et
611 2502 720 2573 negant
739 2492 849 2566 silium,
877 2493 947 2555 dum
969 2495 1095 2557 eundem
1116 2504 1231 2574 patrem
1253 2511 1322 2556 cre·

145 2596 236 2668 dunt,
259 2594 356 2655 tiendo
378 2593 452 2655 ³illis
474 2612 549 2672 quae
571 2613 631 2655 non
654 2603 739 2666 sunt,
762 2594 924 2656 auferendo
944 2613 1021 2674 quac
1042 2603 1122 2656 sunt.
1166 2594 1224 2668 Qui
1246 2606 1460 2661 euronotum

145 2697 305 2757 confessus
328 2694 418 2756 fuerit
432 2693 583 2756 Christum
605 2694 782 2769 filiumdei,
805 2713 866 2756 nou
882 2705 1011 2774 patrem,
1033 2696 1106 2757 deus
1128 2696 1159 2756 in
1180 2694 1232 2757 ilio
1253 2685 1333 2769 ma,-⁴

136 2806 213 2869 net,
237 2796 353 2875 etipse
376 2796 405 2856 iu
427 2794 496 2858 deo.
539 2794 606 2857 Non
629 2795 778 2857 credimus
799 2795 990 2858 ‘testimonio
1013 2795 1076 2869 dei,
1105 2815 1163 2877 quo
1192 2802 1321 2858 testatus

144 2907 193 2959 est
215 2899 252 2959 de
274 2897 335 2959 filio
358 2916 425 2958 suo.
455 2897 513 2970 Qui
534 2897 626 2958 tilium
649 2888 824 2971 nonhabet,
847 2916 902 2959 nec
915 2897 1003 2959 vitam
1019 2896 1118 2959 habet.
1149 2897 1216 2961 Non
1231 2896 1473 2964 osboriense

144 3009 244 3061 autem
267 2999 375 3072 fitium,
397 2998 446 3080 qui
470 3017 537 3060 eum
559 2998 647 3061 alium
669 3017 757 3079 quam
779 2999 870 3060 filium
894 2999 997 3062 credit.

145 3153 171 3202 8.
189 3167 278 3200 numen
296 3154 346 3202 oto.
396 3150 420 3201 9.
444 3159 468 3200 et
491 3152 588 3201 tertium
613 3152 713 3213 gradum
738 3152 870 3203 maiestatis
893 3153 934 3202 td.
952 3152 1017 3202 Leid.
1060 3158 1084 3201 ot
1106 3151 1203 3202 tertiam
1231 3165 1321 3202 nomon
1380 3180 1385 3185 -
1454 3160 1457 3165 '

146 3221 280 3269 maiestatis
297 3222 347 3269 ode.
383 3220 409 3268 ia
427 3220 451 3268 B.
471 3221 527 3269 doec
543 3235 591 3268 oon
609 3227 746 3284 comparent.
805 3219 844 3268 tt.
863 3219 1000 3268 ottonomio
1017 3220 1043 3269 t.
1063 3219 1127 3269 idid.
1163 3220 1321 3269 oeconomiae

145 3290 215 3338 oded.
269 3287 308 3336 tt.
326 3285 465 3336 deductoris
482 3286 541 3336 tuo.
558 3287 623 3336 Leid.

214 3353 273 3418 Cep.
292 3354 370 3404 xxiii.
408 3354 429 3402 t.
449 3361 472 3403 et
490 3354 565 3403 titium
584 3355 605 3402 ei
624 3353 783 3403 adnumerare
800 3354 826 3403 t.
876 3351 899 3402 2.
918 3353 1018 3417 spiritns
1035 3360 1133 3401 tractat
1150 3352 1177 3402 t.
1195 3351 1261 3401 Leid-
1294 3350 1320 3401 3.

146 3423 181 3471 ilii
198 3424 224 3472 A.
243 3424 307 3471 Leid.
359 3421 383 3472 4.
402 3422 540 3472 testimonio
558 3422 599 3472 td.
618 3422 682 3472 ieid.
717 3421 881 3470 testimoninm
899 3421 993 3485 ntiqui.

179 3556 203 3604 b.
222 3555 377 3606 deductorem
396 3557 476 3607 omnis
494 3551 612 3622 veritatis]
638 3555 675 3606 ct.
694 3568 769 3620 snpra
788 3552 876 3619 corni.
