3242 5775
656 607 661 624 ¹
712 623 750 667 os
771 611 874 668 ιιιιιι.
1313 613 1377 680 637

197 770 314 832 Comae
335 788 453 851 quoque
473 770 614 833 alimenta
634 772 672 834 de
693 772 835 848 cerebro,
857 773 937 853 quod
959 773 1139 854 aliquamdiu
1159 775 1268 841 durare
1287 795 1379 859 prae·

197 876 279 935 stat·
308 880 424 934 secreta
452 872 588 935 munitio.
638 872 772 952 Denique
796 874 829 936 in
857 874 1024 936 virentibus
1059 875 1146 938 etiam
1173 895 1230 957 pro
1264 878 1380 940 cerebri

197 972 340 1065 ubertate
362 974 408 1035 rel
428 973 539 1037 ’adluit
560 973 701 1053 capillago
723 974 769 1035 vel
789 974 913 1037 deserit.
948 974 1047 1039 Habes
1069 976 1212 1039 medicos.
1250 975 1310 1039 Sed
1324 995 1382 1040 neo
1460 1037 1466 1058 ,

197 1074 355 1137 modicum
377 1074 448 1154 quid
469 1075 584 1138 animae
607 1074 763 1136 subsidere
785 1075 816 1137 iu
839 1093 967 1154 corpore
988 1084 1051 1150 est,
1073 1078 1267 1140 decessurum
1281 1097 1379 1158 quan·
1491 1067 1499 1077 “

197 1175 302 1255 loque
326 1182 355 1236 et
375 1175 490 1255 ipsum,
512 1193 579 1237 cum
601 1184 693 1258 totam
715 1175 852 1255 corporis
875 1194 994 1238 scenam
1009 1187 1127 1256 tempus
1142 1177 1314 1242 aboleverit.
1340 1179 1381 1241 lit
1415 1242 1417 1246 ,

197 1277 256 1338 boc
282 1275 362 1337 enim
384 1276 415 1338 in
438 1276 579 1356 opinione
593 1276 780 1356 quorundam
796 1285 854 1339 est.
886 1276 1050 1357 Propterea
1071 1295 1128 1341 nec
1148 1277 1267 1358 ignibus
1288 1279 1378 1342 lune-

197 1374 348 1439 ιιιιιᾱιιιιιί
367 1378 463 1451 aiunt,
495 1388 651 1457 parcentes
678 1379 831 1458 superllno
858 1376 984 1440 animae.
1028 1377 1091 1440 llia
1112 1386 1279 1442 astantem
1300 1380 1378 1442 ratlo

197 1477 323 1557 pietatis
345 1477 448 1552 istius,
470 1496 532 1539 nou
553 1479 688 1558 reliquiis
711 1480 827 1540 animae
842 1479 1001 1552 adulatrix,
1023 1479 1078 1540 sed
1092 1479 1274 1542 crudelitatis
1289 1481 1379 1543 etiam

197 1577 342 1659 mrporis
364 1578 487 1640 nomine
508 1580 686 1652 aversatrix,
716 1579 795 1659 quod
819 1586 850 1642 et
870 1580 968 1659 ipsum
991 1580 1081 1641 bomo
1103 1597 1164 1641 nou
1186 1581 1290 1662 utique
1310 1595 1378 1644 mc·

197 1688 304 1742 rectam
329 1678 448 1764 poenali
476 1679 575 1741 eritu⁸
602 1680 742 1759 impendi.
792 1679 931 1742 Ceterum
958 1680 1056 1742 anima
1086 1679 1317 1755 ¹⁰indirisibilia,
1346 1687 1380 1743 ut

197 1780 398 1853 immortalis,
430 1780 518 1842 etiam
540 1789 667 1843 mortem
691 1780 929 1842 ¹¹indivisibilem
956 1780 1047 1859 exigit
1073 1780 1170 1855 credi,
1199 1797 1261 1842 non
1290 1780 1377 1861 quasi

197 1881 380 1955 immortali,
402 1880 456 1941 sed
478 1882 563 1961 quasi
579 1881 775 1944 ¹’indivisibili
789 1883 908 1944 animae
923 1879 1169 1944 ¹'indivisibiliter
1185 1881 1377 1945 accidentem.

197 1981 357 2044 lliridetur
378 1988 476 2042 autem
498 1982 556 2043 ¹⁴et
577 2001 677 2056 mors,
711 1983 737 2043 si
760 1993 790 2044 et
811 1983 925 2054 anima,
953 1983 1106 2062 superduc
1129 1980 1243 2044 seilicet
1262 1982 1385 2046 animae·

199 2082 383 2162 quandoque
404 2082 602 2146 ¹‘moriturae
631 2083 673 2144 lta
689 2083 789 2163 portio
812 2083 919 2144 mortis
941 2099 1008 2144 cum
1030 2083 1145 2145 animae
1165 2083 1305 2163 portione
1325 2101 1377 2146 re·

200 2183 343 2245 manebit
386 2183 447 2245 Nec
468 2184 575 2265 ignoro
597 2184 714 2265 aliquod
736 2171 806 2247 esse
828 2182 984 2263 vestigium
1013 2184 1164 2264 opinionis
1191 2184 1291 2247 istius.
1334 2184 1379 2248 lle

205 2301 269 2346 meo
292 2284 383 2347 didici
391 2284 415 2345 ⁵.
458 2285 527 2347 Scio
550 2286 688 2348 seminam
710 2285 857 2365 quandam
880 2284 1065 2347 vernaculam
1087 2282 1253 2357 ecclesiae‘,
1281 2286 1378 2348 forma

209 2392 234 2444 et
253 2390 351 2446 aetate
373 2384 487 2464 integra
508 2387 653 2460 iunctam,
675 2395 747 2465 post
768 2378 1052 2448 unicum'etbrere
1066 2383 1287 2447 matrimonium
1309 2403 1377 2449 urm

210 2482 235 2543 in
260 2501 335 2564 pace
367 2484 530 2547 dormisset
561 2494 591 2548 et
611 2494 757 2554 ,morante
789 2487 885 2548 adbuc
916 2486 1068 2566 sepultura
1097 2484 1216 2560 iuterim
1243 2485 1378 2549 oratione

213 2583 371 2664 presbyteri
392 2595 637 2666 componeretur,
666 2588 702 2649 ad
729 2587 859 2667 primum
888 2585 1037 2648 ¹‘halitum
1067 2585 1211 2648 orationis
1232 2603 1379 2650 manusc
1450 2667 1460 2674 ι

214 2681 345 2747 lateribus
378 2685 505 2748 dimotas
533 2688 564 2749 in
591 2686 723 2749 habitum
749 2687 934 2768 supplicemk
966 2687 1172 2749 conformasse
1198 2703 1378 2767 rursumque
1466 2753 1469 2758 ,

217 2786 322 2848 condita
343 2786 430 2866 pace¹
453 2788 523 2849 situi
552 2806 609 2849 suo
636 2788 815 2851 reddidisse.
863 2789 920 2850 list
941 2796 971 2850 et
993 2786 1068 2848 ¹'illa
1089 2786 1194 2849 relatio
1218 2787 1296 2868 apud
1317 2806 1377 2850 no·
1449 2808 1454 2824 ¹

219 2892 302 2961 scos,
324 2888 355 2949 in
378 2890 558 2951 coemeterio
581 2908 690 2969 corpus
713 2891 833 2970 corpori
855 2891 936 2952 iuxta
951 2889 1123 2951 collocando
1147 2889 1275 2969 spatium
1298 2888 1377 2952 ¹'ro-

220 3002 293 3050 ccssu
323 2991 569 3052 communicasse.
623 2991 655 3052 Si
683 2998 713 3052 et
744 2990 823 3071 apud
855 2991 990 3053 ethnicos
1022 2989 1107 3051 ¹”tale
1140 2990 1209 3069 quid
1242 2988 1377 3066 traditur,

220 3169 237 3219 l·
252 3176 314 3226 adult
330 3177 374 3237 Αβ.
410 3177 478 3226 alluit
494 3178 519 3226 ll.
580 3177 619 3225 10.
639 3177 765 3227 invisibilis
781 3177 864 3240 abaco.
928 3175 967 3225 ll.
985 3175 1129 3225 invisibilem
1147 3176 1228 3239 dBatg.
1281 3175 1321 3226 ll.
1339 3177 1378 3226 in·

220 3240 352 3295 litiblllAB.
407 3244 445 3292 13.
465 3245 640 3294 indivisibiliter
658 3246 730 3295 Bcno.
766 3244 919 3293 invisibiliter
935 3243 979 3292 ld.
1033 3242 1072 3291 ll.
1091 3246 1228 3292 stantib.
1265 3242 1304 3291 lb.
1323 3256 1377 3292 mtt-

220 3306 281 3359 rituro
298 3313 328 3373 b„
348 3326 400 3361 cunt
411 3312 474 3360 Folo.
487 3312 577 3362 Ursino.
619 3310 658 3360 to.
677 3312 777 3361 halitum
794 3312 835 3361 to.
872 3309 979 3358 habitum
997 3308 1055 3359 dcc.
1091 3309 1180 3358 aditum
1193 3309 1258 3358 Folo.
1272 3308 1377 3359 Ursinus.

222 3372 250 3425 ll·
267 3377 306 3428 ills
322 3379 367 3431 au.
402 3379 448 3428 alia
466 3381 559 3444 reliqui.
612 3379 651 3428 18.
671 3393 770 3429 accessu
788 3378 833 3428 AB.
889 3375 1234 3441 tantulumcunque.

245 3560 264 3595 e.
279 3547 366 3598 durare
384 3545 503 3611 praestat]
522 3547 614 3597 Durare
632 3548 697 3596 lacit.
817 3542 899 3608 capd
924 3556 1026 3603 „aurum
1045 3542 1108 3606 apud
1132 3540 1250 3591 barbaros
1266 3556 1379 3595 cemoete-

244 3612 258 3662 l.
276 3614 404 3680 Propterea
424 3628 468 3663 aec
484 3616 578 3676 ignibus
593 3608 766 3678 lacerandum}
817 3609 895 3662 lom.‘'
912 3609 1019 3672 tlligalt.)

218 3676 279 3731 lsrro
296 3683 386 3746 Cycno,
404 3675 584 3747 ΠερὶΤαφῆς
602 3683 765 3746 (epitonium
851 3679 873 3727 l.
902 3679 926 3727 iu
953 3678 1060 3727 babilam
1088 3672 1237 3742 supplicem]
1264 3674 1316 3727 lloc
1340 3683 1379 3727 est

217 3747 321 3811 atton:
353 3751 452 3811 „Quare
484 3751 624 3800 Heraclides
653 3749 766 3799 Ponticos
817 3745 1115 3809 dispansasiumodulum
1126 3743 1378 3808 crucis,quemloiese

216 3815 261 3876 ples
278 3817 349 3882 sapit,
367 3819 407 3882 qui
418 3819 541 3881 praecepit
551 3826 576 3867 ut
588 3817 766 3876 comburerent,
816 3814 908 3864 orantis
926 3813 1055 3863 Christiani
1080 3813 1186 3867 babitum
1209 3822 1284 3874 saepe
1301 3810 1378 3871 sigui·

217 3895 277 3945 quem
295 3885 456 3944 Democritus,
477 3886 517 3950 qui
536 3894 562 3935 ut
579 3886 602 3934 ic
623 3885 694 3934 melle
712 3899 766 3933 ser·
817 3883 887 3942 licat;
906 3881 1025 3945 hodieque
1043 3895 1092 3931 noo
1106 3894 1182 3944 pauca
1199 3877 1319 3929 dosmodl
1337 3892 1379 3929 re·

215 3960 294 4003 urent
330 3954 406 4011 Quem
425 3954 445 4002 si
465 3953 548 4014 vulgos
571 3960 669 4001 secutus
693 3961 766 4010 esset,
816 3950 943 4012 perluatur
961 3948 984 3997 iu
995 3950 1084 3998 Romae
1096 3946 1262 3997 subterraneis
1272 3953 1377 3997 ceterum
1473 3996 1480 4015 ,

215 4029 311 4080 peream,
325 4021 345 4069 si
357 4028 453 4070 centurn
463 4021 568 4070 denariis
578 4020 677 4069 calicem
694 4019 766 4069 mulsi
817 4016 1008 4067 Christianorum
1028 4023 1191 4065 monuments.
1210 4012 1315 4076 (Rigalt)

216 4098 286 4137 mere
304 4087 455 4152 possimus.“
851 4083 867 4132 l.
887 4083 982 4133 condita
1006 4078 1077 4146 pace]
1108 4081 1231 4131 absolutis
1256 4080 1381 4144 bullisque

241 4168 261 4217 g.
280 4154 378 4220 poenali
395 4151 471 4220 exitu]
491 4154 589 4204 Poenali
608 4155 687 4204 exitio.
706 4154 765 4202 Par·
816 4150 930 4215 precibus
948 4164 1009 4214 qaas
1019 4149 1145 4209 sacerdos,
1164 4155 1189 4197 at
1204 4147 1298 4197 mulieri
1311 4160 1379 4198 mor·

214 4220 294 4272 sicidae
311 4224 376 4272 cuim
401 4231 424 4272 et
448 4224 488 4272 alii
511 4230 594 4272 sontes
613 4223 660 4283 igni
679 4222 766 4286 punie-
818 4227 873 4269 tuae
897 4230 980 4281 pacem
1005 4217 1082 4266 adso
1101 4217 1249 4279 impetraret,
1276 4212 1379 4264 luderet.

214 4286 302 4341 lentur.
817 4286 860 4348 (La
877 4284 974 4345 cerda.)
1008 4284 1059 4333 lloc
1077 4290 1114 4332 est
1132 4291 1187 4346 post
1205 4282 1315 4331 osculum
1334 4296 1379 4345 ps·

241 4357 264 4407 b.
282 4357 316 4407 lle
340 4371 395 4407 meo
419 4355 512 4420 didici]
540 4356 592 4405 Non
617 4356 647 4404 de
671 4355 767 4420 peculio
818 4354 863 4413 cis,
887 4352 951 4416 quod
970 4358 1022 4401 erat
1038 4349 1188 4413 signaculum
1213 4354 1237 4399 et
1254 4348 1379 4399 conclusio

212 4420 319 4475 litterisve
337 4425 471 4488 gentilium.
489 4426 537 4485 (Fr.
548 4424 650 4481 lunius.)
819 4419 945 4479 orationis,
964 4426 990 4467 ut
1007 4419 1059 4483 ipse
1077 4421 1110 4468 ait
1126 4417 1172 4467 sub
1190 4417 1262 4467 dcem
1278 4415 1333 4466 libri
1342 4410 1380 4464 ‘lle
1490 4462 1493 4467 .

241 4492 255 4540 i.
272 4492 425 4543 vernaculam
444 4489 573 4553 ecclesiae]
599 4491 768 4551 Christianam,
820 4487 935 4538 Oratione
961 4480 1027 4551 [cap.
1040 4480 1102 4551 141.
1143 4484 1269 4534 Cordium
1294 4482 1379 4546 pacem

211 4556 349 4610 Christianis
367 4561 508 4624 parentibus
527 4568 614 4608 natam.
648 4559 688 4607 Sic
707 4559 767 4607 Plio.
819 4555 877 4605 dicit
899 4555 983 4603 oscula
1007 4561 1090 4602 mutuo
1114 4552 1177 4611 dats,
1204 4565 1292 4615 nempe
1318 4551 1381 4599 inter

211 4624 273 4677 llll.
284 4626 368 4687 xlm
387 4643 462 4689 „uvas
480 4628 616 4691 peculiares
635 4633 705 4689 atque
717 4638 769 4675 oer-
818 4624 907 4673 tratres
925 4634 968 4670 seu
986 4620 1079 4679 ddalss,
1106 4619 1156 4684 quiv
1172 4620 1260 4669 mortni
1278 4630 1380 4681 compo·

209 4699 303 4746 acesim
326 4695 436 4745 ltaliae.‘⁴
477 4696 517 4745 Sic
542 4695 613 4743 etiam
636 4693 768 4756 Septimius
818 4689 890 4740 nendi
909 4688 989 4737 oldcio
1007 4688 1173 4739 interfuerant.
1198 4681 1378 4737 euaderent.

208 4762 308 4825 lpolog.
318 4778 370 4827 cap.
379 4763 412 4813 ab
428 4764 596 4825 „amoremne
606 4769 698 4824 septem
715 4760 767 4811 eol·
818 4757 938 4819 significat
956 4763 1038 4805 mutuo
1057 4757 1125 4819 dare,
1141 4763 1168 4805 ut
1180 4754 1307 4805 condicere
1326 4762 1382 4799 run·

207 4826 265 4880 lium
283 4831 418 4896 plebem.⁴‘,
436 4839 459 4880 et
477 4830 517 4881 lib.
533 4830 541 4879 l
560 4831 594 4879 [le
612 4828 683 4879 Cultu
701 4828 768 4878 lam.
819 4831 860 4874 tuo
878 4824 968 4875 dicere.
985 4823 1092 4887 (Rigalt)
