3242 5775
594 689 742 757 aarunsas
763 713 936 760 marone!
957 717 1014 762 are.
1031 719 1051 762 r.
1373 718 1411 780 51

228 872 350 945 querar,
371 863 405 926 id
427 870 477 926 est
496 870 532 926 ut
553 880 616 925 noa
640 863 681 925 sit
701 863 782 928 aliud
802 847 952 928 saaimam
974 886 1128 948 magnam,
1157 873 1241 952 quia,
1264 876 1291 938 si
1313 878 1411 953 tuerit,

227 964 456 1045 adaequabitur,
484 972 515 1027 et
537 964 565 1026 si
586 964 813 1044 adaequabitur,
847 985 908 1028 aon
930 967 1066 1032 aritiam
1088 989 1240 1036 summam
1260 949 1410 1055 maguam,

229 1085 332 1129 eversa
354 1065 536 1129 aaudieioue
559 1074 604 1139 et,
628 1074 660 1127 at
674 1065 714 1127 ita
729 1065 871 1141 dixerim,
891 1067 956 1148 lege
977 1088 1053 1150 quaa
1074 1089 1192 1136 summo
1214 1093 1321 1155 magno
1335 1077 1409 1140 nibil

228 1167 297 1228 sinit
319 1167 490 1248 adamari.
529 1166 608 1247 Ergo
630 1165 749 1228 uniaam
771 1166 811 1228 sit
832 1186 957 1232 neeesse
979 1173 1126 1251 estquod
1148 1174 1237 1236 luerit
1257 1194 1407 1240 summam

229 1286 382 1348 maur,
404 1286 460 1349 par
480 1286 543 1330 non
564 1266 718 1341 babendo,
746 1285 786 1329 ne
812 1286 872 1330 non
902 1270 943 1331 sit
964 1289 1113 1335 summum
1136 1291 1284 1354 maguum.
1326 1277 1406 1357 Ergo

229 1388 289 1431 noa
310 1369 398 1432 aliter
418 1370 478 1431 erit
499 1387 587 1448 quam
609 1386 666 1449 per
685 1370 765 1448 quod
788 1368 877 1432 babet
898 1390 983 1445 asse,
1005 1372 1052 1434 ⁹itl
1075 1381 1123 1435 est
1137 1374 1255 1438 anirum
1271 1378 1404 1441 omnino.

230 1470 357 1532 Proinde
372 1470 448 1533 aleas
462 1480 529 1531 aum
545 1487 694 1532 summum
709 1487 848 1549 magnam
864 1470 913 1543 sit,
928 1479 1009 1534 reate
1023 1474 1133 1535 veritas
1147 1482 1252 1537 nostra
1267 1494 1404 1556 pronun-

174 1643 175 1664 *
231 1572 324 1634 tiarit:
345 1571 427 1633 Deus
448 1571 475 1633 si
496 1589 558 1632 non
580 1589 659 1632 uuus
682 1580 744 1644 est,
766 1590 828 1632 non
851 1579 908 1633 est.
949 1572 1016 1635 Noa
1039 1574 1122 1653 quasi
1144 1574 1314 1637 dubitemus
1333 1595 1405 1640 esse

174 1687 175 1694 ¹
231 1673 332 1745 imur,
362 1672 507 1745 alioendm
537 1670 570 1732 Si
592 1689 653 1733 non
675 1691 772 1745 unus,
802 1673 890 1735 ¹⁰non
911 1682 973 1748 est,
1002 1674 1056 1736 setl
1076 1674 1144 1754 quia
1165 1694 1254 1755 quem
1275 1678 1402 1740 conlidi-

232 1791 292 1835 ιι
315 1792 402 1846 esse,
436 1772 493 1834 ¹¹id
515 1791 582 1834 enm
605 1771 780 1834 definiamus
808 1792 878 1835 esse
906 1774 986 1854 quod
1008 1774 1034 1837 si
1055 1793 1118 1836 non
1139 1784 1201 1850 est,
1238 1776 1313 1839 deus
1340 1796 1403 1841 non

232 1883 290 1946 est,
313 1874 491 1936 ¹²summurn
512 1873 625 1936 scilieet
644 1875 792 1952 magnum.
826 1874 942 1935 Porrol’
964 1893 1112 1937 summum
1128 1894 1266 1956 magnum
1281 1878 1401 1941 unicum

234 1975 270 2036 sit
288 1993 415 2037 amesae
438 1983 495 2037 eet
539 1973 619 2053 Ergo
641 1983 672 2035 et
692 1975 766 2036 deus
787 1974 893 2036 uniens
916 1975 989 2047 erit,
1021 1994 1083 2037 non
1111 1976 1197 2038 aliter
1222 1978 1313 2051 deus,
1342 1978 1401 2041 nisi

234 2094 375 2139 samaram
398 2094 554 2155 maguum
586 2094 642 2137 nea
663 2075 747 2137 aliter
767 2094 915 2138 summum
938 2095 1094 2156 magnam,
1122 2078 1182 2139 nisi
1209 2096 1310 2158 parem
1339 2098 1401 2142 non

235 2176 353 2251 babeas,
383 2197 441 2239 nea
465 2177 577 2238 ¹'aliter
597 2194 698 2256 parem
720 2195 781 2238 non
803 2176 932 2250 babens,
960 2177 1145 2240 niai'auiaus
1167 2179 1264 2241 luerit.
1315 2180 1401 2242 Certe

237 2277 460 2358 '‘quemmnque
480 2278 570 2340 alium
592 2277 679 2339 deam
709 2276 877 2351 induxeris,
906 2297 966 2339 non
995 2278 1050 2341 alia
1078 2278 1192 2359 poteris
1214 2297 1282 2341 eum
1305 2281 1400 2342 lorma

236 2381 299 2440 ueri
319 2380 427 2450 mum,
452 2398 540 2459 qaam
563 2387 596 2440 ut
617 2386 647 2439 et
666 2377 707 2438 illi
728 2377 882 2458 proprium
904 2379 1065 2441 divinitatis
1087 2379 1300 2459 adscripseris,
1323 2380 1400 2443 siout

237 2487 392 2552 mum,
415 2480 457 2541 ita
480 2489 511 2542 et
532 2498 680 2542 summurn
702 2497 850 2558 magnum.
884 2479 948 2541 lluo
971 2490 1042 2560 ergo
1064 2460 1179 2541 sumina
1201 2498 1305 2561 magna
1320 2501 1397 2562 quo·

238 2582 312 2642 noto
332 2582 521 2653 aoasisteut,
544 2600 612 2644 oum
632 2580 691 2641 boo
711 2580 752 2641 sit
772 2598 920 2642 summum
943 2599 1097 2661 magnum,
1119 2600 1174 2662 par
1195 2600 1257 2644 non
1275 2583 1396 2658 babere,

240 2698 284 2759 ptr
302 2690 400 2744 tatem
432 2683 522 2743 ¹‘non
551 2682 660 2743 babere
688 2681 739 2742 uni
766 2689 915 2760 competat
946 2694 976 2747 at
1005 2683 1036 2743 in
1067 2682 1185 2746 duobus
1218 2702 1288 2746 essa
1314 2685 1396 2747 nullo

240 2783 312 2843 nata
329 2781 458 2864 possit?

306 2886 366 2947 Seal
389 2882 647 2964 argumentabitur
667 2881 789 2963 quilibet
809 2902 902 2962 posse
923 2892 952 2946 et
974 2883 1033 2946 aluo
1056 2904 1171 2947 samma
1192 2903 1297 2965 magna
1319 2887 1395 2948 oon-'
1412 2899 1512 2958 aspir.

238 2985 343 3059 sister-e,
366 2986 510 3047 distinata
532 2994 620 3064 atque
641 2984 786 3046 disiuncta
809 2983 840 3044 in
862 2985 925 3045 suis
947 2985 1072 3060 linibus,
1096 2994 1126 3047 et
1146 2986 1247 3066 utique
1270 2987 1397 3049 advoca-
1492 2977 1496 2986 ’

237 3085 271 3146 bit
286 3088 455 3168 exemplum
476 3105 568 3167 regna
592 3090 735 3148 terrarum
757 3092 838 3146 tanta
860 3104 984 3147 numero
1007 3098 1037 3148 et
1051 3095 1148 3149 tamen
1163 3107 1279 3150 summa
1293 3106 1399 3168 magna

237 3186 344 3251 brais
373 3188 545 3268 quibusque
576 3187 763 3267 regionibus,
797 3193 827 3246 et
852 3186 966 3264 putabit
997 3187 1120 3266 ¹ubique
1142 3188 1270 3250 humana
1292 3189 1398 3250 divinis

235 3290 411 3352 numae.
466 3289 527 3351 lam
550 3307 622 3367 ergo
645 3288 670 3349 si
691 3287 760 3349 huia
781 3287 1028 3365 argumentationi
1055 3288 1139 3349 loeus
1162 3288 1296 3363 dabitur,
1328 3290 1398 3369 quid

230 3391 375 3467 probibet,
412 3409 476 3450 non
499 3391 565 3451 dico
589 3398 617 3450 et
639 3389 756 3449 tertium
779 3395 810 3449 et
832 3397 969 3465 quartum
997 3389 1086 3447 deum
1108 3387 1263 3458 inducere,
1297 3407 1401 3449 rerum

229 3500 265 3551 tot
284 3493 342 3552 iam
367 3509 496 3552 numero
519 3499 593 3569 quot
614 3497 644 3551 et
664 3489 794 3567 gentium
817 3485 928 3565 reges?
963 3486 1005 3546 lle
1027 3486 1083 3546 deo
1105 3485 1216 3564 agitur,
1240 3486 1326 3547 euius
1341 3488 1398 3548 boc

224 3593 420 3673 principaliter
449 3592 604 3670 proprium
637 3597 685 3651 est
711 3589 818 3650 nullius
847 3586 973 3666 exempli
1002 3605 1107 3666 mpero
1138 3587 1396 3666 comparationem.

222 3694 280 3755 lloe
301 3704 411 3755 natura
435 3692 516 3771 ipsa,
539 3692 565 3752 si
587 3709 648 3752 uon
669 3690 775 3769 aliquis
797 3689 915 3760 Esaias,
945 3688 989 3748 vel
1011 3687 1077 3767 ipse
1098 3706 1152 3766 per
1171 3687 1288 3750 Esaiam
1311 3689 1396 3763 deus,

221 3794 462 3865 continuabitur,
486 3793 540 3853 Cui
562 3811 610 3853 me
633 3789 825 3853 similabitis?
869 3790 982 3851 Divinis
1004 3789 1129 3851 forsitan
1151 3790 1399 3868 comparabuntur
1412 3781 1506 3876 Ῑῗξζξξζν

220 3898 362 3969 bumana,
387 3894 448 3955 deo
471 3893 551 3955 ’aon
573 3894 624 3954 ita.
658 3892 742 3954 Aliud
766 3892 844 3952 euim
867 3892 957 3963 deus,
979 3890 1056 3952 aliud
1079 3909 1154 3970 quae
1169 3890 1226 3951 dei.
1264 3890 1396 3970 Denique

217 4000 263 4076 qui
285 3998 431 4076 exemplo
454 3995 549 4055 uteris
579 3994 657 4072 regis
691 3993 773 4072 quasi
807 3991 916 4053 summi
943 3991 1056 4069 magui,
1088 3991 1155 4052 ville
1184 4008 1221 4051 ne
1249 3991 1306 4052 iam
1334 4010 1395 4052 non

214 4102 311 4179 possis
343 4098 421 4158 ’uti
477 4095 540 4156 Rex
568 4095 647 4155 enim
680 4094 737 4155 etsi
766 4108 913 4155 summum
943 4109 1079 4169 magnum
1114 4099 1159 4153 est
1187 4095 1216 4152 in
1239 4110 1295 4153 suo
1318 4093 1394 4152 solio

216 4221 306 4280 usqae
329 4200 371 4259 ad
394 4199 505 4269 deum,
540 4206 639 4256 tamen
671 4195 747 4256 inira
776 4193 880 4266 deum,
914 4201 1101 4270 comparatus
1129 4200 1226 4252 autem
1249 4191 1284 4252 ad
1307 4192 1395 4252 deum

213 4354 235 4402 9.
253 4355 274 4402 nl
294 4364 318 4402 et
340 4356 444 4400 auitam
465 4351 518 4400 bra.
575 4349 614 4397 to.
633 4363 680 4397 noa
705 4356 742 4396 est
766 4347 835 4405 deas,
860 4345 902 4394 sed
927 4361 956 4404 a,
982 4360 1011 4393 aa
1028 4346 1118 4394 duobos
1139 4345 1261 4393 Vaticanis.
1316 4343 1354 4391 ll.
1373 4345 1396 4391 id

215 4437 265 4469 eu
283 4427 305 4471 d.
347 4422 415 4470 idem
435 4422 475 4469 Aa.
499 4419 622 4466 Vaticanus
639 4423 741 4480 aterque.
785 4414 857 4462 iidem
882 4414 975 4476 reliqui.
1030 4411 1068 4460 12.
1084 4425 1204 4460 summum
1215 4414 1245 4459 a.
1288 4419 1310 4457 et
1328 4424 1396 4458 sum-

215 4504 274 4538 ιιι
292 4491 392 4553 reliqui.
450 4485 491 4535 13.
511 4493 593 4533 antem
611 4499 693 4547 parem
712 4483 755 4532 AB.
802 4480 840 4529 ll.
860 4481 1019 4543 qaodcunque
1036 4479 1080 4529 ΑΒ.
1124 4478 1163 4527 15.
1183 4492 1230 4525 non
1250 4477 1338 4526 babere
1355 4478 1396 4525 uni

216 4568 330 4619 unpeut
350 4566 375 4605 et
394 4558 421 4605 in
441 4554 543 4604 duobus
563 4569 612 4614 eqo.
654 4566 701 4600 aon
721 4549 810 4598 bebere
836 4560 889 4596 cam
908 4549 948 4596 uni
966 4554 1095 4609 competat,
1120 4547 1142 4594 in
1166 4545 1260 4593 duobus
1278 4546 1301 4593 a.
1343 4557 1396 4591 aum

215 4639 254 4673 ree
273 4627 367 4674 bebere
388 4627 433 4672 aui
453 4628 591 4684 competat,
614 4621 637 4668 ia
661 4619 755 4667 duobus
776 4617 839 4665 Pale.
855 4616 958 4663 llrrinar.
993 4628 1041 4662 non
1061 4613 1149 4661 babere
1167 4613 1207 4661 uni
1226 4617 1355 4673 competat,
1374 4610 1396 4656 in

214 4695 298 4742 &ubas
316 4693 431 4743 Ambe.
1496 4739 1500 4747 ¹

272 4764 332 4827 Cap.
353 4762 391 4810 ll.
435 4759 457 4808 l.
481 4758 569 4818 utique
588 4755 620 4815 a,
640 4754 817 4802 Fatallrrinar.
858 4747 881 4796 2.
902 4763 950 4798 aon
969 4748 1239 4809 taaa.,1e.aWoaaer.
1277 4740 1400 4791 nostrolt.

215 4841 283 4880 nnn
301 4832 403 4894 reliqui.
462 4825 489 4875 3.
510 4823 547 4871 uti
565 4822 609 4872 ΛΒ.
644 4837 673 4870 eo
693 4822 726 4868 ati
743 4820 837 4882 reliqui.

240 4933 259 4979 b
276 4931 367 4998 Parra}
396 4931 436 4982 Cf.
458 4926 563 4978 aduott.
583 4921 613 4971 ed
630 4920 664 4970 lle
682 4921 776 4970 Coroar
795 4931 848 4982 erp.
859 4917 882 4966 l.
1192 4986 1247 5040 '4⁸
