3242 5775
272 1520 777 1641 ADVERSUS
845 1517 1423 1638 MARCIONEM

658 1749 792 1800 Lllllill
827 1748 1038 1808 OUlNTUS.

691 1957 1012 1968 —.-.-—-—-—-

163 2206 217 2263 aaa.
228 2204 245 2249 1.
351 2166 441 2256 Nini}
463 2191 529 2253 sine
550 2191 665 2270 origine
687 2190 746 2251 nisi
768 2189 843 2252 deus
865 2189 961 2253 solus.
1005 2189 1090 2263 Quae
1118 2197 1260 2269 quantum
1289 2189 1423 2270 praecedi

263 2295 294 2357 in
318 2301 397 2356 statu
424 2292 556 2354 omnium
586 2309 702 2364 rerurn,
735 2300 849 2353 tantum
877 2292 1035 2372 praecedat
1061 2309 1188 2353 necesse
1216 2299 1263 2352 est
1291 2291 1423 2356 etiami

263 2401 422 2459 retractatu
452 2411 569 2467 earum,
602 2402 636 2454 ut
661 2400 803 2456 constare
832 2392 870 2454 de
898 2400 976 2456 statu
1005 2392 1120 2473 possit,
1154 2392 1223 2471 quia
1252 2410 1309 2455 nec
1329 2392 1423 2456 lanu

264 2495 411 2576 dispicere
433 2495 503 2573 quid
526 2494 611 2574 quale
634 2494 690 2567 sit,
712 2493 771 2554 nisi
793 2503 893 2555 certus
914 2511 953 2555 an
975 2494 1032 2567 sit,-
1055 2493 1139 2555 ¹cum
1160 2491 1423 2572 cognoverisuudt

265 2596 314 2658 sit.
357 2596 395 2657 Et
415 2596 482 2657 ideo
506 2614 542 2656 ex
564 2594 700 2673 opusculi
723 2594 828 2655 ordine
850 2595 886 2656 ad
909 2595 985 2656 hanc
1007 2593 1159 2656 materiam
1183 2594 1341 2657 devolutus
1362 2611 1423 2676 upa

265 2697 335 2759 stoli
355 2696 492 2776 'quoque
513 2696 657 2775 originem
672 2714 689 2757 a
704 2696 854 2757 Marcione
868 2696 1022 2769 desidero,
1046 2710 1140 2757 novus
1163 2695 1254 2774 aliqui
1277 2694 1423 2775 discipula

264 2815 321 2859 nec
341 2797 431 2858 ullius
453 2796 574 2859 alterius
588 2796 723 2869 auditor,
745 2796 795 2876 qui
812 2796 885 2857 nihil
900 2796 1017 2857 interim
1033 2797 1152 2857 credam
1166 2794 1225 2856 nisi
1239 2795 1313 2857 nihil
1327 2807 1423 2868 tentat

266 2898 461 2973 eredendum,
484 2907 596 2960 temere
617 2916 709 2978 porro
732 2897 812 2961 credi
835 2898 1031 2976 quodeunque
1054 2897 1119 2958 sine
1142 2896 1266 2974 originis
1290 2892 1423 2979 agnitio!¹

266 2999 413 3070 creditur,
436 2998 546 3079 quique
567 2999 742 3078 dignissime
764 2999 799 3060 ad
824 2998 1053 3059 sollicitudinem
1075 2997 1206 3077 redigam
1229 2997 1317 3060 istam
1337 2994 1423 3077 iuqu'e

266 3099 424 3173 sitionem,
457 3118 523 3161 cunr
546 3099 572 3160 is
595 3099 667 3159 milri
689 3099 852 3160 affirmatur
879 3098 1033 3173 apostolus
1061 3116 1150 3176 quem
1173 3099 1203 3158 in
1225 3099 1293 3160 albo
1313 3104 1423 3178 apem.

267 3198 364 3260 lorum
386 3200 462 3279 apud
486 3200 668 3274 evangelium
691 3213 751 3255 non
774 3193 976 3273 deprehendo.
1029 3195 1162 3271 lienique
1189 3197 1312 3255 audiena
1331 3202 1423 3279 qaod:¹

267 3318 334 3361 eum
349 3319 366 3361 a
382 3301 502 3359 damino
519 3294 666 3367 allectum,
689 3294 747 3354 iam
769 3293 800 3355 in
822 3293 910 3355 caelis
925 3292 1124 3373 'quiescente
1148 3293 1233 3372 quasi
1248 3291 1423 3375 inprovidum!

265 3398 337 3458 tiam
360 3395 497 3458 existimo
521 3395 547 3455 si
570 3414 631 3456 non
653 3403 721 3455 ante
742 3394 846 3456 ⁴scivit
872 3393 953 3455 illum
981 3392 1039 3454 silri
1067 3393 1270 3454 necessarium
1293 3394 1423 3473 cnara-r

267 3496 320 3556 sed
349 3496 406 3556 iam
435 3496 572 3557 ordinato
603 3495 701 3556 officio
722 3494 909 3574 apostolatus
941 3501 971 3555 et
998 3493 1028 3553 in
1056 3512 1110 3554 sua
1138 3513 1231 3573 opera
1260 3474 1423 3575 dimisso}

267 3595 418 3667 incursu·,
441 3615 501 3656 non
518 3615 553 3657 ex
568 3603 745 3675 prospectu,
768 3595 955 3655 adiciendum
978 3594 1173 3668 existimarit,
1196 3595 1377 3665 necessitate,

267 3694 308 3756 ita
331 3694 470 3768 dixerim,
493 3715 555 3755 non
571 3696 731 3757 voluntate.
765 3695 982 3769 Quamobrem,
1006 3694 1127 3756 Pontice
1142 3695 1295 3768 nauclere,
1314 3692 1342 3756 'si
1394 3752 1398 3761 ,

267 3813 354 3874 quam
378 3795 500 3854 lurtiras
523 3815 638 3857 merces
661 3796 706 3856 rel
728 3796 860 3866 ⁵illicitas
882 3795 912 3856 in
934 3804 1034 3857 acatos
1057 3804 1122 3856 tuas
1142 3796 1301 3874 recepisti,
1322 3794 1347 3855 si
1400 3874 1403 3879 Ι

267 3893 329 3955 lum
352 3895 475 3955 omnino
500 3914 577 3956 onus
599 3896 732 3956 avertisti
755 3896 799 3956 rel
822 3894 1008 3968 adulterasti,
1032 3895 1146 3956 cautior
1162 3896 1266 3975 utique
1281 3894 1341 3957 etti
1382 3888 1390 3905 '

268 3992 300 4054 in
321 3993 370 4055 dei
393 3993 498 4068 rebus,
522 3996 593 4056 edas
616 3996 702 4056 velim
726 3996 829 4068 nobis,
851 4014 911 4074 quo
933 3996 1068 4076 symbolo
1085 3997 1258 4075 susceperis
1272 4013 1328 4075 apo

268 4090 409 4164 Paulum,
432 4095 499 4174 quis
522 4096 600 4156 illurn
625 4096 699 4157 tituli
722 4096 892 4157 charactere
911 4095 1125 4176 ⁸percusserit,
1152 4096 1220 4176 quis
1243 4092 1361 4158 uanam‘

269 4191 337 4266 tibi,
361 4193 428 4272 quis
451 4195 642 4275 imposuerit,
667 4203 698 4257 ut
713 4195 814 4276 possis
830 4214 898 4257 euru
913 4204 1086 4257 constanter
1100 4198 1284 4276 exponerel,
1304 4214 1341 4259 ne
1359 4193 1366 4206 '
1384 4186 1392 4203 ⁶

338 4343 396 4406 Gap.
416 4344 432 4394 l.
473 4347 495 4396 l.
514 4361 567 4394 ram
587 4348 647 4396 delet
657 4346 694 4396 Fr.
706 4349 794 4398 luatur.
846 4346 871 4398 2.
889 4363 986 4412 quoque
1004 4348 1120 4409 originem
1140 4347 1182 4399 dd.
1204 4348 1327 4399 Vaticanus
1394 4328 1402 4341 ⁸

269 4423 366 4472 queque
384 4412 450 4460 l'arrli
469 4414 586 4472 originem
611 4415 704 4476 reliqui,
730 4431 760 4464 ec
782 4423 913 4466 conectam
931 4416 1040 4466 lllreaar'.
1102 4413 1126 4465 3.
1151 4415 1317 4481 quiescentem
1332 4412 1373 4465 ld
1393 4452 1399 4477 ,

269 4478 316 4525 seit
333 4476 376 4528 BG.
427 4479 452 4528 5.
470 4480 568 4529 illicitos
587 4490 707 4530 mercatos
725 4491 780 4531 tuos
798 4482 823 4532 Β.
876 4482 899 4532 t.
919 4483 1041 4546 percussit
1058 4480 1102 4533 BD.

303 4608 391 4672 canl.
416 4627 437 4659 a.
456 4626 483 4660 ex
502 4608 612 4677 incursu}
631 4614 693 4663 l'oce
711 4616 832 4664 enimilla
883 4625 976 4665 stanter
999 4610 1131 4680 exponere]
1162 4614 1227 4664 naec
1250 4616 1332 4667 onnia
1352 4608 1390 4663 d·

268 4675 369 4737 „Saale,
387 4679 468 4736 Sraale,
493 4680 549 4740 qaid
576 4695 614 4729 me
638 4678 831 4744 persequerisl“
884 4684 1042 4732 naviculariae
1069 4696 1139 4730 rrsrrm
1166 4684 1304 4744 pertinent,
1335 4680 1376 4733 atu

269 4744 467 4794 adorninoerat
487 4748 558 4794 aalaa
584 4749 831 4798 iacrrrsatnsl'aulus.
883 4752 994 4812 apmlrolc
1025 4750 1151 4812 suscipere
1184 4750 1291 4814 aliquem
1328 4764 1351 4799 m
1398 4796 1407 4809 ,

302 4810 326 4883 Ιξ.
345 4827 393 4876 quo
411 4814 522 4876 sprnbolo
532 4819 672 4878 susceperis
682 4840 717 4850 -
728 4842 760 4852 -
770 4831 830 4866 con-
881 4818 944 4866 tituli
962 4819 1102 4866 charactere
1118 4831 1260 4880 percussam
1272 4826 1327 4867 rote
1338 4762 1423 4871 εἴη
