3242 5775
655 469 693 511 os
714 469 815 513 orma.
1255 459 1311 520 571

152 636 219 698 pase
241 618 392 691 rirmot,
415 626 446 679 et
466 628 563 681 morte
587 637 647 680 non
672 619 841 699 ‘'simplioi,
864 620 918 681 sed
940 619 1005 700 ipsa
1027 620 1107 682 iuter
1121 621 1244 684 artiliola
1267 641 1320 684 ex-

150 719 292 782 sectionis
316 717 471 781 ¹’errante
519 720 694 800 Philosophi
722 740 777 800 pro
808 730 890 782 certo
914 720 1159 783 renuntiaverunt
1179 721 1321 785 culicibus

147 828 175 881 et
194 819 330 882 formicis
353 828 383 880 et
404 821 495 881 tineis
517 822 624 883 deesse
645 822 803 900 pulmones
833 831 863 882 et
883 822 1020 882 arterias.
1070 821 1124 884 llic
1151 821 1239 895 mibi,
1273 823 1322 884 in·

145 929 266 1001 spector
288 921 510 993 curiosissime,
535 922 638 984 oculos
662 922 771 984 habeut
792 923 829 984 ad
852 920 1036 983 ridendum?
1068 923 1177 1002 Atquin
1198 932 1229 985 et
1248 941 1322 1003 per·

144 1031 218 1102 gunt
240 1040 300 1100 quo
323 1022 441 1093 volunt,
465 1032 495 1083 et
516 1024 608 1084 vitant
628 1032 657 1085 et
672 1031 814 1103 appetunt
828 1041 903 1101 quae
919 1023 1045 1083 videndo
1062 1022 1176 1097 sciunt3
1198 1023 1322 1104 designa

143 1123 265 1193 oculos,
305 1123 413 1184 denota
444 1123 608 1204 ”pupillas
664 1124 722 1185 Sed
755 1124 814 1184 ’‘et
846 1123 974 1184 eredunt
1003 1123 1115 1185 tineae:
1148 1125 1323 1186 demonstra

143 1223 376 1295 “mandibulas
399 1225 541 1304 deprome
564 1225 720 1304 genuinos.
765 1225 824 1285 Sed
847 1233 877 1285 et
897 1234 1062 1304 personant
1083 1225 1208 1299 culices,
1232 1243 1270 1287 ne
1291 1224 1321 1287 in

144 1325 277 1388 tenebris
300 1325 419 1403 quidem
442 1326 557 1387 aurium
588 1324 696 1387 caecil:
725 1325 825 1386 tubam
853 1326 964 1403 pariter
992 1334 1022 1386 et
1050 1325 1229 1388 ¹‘lanceam‘
1257 1327 1321 1389 oris

142 1426 223 1488 illius
248 1425 383 1487 ostende.
418 1426 551 1498 Quodvis
574 1427 680 1487 animal
702 1428 791 1487 uarius
815 1425 884 1488 lieet
904 1425 1005 1505 puncti
1028 1425 1126 1505 aliquo
1149 1428 1244 1489 alatur
1265 1447 1320 1489 ne-

143 1546 231 1589 cesse
255 1534 317 1587 est:
343 1527 475 1587 ¹'exhibe
496 1528 595 1607 pabuli
619 1528 855 1600 transmittendi,
886 1526 1070 1606 decoquendi
1093 1528 1322 1608 defaecandique

142 1627 287 1689 membra.
333 1627 411 1699 Quid
434 1646 505 1708 ergo
527 1627 683 1690 dicemus?
720 1629 752 1690 Si
774 1647 829 1707 per
849 1629 923 1689 baec
944 1628 1065 1699 vivitur,
1088 1637 1176 1689 crunt
1196 1630 1270 1690 baec
1290 1629 1321 1690 in

143 1728 284 1791 omnibus
306 1728 407 1808 utique
430 1748 505 1809 quae
529 1729 669 1797 ¹·vivent,
692 1730 747 1790 etsi
767 1747 828 1789 non
842 1728 997 1800 ridentur,
1021 1728 1078 1789 etsi
1101 1746 1161 1789 oon
1184 1729 1320 1810 ¹⁹appre·

143 1830 316 1891 beoduntur
337 1847 392 1907 pro
416 1830 629 1890 mediocritate.
674 1830 738 1890 lloc
760 1830 854 1908 magis
878 1815 998 1901 c'redas,
1021 1829 1047 1889 si
1070 1829 1158 1890 deum
1173 1830 1321 1909 recogites

144 1940 258 1991 tantum
282 1915 423 1991 artificem
446 1930 477 1990 in
500 1932 626 1992 modicis
649 1940 790 2010 quantum
813 1930 894 1991 etin
917 1930 1065 1991 maximis.
1111 1930 1142 1991 Si
1166 1950 1236 1992 vero
1259 1949 1321 1992 uon

144 2042 231 2111 putas
265 2049 373 2110 capere
400 2040 459 2092 tam
488 2031 600 2093 minuta
632 2032 806 2111 corpuscula
840 2030 887 2091 dei
922 2031 1089 2109 ingenium,
1127 2031 1172 2092 sic
1202 2051 1321 2112 quoquo

146 2132 393 2211 magnificentiam
416 2134 481 2193 eius
504 2151 665 2210 agnoscas,
699 2133 806 2212 ²⁰quod
829 2132 954 2192 modicis
976 2131 1152 2194 animalibus
1175 2134 1241 2193 sine
1264 2152 1320 2193 ne-

147 2232 285 2292 cessariis
309 2233 450 2293 membris
473 2234 663 2295 nibilominus
686 2235 783 2294 vivere
800 2234 989 2308 instruxerit,
1013 2233 1093 2293 salvo
1116 2233 1203 2294 etiam
1225 2233 1320 2296 ''visu

149 2332 210 2392 sine
235 2330 347 2402 oeulis,
370 2341 397 2392 et
421 2354 473 2395 esu
496 2336 562 2396 sine
584 2335 757 2405 denticulis,
782 2344 811 2394 et
832 2334 949 2410 digestu
965 2334 1029 2395 sine
1044 2334 1153 2407 alveis,
1175 2335 1320 2413 quemad-

150 2433 267 2492 modum
291 2442 321 2491 et
343 2430 483 2491 incedunt
504 2436 646 2510 quaedam
677 2436 742 2492 sine
763 2432 891 2509 pedibus
919 2443 1056 2495 manante
1077 2435 1206 2511 impetu,
1241 2436 1320 2514 quod
1413 2481 1416 2488 1

151 2550 273 2612 angues,
297 2541 327 2591 et
348 2532 521 2608 insurgente
544 2542 668 2605 conatu,
697 2532 776 2610 quod
799 2550 933 2603 vermes,
962 2540 991 2592 et
1014 2542 1170 2612 spumante
1192 2542 1320 2614 reptatu,

152 2635 222 2711 qood
244 2632 377 2693 limaces.
414 2631 456 2692 lta
479 2641 509 2693 et
531 2633 637 2711 spirari
661 2651 713 2693 cur
734 2651 794 2693 non
817 2640 905 2711 putes
927 2632 992 2694 sine
1014 2634 1187 2713 pulmonum
1203 2635 1322 2698 follibus

154 2741 178 2792 ct
198 2734 264 2794 sine
292 2733 400 2794 listulis
428 2734 618 2806 arteriarum,
653 2741 686 2794 ut
711 2751 766 2811 pro
795 2751 902 2811 magno
930 2734 1117 2812 amplectaris
1145 2745 1321 2815 argumento

156 2832 254 2896 idcirco
278 2834 393 2896 animae
416 2836 560 2896 humanae
584 2835 720 2914 spiritum
744 2834 900 2905 accedere,
933 2834 1000 2914 quia
1028 2836 1089 2897 sint
1116 2855 1191 2916 quae
1214 2837 1320 2916 spiritu

158 2946 281 3008 areant,
317 2936 477 2997 etidcirco
501 2956 533 2996 ea
558 2937 664 3015 spiritu
692 2954 808 3008 carere,
843 2936 911 3014 quia
938 2935 1148 2998 ²²llaturalibus
1178 2937 1320 3000 ”artibus

159 3043 256 3097 sbucta
289 3054 348 3097 non
378 3036 462 3096 sint?
506 3038 607 3097 Vivere
637 3038 701 3096 sine
731 3037 838 3114 spiritu
868 3036 1019 3097 existimas
1048 3036 1173 3114 aliquid,
1206 3040 1321 3117 spirare

161 3133 213 3196 aine
233 3137 425 3218 pulmonibus
449 3156 509 3197 non
532 3137 643 3216 putas?
687 3137 764 3208 Quid
788 3145 851 3208 est,
881 3152 935 3195 oro
965 3145 1009 3208 te,
1038 3135 1175 3215 spirare?
1208 3138 1319 3210 llatum,

163 3236 270 3312 opinor,
304 3238 367 3298 ²*er
405 3239 565 3317 semetipso
601 3257 698 3316 agere.
754 3237 831 3308 Quid
860 3245 907 3295 est
934 3236 1021 3295 ”non
1051 3235 1172 3296 rivere?
1208 3237 1320 3309 llatum,

163 3337 271 3412 opnor,
295 3358 330 3399 ex
353 3339 515 3416 semetipso
539 3358 598 3399 non
619 3357 716 3416 agere.
752 3337 816 3397 lloc
838 3336 916 3396 enim
940 3336 1123 3415 respondere
1139 3336 1271 3410 debebo,
1294 3337 1320 3398 si

162 3449 210 3496 ooo
229 3439 306 3500 idem
330 3448 377 3500 est
399 3440 513 3519 spirare
535 3440 614 3517 quod
637 3439 745 3499 vivere.
779 3438 837 3498 Sed
860 3438 970 3497 mortui
994 3436 1050 3496 erit
1071 3454 1133 3496 non
1155 3455 1243 3515 agere
1265 3439 1320 3498 lla-

119 3528 121 3533 ’
164 3541 225 3600 um:
254 3558 326 3619 ergo
349 3541 503 3602 ”visentis
527 3549 573 3601 est
594 3558 682 3618 agere
704 3541 815 3600 ilatum.
868 3538 926 3598 Sed
950 3545 980 3598 et
1001 3537 1143 3616 spirantis
1167 3546 1212 3599 est
1233 3557 1322 3617 agere

163 3633 262 3701 bum:
287 3660 359 3720 ergo
383 3650 412 3702 et
434 3643 548 3720 spirare
571 3641 696 3701 viventis
719 3649 774 3702 est.
825 3639 988 3718 Utrumque
1010 3639 1036 3700 si
1060 3639 1124 3700 sine
1146 3639 1242 3700 anima
1266 3641 1320 3701 de·

163 3753 264 3803 currere
279 3743 436 3820 potuisset,
460 3761 519 3802 non
535 3742 642 3802 luisset
656 3742 771 3803 animae
785 3742 912 3820 spirare,
936 3740 989 3801 sed
1006 3739 1195 3801 solummodo
1213 3741 1320 3803 vivere.

162 3835 189 3898 tt
206 3844 283 3904 euim
306 3843 404 3903 rivere
427 3843 541 3921 spirare
565 3852 626 3912 est,
656 3843 715 3903 ²⁷et
743 3843 858 3923 spirare
886 3841 984 3902 vivere
1014 3852 1069 3903 est.
1118 3842 1197 3920 Ergo
1225 3849 1321 3902 totum

164 3986 192 4040 ll.
208 3996 325 4058 simplicis
343 3998 368 4045 l.
427 3995 464 4043 la.
484 4005 586 4044 errante.
616 3995 755 4058 Philosophi
774 3996 817 4045 AB.
860 4002 955 4044 errante
978 3993 1126 4057 philosopho
1146 3993 1168 4043 0,
1213 4002 1321 4043 errantes

162 4057 346 4126 philosophia,
402 4062 439 4111 13.
459 4064 620 4125 pupulaslb.
657 4063 838 4126 pupillasllt'o.
895 4061 932 4111 11.
952 4062 1075 4110 ειοηι.1.
1124 4060 1163 4110 15.
1182 4061 1321 4111 mandibula

160 4121 278 4181 telonus.
323 4129 362 4179 16.
384 4129 490 4178 lanceam
510 4133 549 4179 lo.
586 4131 700 4179 biantlam
718 4131 810 4194 reliqui.
861 4128 900 4177 17.
919 4127 1062 4178 exhibeto.
1097 4127 1210 4177 exhibeas
1227 4129 1313 4193 reliqui
1417 4138 1420 4143 '

162 4189 192 4242 18.
207 4198 316 4247 ridentur
334 4198 397 4260 Bmp.
452 4197 781 4260 lbadpraebondaotarll.
826 4196 866 4246 20.
886 4195 1130 4259 quomododleisd.
1172 4193 1212 4244 21.
1232 4196 1321 4247 ocull.
1388 4204 1393 4213 ·

161 4255 235 4313 ²2de
254 4265 467 4324 naturalibos-lp.
525 4263 567 4313 23.
586 4266 678 4313 artibus
695 4265 739 4314 ΑΒ.
775 4265 874 4314 artubus
892 4265 985 4328 reliqui.
1044 4262 1084 4312 24,
1103 4264 1276 4326 semetipsum
1295 4265 1319 4311 A.

160 4322 252 4382 25.non
272 4335 377 4395 antu,
432 4331 471 4381 26.
491 4333 590 4381 viventis
609 4341 696 4380 est-
714 4358 746 4367 —
766 4347 823 4393 ergo
842 4332 921 4381 om.l.
970 4328 1011 4379 21.
1029 4340 1052 4379 et
1070 4331 1164 4394 spirare
1181 4331 1257 4380 rivers
1276 4336 1320 4378 est.

158 4391 208 4458 Ergo
225 4403 264 4450 lb.
301 4402 322 4450 sl
342 4408 364 4448 et
382 4400 476 4463 spirare
495 4400 579 4449 virore.
606 4400 631 4448 Si
650 4399 700 4461 (Sic
718 4398 752 4459 o.)
770 4415 828 4462 ergo
847 4399 904 4448 aaa.

184 4533 198 4581 1,
216 4536 308 4583 aurium
329 4531 406 4599 caeci]
425 4535 501 4583 Etiam
516 4535 659 4583 intenebris
674 4535 710 4582 di·
763 4533 835 4582 tubae
855 4532 1004 4581 truculentae
1022 4531 1125 4596 spiculo.
1144 4531 1250 4592 (Rigaltl

156 4610 260 4650 scemam
286 4617 367 4651 sores.
403 4603 462 4651 Nam
487 4611 543 4651 sont
567 4604 709 4665 praesertim
797 4615 820 4661 g,
840 4607 863 4649 et
881 4596 1002 4664 lanceam]
1030 4600 1067 4650 ct.
1087 4600 1145 4649 Plio.
1166 4597 1320 4648 liittllatnr.

153 4670 242 4718 aonbos
258 4670 350 4733 intent,
369 4670 412 4719 bas
424 4671 576 4733 potissimum
595 4676 711 4733 appetunt
762 4668 800 4730 lll,
811 4667 835 4716 2.
