3242 5775
515 640 663 685 mmusus
684 641 857 685 mucrones
878 644 935 688 nm.
952 646 973 688 r.
1216 701 1219 707 ,
1294 641 1333 702 75

141 800 248 873 putem
278 790 534 871 impudentiorem
564 808 652 869 quam
682 791 732 870 qui
753 789 785 852 in
806 791 902 854 aliene
930 812 1006 873 nque
1027 794 1077 856 aiii
1099 796 1156 858 deo
1178 799 1332 886 tinguitur,

142 894 181 956 ad
201 893 338 955 alienum
368 891 483 953 caetum
509 891 559 953 aiii
586 891 643 953 deo
671 892 881 971 expanditur-¹,
909 894 1062 957 in·aliena
1092 906 1170 959 terra
1197 901 1246 961 alii
1274 902 1331 964 deo

142 996 308 1066 sternitur,
332 1010 427 1071 super
447 991 576 1054 ebenum
594 997 719 1071 panem·
740 992 790 1054 alii
812 993 869 1055 deo
891 995 1051 1074 gratiarum
1067 998 1235 1061 actionibus
1258 1002 1329 1063 fun·
1371 1065 1378 1074 ,

142 1094 237 1175 tim,
262 1094 303 1155 de
325 1092 434 1154 alienis
455 1093 545 1154 bouis
568 1092 607 1154 ob
629 1092 720 1153 alium
742 1093 831 1155 deum
846 1096 967 1157 nomine
987 1096 1193 1177 eleemosynae
1208 1108 1239 1160 et
1253 1100 1329 1162 diie-

143 1196 252 1258 ctionis
271 1192 444 1275 operatur'.
479 1194 554 1266 Quis
577 1193 633 1255 iste
658 1194 732 1256 deus
747 1202 806 1255 tam
827 1194 925 1256 bonus
947 1203 981 1257 ut
1001 1197 1091 1259 bomo
1115 1198 1151 1260 ab
1161 1199 1216 1260 iiio
1232 1202 1328 1263 malm

142 1296 204 1372 fic:
227 1304 292 1357 tam
315 1296 471 1375 propitius
491 1303 526 1355 ut
546 1294 635 1355 aiium
656 1293 699 1356 iili
721 1294 825 1370 deum,
848 1304 878 1358 et
902 1297 1055 1359 dominum
1070 1299 1189 1377 quidem
1204 1299 1326 1379 ⁸ipsius,

144 1397 228 1460 fatiat
248 1395 389 1458 iratum?

227 1498 292 1558 Sed
315 1497 393 1559 deus
417 1497 494 1557 sicut
515 1506 654 1558 aeternus
677 1504 707 1556 et
727 1496 895 1571 rationalis,
923 1498 963 1559 ita
992 1497 1100 1577 opinor
1127 1506 1157 1559 et
1178 1500 1326 1578 perfectus
1345 1505 1481 1573 cipxxrv'.

145 1597 355 1660 homnibus.
388 1596 481 1658 Eritis
504 1598 581 1658 enim
603 1598 742 1676 perfecti,
766 1598 1013 1675 quemadmodum
1034 1606 1119 1678 pater
1140 1608 1254 1675 vester,
1278 1601 1491 1680 quinionem·

146 1698 286 1761 'noetis
310 1705 371 1760 est.
421 1698 535 1759 Exhibe
563 1699 725 1776 perfectam
751 1715 869 1777 quoque
896 1697 1059 1760 bonitatem
1086 1699 1159 1761 eius.
1203 1700 1268 1762 Etsi
1290 1701 1327 1762 de

147 1801 318 1881 ‘qerfecta
343 1799 419 1861 satis
441 1807 573 1871 constat,
605 1817 680 1878 quae
701 1816 799 1878 neque
820 1799 964 1860 naturalis
987 1798 1135 1896 iprenitur
1156 1818 1253 1879 neque
1275 1818 1325 1862 ra-

106 1979 107 1994 ,
148 1900 280 1973 ionalis,
304 1919 390 1962 nunc
412 1908 442 1961 et
463 1900 519 1961 alio
535 1900 640 1961 ordine
655 1898 860 1973 traducetur·;
882 1918 938 1962 uec
952 1901 1010 1961 iam
1025 1899 1211 1978 imperfecta,
1233 1902 1326 1963 immo

106 1997 107 2042 t
150 2012 176 2063 et
192 2003 345 2073 defectaf,
369 2000 474 2079 exigm
497 2008 527 2061 et
549 2001 705 2072 exhausta,
728 1999 828 2060 minor
848 2018 974 2061 numero
990 2001 1178 2061 materiarum
1195 2019 1326 2077 suarum,

151 2120 217 2181 με
239 2121 304 2164 non
328 2102 361 2162 in
383 2101 522 2162 omnibus
545 2100 709 2162 exhibetur.
752 2100 819 2160 Non
841 2101 921 2161 enim
944 2119 1049 2161 omnes
1072 2099 1143 2161 salvi
1166 2101 1250 2175 fiunt,
1272 2102 1326 2163 sed

153 2204 302 2283 pociores
338 2202 480 2263 omnibus
512 2210 542 2263 et
569 2201 685 2263 Indaeis
713 2208 743 2261 et
770 2200 948 2263 Christianis
979 2200 1132 2262 creatoris.
1186 2201 1326 2263 Pluribus

153 2322 214 2365 rere
240 2303 442 2384 pereuntibus
470 2302 620 2382 quomodo
648 2303 777 2381 perfecta
804 2301 974 2363 defenditur
1003 2300 1122 2361 bonitas
1151 2320 1187 2361 ex
1214 2301 1327 2363 maiore

157 2413 229 2483 pute
257 2404 423 2476 msauix,
455 2403 557 2482 paucis
580 2403 693 2481 aliqua,
726 2402 861 2481 pluribus
889 2402 983 2475 nulla,
1018 2400 1127 2462 cedens
1155 2400 1325 2480 perditioni,

158 2505 283 2583 ptiar-ia
305 2502 417 2565 exitii?
460 2504 576 2576 Quodsi
597 2503 698 2583 piures
720 2503 791 2564 salvi
814 2521 875 2563 non
898 2510 1001 2575 erunt,
1025 2502 1082 2563 erit
1103 2501 1161 2563 iam
1183 2519 1245 2562 uon
1268 2502 1325 2563 bo-

159 2606 243 2679 itas,
274 2606 328 2667 sed
360 2604 472 2666 malitia
498 2604 666 2683 perfectior.
717 2603 800 2665 Sicut
828 2603 907 2664 enim
935 2602 1077 2664 bonitatis
1105 2603 1239 2683 operatio
1268 2611 1325 2679 est,

162 2723 227 2785 με
245 2706 313 2768 facit
337 2707 453 2779 salvos,
485 2705 524 2765 itn
552 2704 758 2783 malignitatis,
791 2722 867 2783 quae
893 2721 954 2764 non
981 2704 1051 2765 facit
1073 2704 1183 2765 salvos.
1233 2704 1324 2783 Magis

163 2814 248 2867 atem
268 2824 330 2867 nou
352 2807 466 2867 faciens
488 2804 586 2866 salvos
614 2804 683 2865 dum
705 2822 817 2883 paucos
840 2805 922 2876 facit,
950 2805 1111 2882 perfectior
1133 2806 1190 2866 erit
1212 2804 1241 2864 in
1263 2823 1325 2865 non

164 2907 275 2968 moa
297 2927 387 2988 quam
410 2907 549 2969 iurando.
585 2906 652 2966 Non
673 2906 787 2985 poteris
809 2915 839 2967 et
861 2907 891 2966 in
914 2914 1077 2967 creatorem
1099 2908 1213 2967 referre
1235 2905 1323 2967 boni·
1420 2943 1423 2947 -

167 3014 258 3073 uem.
278 3010 310 3069 in
334 3027 438 3069 omues
462 3007 668 3068 defectionem.
707 3007 802 3078 Quem
826 3006 904 3067 enirn
926 3007 1052 3068 indicem
1076 3015 1176 3080 tenes,
1200 3007 1324 3084 dispen-
1417 3051 1425 3061 .

167 3116 296 3181 satoruu,
326 3110 351 3170 si
372 3110 477 3181 fortc·,
507 3106 646 3168 bonitatis
670 3106 804 3167 ostendis
828 3106 1070 3185 intellegendum,
1101 3126 1162 3167 non
1184 3109 1324 3186 profuso-

169 3224 234 3278 rem,
256 3209 349 3288 'quod
372 3210 428 3270 deo
452 3217 505 3269 too
526 3207 668 3268 vindicas.
722 3207 822 3285 Usque
845 3207 917 3268 adeo
940 3209 995 3268 hac
1015 3208 1080 3268 sola
1104 3226 1172 3268 eum
1192 3207 1325 3285 praefers

170 3306 283 3371 bonitate
304 3310 431 3371 creatori
454 3327 541 3388 quam
563 3308 589 3368 si
612 3307 705 3369 solam
733 3309 889 3386 profitetur
918 3317 947 3367 et
976 3316 1081 3379 totam,
1116 3304 1188 3366 nulli
1219 3306 1326 3367 deesse

106 3468 108 3475 ,
172 3408 301 3472 debuerat.
340 3411 398 3471 Sed
413 3410 485 3471 noio
502 3410 559 3469 iam
575 3407 612 3468 de
634 3417 717 3486 parte
738 3408 852 3468 maiore
873 3408 1061 3484 pereuntium
1084 3406 1325 3481 ¹bimperfectum

105 3555 112 3565 .
174 3507 293 3572 tontum
315 3529 437 3590 arguere
460 3510 549 3571 deum
571 3508 739 3570 Marcionis.
789 3506 904 3568 Sufficit
931 3506 1017 3584 ipsos
1041 3523 1115 3582 quos
1139 3503 1237 3564 salvos
1259 3503 1328 3564 facit

176 3608 341 3690 hpoefectm
363 3611 466 3672 salutis
490 3611 625 3671 inventos
648 3610 847 3686 imperfectam
875 3606 1037 3666 bonitatem
1067 3604 1131 3664 eius
1155 3604 1325 3677 ostendere,

105 3741 114 3777 ,ε
175 3710 372 3774 fflcetanima
388 3711 496 3773 tenus‘1
512 3700 619 3784 salvos,
643 3727 730 3801 carne
753 3709 939 3788 deperditos,
964 3724 1038 3785 quae
1061 3704 1138 3785 apud
1160 3704 1241 3765 iilum
1264 3722 1325 3765 non

176 3857 272 3926 tipus
289 3866 401 3915 contub.

106 3962 109 3977 .
228 3932 278 3994 cap.
295 3933 370 3981 lxii.
414 3932 436 3980 l.
455 3931 521 3994 qnod
540 3930 585 3978 deo
603 3937 644 3979 tno
663 3929 699 3979 cd.
721 3928 842 3977 Vaticanus
860 3934 962 3990 aterque.
998 3924 1063 3987 qnod
1081 3931 1122 3973 tuo
1140 3924 1232 3987 reliqui.
1281 3923 1326 3972 fb.

106 4048 113 4062 ,
177 3993 289 4048 frte-um
306 4000 469 4063 imperfectae.
894 4011 898 4015 ·

201 4095 472 4163 &expanditurlstgo
496 4105 623 4162 precantes
641 4095 713 4145 Chri·
800 4091 952 4155 taeduit.
983 4107 1003 4140 a.
1024 4087 1174 4157 traducetur]
1192 4090 1327 4147 Evincetnr,

177 4164 230 4212 niani
250 4168 276 4215 nd
302 4169 394 4216 coefum
421 4167 519 4216 brachia
546 4164 712 4212 extendebant.
765 4161 965 4209 manifestabitur.
1002 4159 1037 4208 Cf.
1057 4159 1148 4208 adnott.
1167 4158 1196 4207 ad
1216 4157 1326 4218 [refuga

178 4228 251 4288 bn.)
271 4234 414 4297 trapetas.
425 4250 446 4283 e
457 4233 500 4282 30.
518 4233 552 4280 De
563 4232 628 4280 Orat.
643 4247 663 4280 e.
673 4229 711 4278 13.
764 4229 788 4276 iu
808 4228 928 4275 Persecut.
949 4240 1002 4288 cap.
1014 4225 1038 4273 2.

106 4290 117 4305 '
201 4303 418 4363 cooperationem
437 4295 538 4364 panem}
564 4299 590 4346 in
609 4298 712 4347 eundem
797 4295 821 4343 b.
840 4291 946 4355 defecto]
965 4293 1070 4341 AdNatt.
1089 4292 1148 4352 lta
1167 4291 1233 4350 „filia
1252 4289 1329 4353 patrie

106 4374 121 4385 ·’
179 4375 252 4415 tm
269 4369 484 4419 duentireneeus
503 4366 649 4427 „Qrcomodo
668 4379 712 4412 an·
763 4362 787 4411 in
806 4359 1101 4423 earcerefamedeseeti.“
1124 4355 1325 4422 fpofog.cop.2f
1362 4354 1403 4463 ὅ

106 4424 123 4482 ἦ
179 4436 214 4479 ΙΙ
231 4437 339 4486 concubit
362 4439 397 4486 eis
422 4450 478 4485 eum
506 4447 594 4497 ponem
622 4434 644 4482 in
663 4446 711 4495 quo
764 4429 861 4488 „ifanet
879 4429 969 4489 integra
990 4428 1136 4489 etindesecto
1148 4426 1262 4475 materiae
1278 4438 1329 4471 rna-

180 4500 245 4557 Μ
265 4514 328 4553 »ttae
350 4512 407 4554 suot
431 4518 522 4566 corpus
549 4496 713 4549 essedomiui
765 4497 837 4546 trir.“
873 4497 907 4544 be
926 4495 1008 4543 Anima
1028 4492 1121 4556 cupid
1140 4495 1263 4555 „desectae
1282 4491 1328 4538 iem

180 4576 248 4625 'sot
270 4573 364 4622 uticem
388 4571 518 4632 sauguinis
537 4571 598 4627 eins,
624 4568 645 4616 si
664 4581 712 4615 uon
764 4563 927 4613 traditionis.“
963 4563 997 4611 Da
1017 4561 1093 4609 Paffio
1113 4576 1164 4623 cap.
1181 4559 1197 4609 3
1217 4558 1329 4619 „ieiunus

105 4643 127 4689 u
182 4629 395 4692 *conareris
422 4639 509 4689 mendi
528 4635 713 4695 frfiumdicaut,
764 4630 860 4680 scilicet
877 4643 975 4693 semper
993 4636 1016 4677 et
1034 4626 1192 4692 indefectus?

184 4698 235 4752 ἸΝ
249 4704 436 4759 *maudein*
455 4704 566 4767 (nigab.)
799 4713 820 4747 c.
839 4698 858 4746 si
877 4694 950 4759 forte]
970 4697 1005 4746 Cf.
1018 4698 1075 4746 adn.
1088 4697 1116 4744 od
1128 4695 1264 4743 DeCorona
1276 4687 1328 4736 cb.

112 4782 130 4821 u
204 4770 350 4840 [operatur]
367 4772 605 4826 Debocusurerbi
622 4756 714 4835 oper&
799 4766 823 4814 d.
849 4766 927 4813 animo
946 4760 1027 4827 tenus]
1057 4764 1092 4813 Cf.
1111 4762 1212 4825 fpofog.
1232 4753 1329 4816 cap-⁴10

187 4832 287 4892 Uitru
305 4853 340 4895 en
355 4845 385 4895 cd
403 4844 441 4895 be
460 4841 553 4893 fdofoi.
572 4853 625 4903 cop.
637 4837 679 4888 23.
766 4841 808 4895 „et
826 4833 847 4881 si
865 4846 911 4896 qua
930 4832 981 4882 illic
998 4833 1113 4882 orborum
1132 4841 1213 4893 poma,
1238 4833 1329 4872 conan-
