3242 5775
315 615 379 680 400
569 585 670 675 onrnrr
694 624 824 670 sarman
845 623 1011 667 ruonenrrs
1033 623 1231 677 renuentum

314 778 517 862 ¹‘prophetant
538 781 663 854 portans
685 774 743 837 iarn
766 773 878 835 domini
894 772 940 835 sui
956 772 1107 835 conscium
1127 773 1287 845 infantem,
1312 780 1344 834 et
1363 773 1439 853 insui

183 899 298 952 toene
313 881 420 961 spiritu
442 886 544 940 sancto
561 874 734 968 [adimpleta.
778 874 850 937 Sine
872 893 960 936 causa
983 874 1062 936 enim
1085 875 1172 949 dicit,
1200 876 1238 935 Et
1259 874 1338 936 unde
1361 875 1435 937 mihi

313 982 436 1045 “mater
458 976 570 1039 domini
592 978 651 1038 mei
673 976 710 1039 ad
731 994 779 1038 me
800 973 920 1037 veniat?
965 975 994 1037 Si
1017 976 1107 1037 Maria
1130 993 1191 1037 non
1214 975 1324 1047 lilium,
1353 976 1409 1037 sed
1432 977 1439 1037 l

183 1100 298 1154 metue
312 1082 420 1163 spicam
441 1078 472 1142 in
488 1086 572 1141 utero
588 1076 722 1156 gestabat
735 1077 851 1149 lesum,
873 1077 1024 1155 quomodo
1040 1077 1126 1151 dicit,
1151 1076 1365 1138 “Benedictus
1375 1078 1439 1138 lruc

314 1180 418 1246 ”uteri
440 1178 506 1243 tui?
550 1178 625 1251 Quis
649 1177 697 1239 hic
717 1179 832 1240 tructus
854 1178 946 1252 uteri,
976 1179 1024 1256 qui
1048 1196 1108 1238 non
1131 1196 1168 1239 ex
1191 1186 1277 1238 utero
1300 1178 1439 1255 germina

314 1283 364 1365 quii
386 1299 447 1346 non
469 1280 500 1343 in
523 1289 608 1341 utero
631 1278 759 1342 radicem
782 1278 871 1355 egit„
887 1278 937 1356 qni
965 1297 1025 1352 non
1053 1280 1118 1339 eius
1141 1288 1188 1340 est
1209 1278 1293 1340 cuius
1317 1288 1364 1340 est
1388 1288 1437 1344 ute

188 1383 414 1463 10·.n,1.etqui
436 1381 674 1459 utiquelruotns
696 1379 790 1452 uteri,
823 1378 985 1440 Christus?
1027 1380 1071 1440 dn
1099 1380 1169 1458 quia
1197 1380 1262 1459 ipse
1288 1389 1338 1441 est
1365 1381 1423 1441 llos

311 1486 393 1563 virga
415 1482 575 1562 ¹'prolecta
601 1499 639 1541 ex
666 1479 764 1544 radice
785 1480 886 1551 lesse,
919 1480 1002 1540 radix
1032 1488 1130 1543 autem
1158 1482 1241 1542 lesse
1269 1499 1362 1559 genus
1386 1481 1439 1564 llar

312 1587 393 1665 virge
420 1603 456 1647 ex
477 1582 576 1647 radice
597 1580 688 1643 Maria
716 1599 753 1643 cx
774 1580 882 1652 David,
915 1581 971 1642 ilos
1000 1600 1034 1642 ex
1063 1583 1143 1661 virga
1170 1582 1248 1642 lilius
1277 1580 1403 1652 Mariae,
1436 1612 1439 1631 ι

134 1693 139 1708 “
312 1687 419 1750 dicitur
440 1685 524 1746 lesus
547 1681 701 1754 Christus,
724 1681 790 1761 ipse
811 1681 870 1745 crit
883 1688 913 1742 et
927 1680 1064 1743 fructus?
1092 1683 1161 1743 Flos
1178 1683 1256 1743 enim
1273 1684 1397 1752 eunus,
1420 1700 1438 1759 q

232 1761 239 1773 ¹
311 1788 491 1869 perderem
513 1792 600 1845 etex
622 1784 697 1843 llere
718 1782 817 1844 omnir
840 1783 953 1844 tructus
977 1783 1137 1844 ¹⁹eruditur
1156 1784 1188 1844 iu
1212 1783 1370 1844 tructanni.
1409 1783 1439 1855 Qu

312 1886 409 1969 ergo?
435 1886 549 1964 Negant
571 1884 728 1944 etlructui
751 1901 839 1944 suum
861 1884 967 1943 florem
990 1891 1020 1945 et
1033 1884 1100 1945 tiori
1116 1903 1199 1945 suam
1215 1885 1327 1962 virgam
1343 1890 1374 1945 et
1389 1883 1439 1960 vin

310 2007 398 2063 ,suem
418 1987 562 2058 radicem,
591 1984 750 2064 quominus
771 1984 885 2045 ”suam
912 1984 996 2045 radix
1025 1984 1111 2045 ²¹sihi
1140 1985 1268 2046 vindicet
1294 2004 1349 2064 per
1376 1985 1439 2063 virg

313 2088 526 2170 proprietatem
548 2086 614 2148 eius
636 2084 716 2164 quod
739 2084 882 2163 exsuge
911 2092 972 2157 est,
1005 2086 1088 2147 lloris
1118 2096 1149 2147 et
1175 2088 1305 2157 fructus,
1337 2085 1438 2164 siquid

313 2190 411 2254 omnia
433 2189 541 2270 gradus
563 2186 681 2267 generis
702 2185 738 2247 ah
761 2186 865 2247 ultimo
888 2186 923 2247 ad
946 2186 1137 2265 principalem
1159 2195 1350 2259 recensetur,
1374 2196 1409 2247 ut
1431 2186 1439 2246 i

224 2325 226 2329 ·
314 2309 393 2354 nune
413 2308 532 2355 oannem
555 2287 681 2359 Christi,
705 2305 765 2349 non
787 2294 898 2349 tantum
914 2288 1037 2361 itariae,
1062 2288 1114 2350 sed
1138 2298 1169 2349 et
1183 2287 1273 2349 David
1295 2305 1350 2367 per
1364 2287 1439 2349 llari

263 2445 269 2455 ,
313 2392 379 2455 ”et
392 2393 476 2454 lesse
496 2410 551 2471 per
566 2389 655 2452 David
671 2388 766 2451 sciant
778 2389 949 2450 adhaerere.
977 2387 1077 2450 ”ideo
1099 2389 1180 2451 hune
1198 2390 1325 2456 fructum
1348 2408 1384 2449 ex
1409 2389 1440 2450 lu

313 2494 361 2556 hic
381 2492 490 2567 David,
519 2491 548 2553 id
571 2499 619 2553 est
639 2508 675 2553 ex
697 2490 870 2568 posteritate
891 2489 989 2551 carnis
1013 2490 1093 2562 eius,
1122 2491 1201 2551 iurat
1222 2490 1263 2552 illi
1285 2490 1360 2551 deus
1381 2489 1439 2551 '‘or

163 2572 299 2672 mffiri,
313 2612 467 2656 sessurum
489 2592 520 2653 in
542 2592 651 2652 throno
672 2591 780 2670 ipsius.
824 2590 856 2651 Si
878 2609 913 2651 ex
928 2589 1043 2674 lumbis
1068 2590 1173 2663 David,
1200 2592 1428 2671 quantomagis

177 2672 296 2732 *⁰²⁰¹*
313 2692 422 2758 lurrhis
444 2692 568 2764 hieriae,
592 2691 631 2752 oh
653 2710 741 2770 quam
762 2691 793 2753 in
816 2690 924 2753 lumbis
947 2690 1062 2753 David?

179 2810 304 2871 capuit.
399 2792 521 2856 Deleant
551 2792 640 2871 igitur
668 2800 697 2853 et
725 2790 896 2853 testimonia
925 2791 1101 2854 daemonum
1128 2792 1219 2853 hlium
1245 2791 1337 2854 David
1367 2811 1439 2871 pror

313 2894 422 2959 mantia
445 2894 577 2966 ¹lesum,
610 2886 665 2956 sed
687 2893 857 2955 testimonia
879 2892 1084 2972 apostolorum
1111 2893 1211 2957 delere
1232 2912 1294 2978 non
1315 2894 1439 2975 'potere

313 2995 340 3057 si
361 2995 540 3057 daemonum
561 2993 682 3072 indigna
702 3001 782 3055 sunt.
831 2993 901 3072 lpse
923 2994 1059 3073 inprimis
1080 2995 1260 3069 Matthaeus,
1292 2995 1439 3057 fidelissin

314 3094 454 3176 evangelii
475 3103 707 3168 commentator,
741 3101 775 3156 ut
801 3113 903 3156 comes
934 3095 1069 3171 domini,
1097 3115 1158 3157 non
1186 3095 1271 3159 aliam
1299 3096 1339 3157 oh
1367 3114 1438 3158 caus

313 3216 400 3277 quem
423 3204 534 3259 utnon
557 3194 681 3275 originis
702 3195 812 3259 Christi
836 3196 960 3257 carnalis
989 3208 1145 3274 compotes
1167 3199 1278 3259 laceret
1298 3196 1337 3259 ita
1361 3216 1439 3259 exon

177 3310 298 3366 nimir.
313 3307 375 3364 eat:
405 3297 495 3362 hiber
523 3298 677 3376 geniturae
696 3297 767 3359 lesu
788 3297 915 3372 Christi,
948 3297 1000 3358 lilii
1022 3298 1128 3372 David,
1155 3298 1212 3359 tilii
1229 3298 1385 3360 Abraham.
1432 3299 1440 3360 l

313 3399 437 3485 eripieris
459 3399 592 3462 lontibus
613 3384 722 3479 genere
743 3406 881 3460 manante
902 3417 969 3461 cum
992 3399 1134 3478 gradatim
1157 3400 1233 3461 ordo
1255 3400 1413 3461 deducitur
1433 3398 1439 3430 ³

312 3501 420 3565 chesn
443 3500 641 3573 nativitatem,
674 3500 744 3580 quid
772 3500 851 3562 aliud
879 3519 966 3580 quam
998 3519 1066 3562 caro
1094 3501 1159 3580 ipsa
1180 3501 1315 3562 Abrahae
1344 3511 1374 3562 et
1394 3500 1439 3562 lla

311 3619 366 3680 per
392 3601 527 3680 singulos
555 3600 706 3663 traducem
733 3603 783 3663 sui
811 3601 923 3663 taciens
952 3602 981 3663 in
1008 3602 1151 3680 virginem
1180 3620 1275 3681 usque
1306 3601 1439 3664 describi:

312 3703 442 3766 intereas
459 3702 626 3775 Christum,
648 3701 740 3763 immo
755 3701 820 3781 ipse
836 3701 973 3763 Christus
988 3703 1180 3781 ‘producitur
1201 3703 1237 3764 de
1259 3701 1397 3782 virginei
1426 3705 1439 3766 S

314 3854 353 3905 tt.
372 3853 490 3918 propheta
515 3860 616 3916 portans
633 3869 693 3917 emp.
737 3855 882 3918 prophetam
907 3853 1050 3918 praedicans
1069 3855 1109 3905 lla.
1153 3855 1297 3919 prophetam
1321 3870 1439 3920 praecem

314 3921 353 3973 15.
371 3929 448 3971 meter
464 3919 555 3969 domini
574 3919 621 3969 mei
638 3919 668 3971 ad
688 3935 726 3970 me
743 3923 822 3971 veniat
838 3924 915 3984 ahod,
932 3923 1167 3985 deecdd.Gonpreii.
1202 3924 1280 3973 veniat
1298 3931 1375 3973 mater
1392 3924 1439 3973 don

311 3988 358 4038 mei
377 3988 406 4037 ed
426 4001 464 4036 me
480 3987 507 4036 B.
543 3994 621 4037 nater
637 3986 728 4038 domini
747 3989 793 4039 mei
812 3990 842 4039 ad
861 4003 900 4039 me
919 3990 962 4040 Ol).
1013 3988 1051 4039 lh.
1069 3989 1212 4041 Benedictus
1230 3992 1294 4052 led,
1313 3994 1360 4042 dee
1373 3993 1439 4042 Vatia

226 4117 230 4123 1
312 4055 398 4105 Beatus
415 4055 508 4118 reliqui.
563 4054 602 4103 l'l.
621 4057 709 4105 ventris
727 4056 768 4106 BC.
816 4055 856 4107 tc.
875 4058 983 4120 proiecta
1001 4073 1021 4107 o.
1057 4059 1163 4120 proiecta
1181 4059 1274 4123 reliqui.
1317 4058 1356 4109 tt.
1376 4059 1436 4108 erud

311 4124 398 4174 natet
434 4123 526 4171 eruitur
542 4121 593 4182 BC,
613 4123 641 4172 l).
659 4126 684 4172 ir
700 4139 781 4188 mare,
801 4131 848 4174 tree
868 4125 979 4174 Valeant,
1041 4123 1081 4174 20.
1100 4140 1168 4175 enam
1188 4127 1254 4175 redii
1273 4127 1350 4187 cled,
1369 4128 1439 4177 dees

312 4190 430 4252 Gerpreii.
465 4188 532 4239 redir
550 4190 642 4254 reliqui.
695 4189 736 4240 rt.
754 4191 864 4242 vendicet
879 4192 924 4251 (rie
942 4193 997 4242 iibri
1014 4195 1102 4247 omnes)
1119 4193 1164 4242 ribi
1184 4194 1208 4242 B.
1254 4192 1295 4242 22.
1314 4202 1337 4244 et
1356 4192 1423 4243 lesse

311 4256 383 4306 David
401 4257 478 4306 eciam
496 4259 572 4318 obed„
591 4259 620 4307 de
637 4260 705 4308 codd.
719 4261 838 4322 Guapeeii.
872 4252 917 4322 pe'r
935 4259 1006 4309 llavid
1024 4261 1102 4309 seiaut
1120 4261 1163 4310 BC.
1196 4261 1274 4310 sciant
1292 4260 1319 4310 B.
1366 4260 1437 4310 aet

312 4324 421 4375 hunred.
452 4324 506 4373 deo.
527 4325 697 4377 nonencort.
721 4327 804 4377 Prodat
814 4326 947 4376 Falerios.
984 4326 1023 4377 24.
1043 4329 1249 4377 concereurnmd.
1273 4342 1439 4378 eooeensnrur

379 4391 437 4455 Cap.
455 4391 525 4440 xxti.
570 4392 591 4441 l.
610 4393 689 4443 lerunt
712 4394 785 4444 ecee.
803 4399 849 4444 tres
870 4395 982 4445 Votieoei.
1029 4396 1057 4445 nd
1078 4396 1157 4445 laeum
1176 4397 1269 4460 reliqui.
1321 4395 1345 4445 2.
1371 4403 1439 4460 poter

311 4458 404 4518 Bohed,
425 4466 446 4508 et
464 4459 490 4507 n.
509 4461 534 4507 hi
550 4475 623 4522 mero.
657 4468 788 4525 potnerunt
807 4461 852 4512 CB.
895 4461 919 4511 3.
938 4462 967 4512 ad
986 4462 1025 4524 (un
1039 4464 1071 4522 C.)
1090 4464 1178 4514 Christi
1198 4464 1342 4521 nativitatem
1364 4463 1439 4528 Compi

309 4525 431 4576 achiisti
449 4526 568 4575 nativitate
585 4528 646 4578 cra.
698 4529 721 4578 4.
740 4529 884 4593 producitur
900 4532 987 4593 omnic.
1021 4531 1133 4593 proditur
1150 4530 1244 4581 uenat.
1263 4532 1337 4581 ceder
1354 4532 1439 4582 Pitheci

343 4627 368 4677 h.
385 4626 496 4677 eruditur
513 4627 537 4677 in
555 4623 680 4694 hactum]
704 4630 827 4693 Creditur,
844 4631 868 4681 id
920 4633 961 4681 liu.
979 4646 1046 4695 „qno
1064 4632 1159 4683 laciliue
1177 4633 1201 4683 io
1219 4633 1353 4696 pecudihoe
1371 4646 1439 4696 praei

310 4702 347 4745 est
370 4695 522 4745 intermunt.
570 4695 605 4745 cl.
632 4696 666 4746 lle
690 4698 788 4748 leland.
806 4700 867 4761 Virg.
921 4699 994 4748 ditata
1018 4700 1154 4751 humanitus
1180 4704 1206 4751 ir
1228 4703 1345 4750 hominum
1362 4702 1439 4764 retrip

310 4762 389 4825 capi
418 4763 529 4822 „fruetur
545 4787 580 4797 ·-
597 4766 702 4814 mdituv
719 4768 744 4815 ia
760 4782 870 4817 menece-
922 4767 1081 4816 erudiretur.“

310 4832 412 4880 tudinem
429 4828 558 4894 raperis.“,
578 4830 632 4880 hdr.
650 4831 721 4881 llere.
740 4832 770 4894 ll,
782 4833 822 4884 l'l.
840 4833 870 4883 ad
