3242 5775
316 647 379 710 sto
568 657 669 711 nurum
693 656 825 700 sxrrmn
846 653 1010 699 recasurus
1033 652 1231 698 rmrnmunr

163 832 309 889 capum,
400 807 661 870 Resurrectionem
683 804 845 884 apostolica
867 821 986 882 quoque
1007 803 1205 863 instrumenta
1228 808 1385 862 testantur.
1416 799 1476 860 Nau

315 920 344 973 et
366 908 509 988 apostolis
532 906 643 968 nulium
671 905 750 967 aliud
779 904 930 982 negotium
959 902 1031 973 luit,
1065 902 1205 963 duntaxat
1232 900 1310 981 apud
1338 900 1476 970 israelem,

313 1028 401 1089 quam
424 1008 532 1069 veteris
556 1006 721 1068 testamenti
744 1004 916 1083 resignandi
939 1011 969 1063 et
989 1002 1060 1063 nori
1081 1002 1306 1080 consignandi·,
1337 1011 1368 1061 ct
1388 1000 1476 1079 potius

313 1110 371 1171 iam
394 1108 441 1169 dei
464 1108 494 1168 iu
517 1107 635 1168 Christo
658 1106 859 1167 contionandi.
904 1104 946 1165 ita
968 1111 998 1164 et
1020 1102 1057 1164 de
1078 1102 1302 1163 resurrectione
1325 1101 1399 1162 nihil
1420 1099 1476 1162 nori

315 1209 508 1279 ¹intuierunt,
531 1206 589 1268 nisi
612 1206 690 1284 quod
713 1214 742 1266 ct
764 1204 859 1283 ipsam
881 1204 913 1264 in
934 1203 1057 1282 gloriam
1073 1201 1183 1264 Christi
1199 1202 1427 1273 annuntiabant,
1448 1199 1475 1259 dc

315 1319 414 1371 cetero
437 1308 563 1387 simplici
586 1314 616 1367 et
636 1314 706 1365 nota
728 1306 785 1365 iam
807 1304 866 1364 lide
887 1315 1036 1383 receptam
1059 1303 1123 1364 sine
1144 1302 1203 1364 ulia
1225 1302 1375 1382 qualitatis
1396 1319 1474 1379 quae-

316 1408 428 1480 stione,
452 1407 524 1468 soiis
546 1404 761 1485 refragantibus
782 1404 972 1466 Sadducaeis.
1017 1403 1099 1465 Adeo
1121 1403 1233 1465 facilius
1257 1402 1314 1464 luit
1337 1402 1433 1480 negari
1453 1400 1475 1460 in

314 1517 410 1570 totum
432 1501 620 1568 mortuorum
640 1504 891 1566 resurrectionem
913 1523 999 1583 quam
1022 1505 1107 1565 aliter
1121 1502 1262 1581 intellegi.
1293 1502 1396 1564 Habes
1409 1502 1475 1563 Pau·

315 1608 375 1669 lum
404 1607 481 1686 apud
510 1624 644 1668 summos
672 1605 843 1666 sacerdotes
873 1605 930 1665 suh
956 1604 1113 1666 ¹trihunob
1140 1604 1218 1665 inter
1241 1603 1430 1665 Sadducaeos
1454 1606 1476 1660 et

175 1694 303 1795 ‘filiii‘
318 1708 493 1769 Pharisaeos
515 1706 582 1768 fidei
604 1724 676 1767 suae
697 1706 912 1785 professorem.
951 1704 1027 1776 liiri,
1052 1704 1162 1783 inquit,
1184 1703 1309 1776 iratres,
1333 1721 1389 1781 ego
1409 1701 1475 1763 Pha·

315 1808 429 1869 risaeus
450 1825 534 1881 suan,
557 1807 635 1867 filins
651 1806 899 1877 Pharisaeorum,
921 1805 959 1866 de
981 1823 1036 1884 spe
1059 1822 1137 1865 nunc
1159 1812 1188 1865 et
1210 1803 1247 1864 do
1267 1802 1476 1865 resurrectione

314 1908 429 1970 iudicor
451 1907 528 1988 apud
543 1925 614 1974 vos,
637 1904 755 1983 ’utique
769 1905 936 1978 communi,
960 1923 1013 1977 ne,
1037 1903 1103 1983 quia
1120 1904 1177 1965 ianr
1194 1912 1402 1982 transgressor
1415 1900 1477 1979 legis

315 2008 483 2080 ridebatur,
507 2007 544 2067 de
564 2006 724 2086 praecipuo
739 2006 807 2066 fidei
824 2006 914 2067 totius
929 2004 1070 2077 articulo,
1091 2004 1123 2066 id
1141 2013 1189 2065 est
1203 2004 1240 2064 de
1255 2002 1478 2066 resurrectione

316 2107 353 2169 ad
374 2108 563 2169 Sadducaeos
584 2125 691 2186 sapere
713 2107 941 2167 existimaretur.
995 2105 1038 2166 ita
1066 2123 1153 2183 quam
1182 2104 1301 2166 nolebat
1325 2101 1417 2164 rideri
1438 2118 1483 2162 re·

315 2207 451 2270 scindere
472 2207 560 2269 fidem
588 2206 816 2268 resurrectionis
847 2207 948 2284 utique
976 2204 1169 2275 confirmabat
1196 2203 1361 2277 secundum
1383 2200 1491 2263 Phari·

316 2326 421 2382 saeos,
444 2326 590 2388 respuens
613 2315 769 2385 negatores
792 2306 856 2367 eius
871 2305 1068 2367 Sadducaeos.
1099 2303 1228 2365 Proinde
1244 2313 1274 2364 et
1288 2302 1367 2382 apud
1382 2302 1503 2381 Agrip‘

174 2396 304 2496 *miii
317 2426 383 2487 pam
405 2408 479 2469 nihii
501 2426 535 2469 se
556 2407 596 2468 ait
616 2406 751 2485 proferre
773 2405 845 2466 citra
860 2424 947 2484 quam
961 2407 1126 2485 prophetae
1141 2404 1378 2466 annuntiassent.
1412 2404 1516 2482 Ergo

314 2507 452 2569 servabat
484 2508 732 2569 resurrectionem
770 2524 888 2585 quoquc
926 2506 1042 2585 qualem
1075 2506 1237 2584 prophetae
1270 2504 1520 2565 annuntiarant«

163 2606 390 2682 nniieuntam
414 2616 444 2667 et
465 2606 502 2666 de
523 2606 740 2668 resurrectione
767 2614 953 2667 mortuorum
981 2604 1058 2683 apud
1085 2605 1207 2683 Moysen
1233 2605 1378 2683 scriptum
1407 2619 1520 2666 com‘

315 2724 486 2767 memorans
508 2706 693 2784 corporalem
716 2724 780 2766 eam
802 2715 906 2775 norat,
935 2705 966 2765 in
994 2723 1050 2783 qua
1072 2705 1185 2765 scilicet
1213 2704 1336 2783 sanguis
1357 2701 1520 2765 homini!

315 2805 428 2884 exquiri
442 2804 571 2865 habebit.
605 2805 706 2882 itaque
728 2804 816 2865 talem
835 2803 1023 2884 praedicabat
1036 2804 1152 2883 qualem
1169 2813 1198 2864 et
1213 2804 1366 2865 Pharisaei
1383 2821 1520 2865 susce*

314 2914 421 2984 perant
442 2914 472 2966 et
493 2905 631 2966 dominus
652 2906 719 2983 ipse
740 2904 925 2977 defenderat,
949 2915 978 2967 et
996 2905 1175 2978 Sadducaei,
1200 2924 1238 2967 ne
1261 2904 1348 2966 talem
1370 2907 1520 2985 quoqud

176 2995 301 3097 lastigii
317 3004 487 3077 crederent,
518 3005 548 3065 in
578 3013 672 3066 totum
701 3023 769 3067 esse
796 3003 963 3066 noluerant.
1013 3006 1072 3067 Sed
1099 3024 1155 3066 nec
1175 3006 1376 3067 Athenienses
1405 3005 1520 3067 aliaw

316 3104 520 3165 intellexerant
545 3124 561 3165 a
590 3105 681 3167 Paulo
709 3105 859 3185 portendi.
908 3106 1041 3184 Denique
1071 3107 1242 3178 irriserant,
1276 3124 1339 3166 non
1370 3092 1520 3167 irrisuri

318 3205 456 3277 omniuo,
480 3205 506 3266 si
529 3206 643 3268 animae
665 3207 760 3268 solius
781 3205 1002 3267 restitutionem
1024 3205 1061 3267 ab
1083 3225 1119 3267 eo
1141 3206 1313 3277 audissent3
1335 3206 1520 3286 suscepi?

294 3314 384 3366 vseut
406 3305 484 3366 euim
506 3306 678 3394 vernaculae
700 3325 770 3367 suae
792 3305 999 3386 philosophiae
1013 3306 1246 3385 frequentiorem
1265 3308 1520 3385 praesumptio*

316 3419 411 3466 new.
455 3407 492 3467 At
512 3406 578 3467 ‘uhi
600 3407 737 3468 nationes
758 3407 962 3485 praeconium.
977 3407 1207 3468 resurrectionis
1235 3406 1387 3468 inauditae
1409 3415 1520 3468 reno

274 3587 276 3590 Ι
317 3507 382 3585 ipsa
403 3507 530 3569 novitate
553 3507 719 3578 concussit,
743 3515 773 3568 et
795 3507 882 3586 digua
905 3508 1094 3569 incredulitas
1115 3507 1159 3569 rei
1183 3515 1280 3568 mutae
1300 3507 1508 3585 quaestioni*

384 3692 441 3754 Cep.
461 3692 557 3741 llililiil.
595 3693 616 3740 l.
636 3693 768 3741 intulerunt
785 3693 831 3754 ed,
852 3694 880 3742 de
897 3695 950 3742 eod.
967 3693 1143 3743 inclementis.
1179 3693 1423 3758 intulerantreia'qu‘a
1465 3692 1495 3743 P.

317 3757 412 3805 tribuno
429 3758 523 3807 troad.
542 3760 592 3807 eod.
603 3761 696 3808 Pitlrcei.
733 3760 809 3808 trihus
828 3763 863 3810 ie.
903 3757 927 3807 ³.
947 3760 1028 3822 utique
1047 3760 1176 3818 communi,
1196 3775 1226 3808 ne
1244 3759 1298 3824 quia
1317 3761 1370 3809 ded.
1407 3762 1493 3824 ntique

316 3825 485 3871 communione
504 3838 549 3886 qua
568 3840 626 3886 arag.
663 3826 1019 3890 utiqneeommuneqnialii.
1056 3827 1136 3890 ntique
1155 3827 1285 3886 communi,
1304 3827 1361 3890 qnia
1381 3827 1406 3877 0.
1442 3827 1493 3876 nti·

317 3902 363 3949 quc
382 3904 411 3936 ne
430 3891 484 3952 qnia
503 3906 526 3938 o.
578 3890 602 3939 t.
621 3892 660 3940 uhi
680 3894 726 3941 iam
746 3894 857 3943 nationes
874 3894 917 3944 AB.

316 4019 412 4068 illorum
432 4036 444 4070 a
464 4021 561 4070 domino
584 4025 764 4083 suscitatorum,
789 4028 874 4091 inquit,
926 4027 1021 4090 Optima
1047 4027 1187 4090 metaphora
1212 4035 1278 4077 uolat
1301 4028 1431 4091 apostolos
1448 4041 1488 4077 ea·

316 4087 449 4148 probabunt
478 4091 557 4138 caratis
581 4105 634 4139 curn
660 4094 737 4142 anima
761 4094 874 4152 sainlcna,
925 4095 1041 4159 plicuisse
1059 4102 1125 4144 retus
1144 4102 1322 4151 testamentum,
1351 4104 1376 4144 et
1402 4107 1485 4145 norun

314 4153 358 4201 sed
377 4169 422 4216 qna
442 4162 531 4205 tanturn
545 4159 653 4221 exempla
664 4168 740 4220 erant,
758 4161 812 4210 ideo
826 4175 874 4209 noa
926 4163 1090 4211 confirmasse.
1114 4161 1260 4210 Testamenti
1272 4165 1336 4211 enirn
1351 4161 1486 4226 estaperiri

315 4228 427 4297 poterant
445 4237 492 4272 nun
510 4224 600 4288 aliquid
620 4228 698 4275 minus
717 4228 788 4276 edere
803 4242 873 4291 quarn
925 4230 1096 4291 resignatione,
1124 4237 1147 4276 et
1170 4229 1353 4289 consignatione
1376 4229 1487 4278 stabiliri.

315 4289 442 4336 norissima
461 4291 791 4344 dieediturnsestChristus.
815 4295 874 4344 llini-
924 4296 1004 4345 Labor
1029 4297 1099 4356 igitur
1123 4297 1309 4358 praedicationis
1339 4298 1489 4360 apostolicae

315 4352 377 4430 ium,
395 4358 472 4410 enim,
505 4375 578 4421 supra
605 4361 710 4419 dixerat,
739 4363 873 4424 exemplum
926 4364 1072 4413 fuitseteris
1091 4363 1217 4426 explicatio
1236 4371 1259 4412 ct
1277 4365 1331 4412 nori
1350 4363 1488 4413 testamenti

315 4434 392 4470 matus
410 4432 446 4470 est
464 4439 493 4472 co
512 4428 579 4474 cuins
598 4428 732 4490 exemplum
752 4437 796 4477 est.
835 4429 874 4478 iiii
925 4431 1083 4480 confirmatio.
1103 4431 1259 4489 (bellende.)

314 4489 409 4550 quidem
430 4494 562 4542 resuscitati
587 4501 651 4550 sunt,
678 4495 720 4542 sed
739 4503 830 4544 tantum
851 4497 873 4545 in

314 4555 384 4604 ailam
404 4566 514 4617 mortem,
533 4561 675 4609 atChrislus
695 4564 823 4611 nouissima
835 4562 874 4612 die

313 4625 466 4739 mmm
490 4625 513 4674 ia
539 4627 640 4688 gloriam
660 4635 684 4677 et
702 4629 873 4693 incorruptibi-

324 4704 329 4737 r
341 4705 355 4737 a
367 4704 413 4739 em.

347 4757 405 4821 Cap.
423 4758 519 4807 xxxin
563 4775 584 4807 a.
603 4774 674 4822 qnam
693 4763 779 4811 relaxis
798 4771 873 4812 terta·
958 4781 978 4814 c.
996 4762 1231 4831 praesumptionem]
1256 4759 1410 4832 sspo'tqpo.
1439 4767 1492 4827 trs.

312 4826 387 4876 menti
411 4826 548 4888 resignandi
574 4834 598 4876 et
623 4828 677 4877 nori
703 4826 872 4895 consignandi]
922 4832 1025 4893 innius.)

958 4532 982 4579 b.
999 4532 1045 4579 sub
1057 4522 1165 4595 tribuno]
1185 4530 1288 4580 Omnino
1298 4532 1334 4579 sie
1348 4531 1489 4593 legendum,

924 4613 971 4647 non
991 4600 1133 4647 subtritus.
1163 4599 1205 4646 Est
1223 4600 1286 4647 enirn
1306 4599 1419 4647 tribunus
1439 4601 1490 4647 Act.

924 4663 964 4714 23.
984 4660 1145 4730 υχιλίαρχος·
1163 4659 1338 4733 τῆςσπεῖρης.
1357 4665 1493 4728 “tiligait.)
