<?xml version="1.0" encoding="UTF-8"?>
<!DOCTYPE html PUBLIC "-//W3C//DTD XHTML 1.0 Transitional//EN"
    "http://www.w3.org/TR/xhtml1/DTD/xhtml1-transitional.dtd">
<html xmlns="http://www.w3.org/1999/xhtml" xml:lang="en" lang="en">
 <head>
  <title>
</title>
<meta http-equiv="Content-Type" content="text/html;charset=utf-8" />
  <meta name='ocr-system' content='tesseract 3.04.00' />
  <meta name='ocr-capabilities' content='ocr_page ocr_carea ocr_par ocr_line ocrx_word'/>
</head>
<body>
  <div class='ocr_page' id='page_1' title='image "./quaesupersuntom00oehlgoog_0228.png"; bbox 0 0 3242 5775; ppageno 0'>
   <div class='ocr_carea' id='block_1_1' title="bbox 445 617 1352 716">
    <p class='ocr_par' dir='ltr' id='par_1_1' title="bbox 445 617 1352 716">
     <span class='ocr_line' id='line_1_1' title="bbox 445 617 1352 716; baseline 0.034 -31"><span class='ocrx_word' id='word_1_1' title='bbox 445 617 454 630; x_wconf 87' lang='lat'>&#39;</span> <span class='ocrx_word' id='word_1_2' title='bbox 525 644 673 690; x_wconf 79' lang='lat' dir='ltr'><strong>inversus</strong></span> <span class='ocrx_word' id='word_1_3' title='bbox 696 645 869 696; x_wconf 78' lang='lat' dir='ltr'><strong>aincronntr</strong></span> <span class='ocrx_word' id='word_1_4' title='bbox 891 651 948 696; x_wconf 84' lang='lat' dir='ltr'><strong>tm.</strong></span> <span class='ocrx_word' id='word_1_5' title='bbox 963 655 990 698; x_wconf 84' lang='lat' dir='ltr'><strong>r.</strong></span> <span class='ocrx_word' id='word_1_6' title='bbox 1287 649 1352 716; x_wconf 80' lang='lat' dir='ltr'><strong>att</strong></span> 
     </span>
    </p>
   </div>
   <div class='ocr_carea' id='block_1_2' title="bbox 105 790 1495 4397">
    <p class='ocr_par' dir='ltr' id='par_1_2' title="bbox 163 790 1347 1283">
     <span class='ocr_line' id='line_1_2' title="bbox 164 790 1347 881; baseline 0.019 -28"><span class='ocrx_word' id='word_1_7' title='bbox 164 811 242 854; x_wconf 87' lang='lat' dir='ltr'><strong>mum</strong></span> <span class='ocrx_word' id='word_1_8' title='bbox 266 790 424 872; x_wconf 72' lang='lat' dir='ltr'><strong>epistulam</strong></span> <span class='ocrx_word' id='word_1_9' title='bbox 446 812 503 856; x_wconf 86' lang='lat' dir='ltr'><strong>nos</strong></span> <span class='ocrx_word' id='word_1_10' title='bbox 526 812 645 874; x_wconf 88' lang='lat' dir='ltr'><strong>quoque</strong></span> <span class='ocrx_word' id='word_1_11' title='bbox 667 797 844 861; x_wconf 88' lang='lat' dir='ltr'><strong>confitemur</strong></span> <span class='ocrx_word' id='word_1_12' title='bbox 871 820 947 881; x_wconf 90' lang='lat' dir='ltr'><strong>quae</strong></span> <span class='ocrx_word' id='word_1_13' title='bbox 970 803 1088 867; x_wconf 85' lang='lat' dir='ltr'><strong>Galatas</strong></span> <span class='ocrx_word' id='word_1_14' title='bbox 1117 808 1214 872; x_wconf 89' lang='lat' dir='ltr'><strong>docet.</strong></span> <span class='ocrx_word' id='word_1_15' title='bbox 1258 812 1347 877; x_wconf 79' lang='lat' dir='ltr'><strong>’Am-</strong></span> 
     </span>
     <span class='ocr_line' id='line_1_3' title="bbox 163 893 1346 992; baseline 0.018 -38"><span class='ocrx_word' id='word_1_16' title='bbox 163 893 321 972; x_wconf 77' lang='lat' dir='ltr'><strong>plectimur</strong></span> <span class='ocrx_word' id='word_1_17' title='bbox 342 895 453 956; x_wconf 79' lang='lat' dir='ltr'><strong>etenim</strong></span> <span class='ocrx_word' id='word_1_18' title='bbox 476 912 597 957; x_wconf 90' lang='lat' dir='ltr'><strong>omnem</strong></span> <span class='ocrx_word' id='word_1_19' title='bbox 613 897 690 958; x_wconf 89' lang='lat' dir='ltr'><strong>illam</strong></span> <span class='ocrx_word' id='word_1_20' title='bbox 711 898 786 978; x_wconf 89' lang='lat' dir='ltr'><strong>legis</strong></span> <span class='ocrx_word' id='word_1_21' title='bbox 801 903 910 963; x_wconf 86' lang='lat' dir='ltr'><strong>veteris</strong></span> <span class='ocrx_word' id='word_1_22' title='bbox 926 904 1136 981; x_wconf 79' lang='lat' dir='ltr'><strong>abolitionem,</strong></span> <span class='ocrx_word' id='word_1_23' title='bbox 1160 918 1192 971; x_wconf 87' lang='lat' dir='ltr'><strong>ut</strong></span> <span class='ocrx_word' id='word_1_24' title='bbox 1206 919 1237 972; x_wconf 91' lang='lat' dir='ltr'><strong>et</strong></span> <span class='ocrx_word' id='word_1_25' title='bbox 1251 912 1346 992; x_wconf 91' lang='lat' dir='ltr'><strong>ipsam</strong></span> 
     </span>
     <span class='ocr_line' id='line_1_4' title="bbox 165 993 1346 1084; baseline 0.017 -30"><span class='ocrx_word' id='word_1_26' title='bbox 165 993 196 1054; x_wconf 89' lang='lat' dir='ltr'><strong>de</strong></span> <span class='ocrx_word' id='word_1_27' title='bbox 218 995 367 1056; x_wconf 83' lang='lat' dir='ltr'><strong>creatoris</strong></span> <span class='ocrx_word' id='word_1_28' title='bbox 390 995 558 1056; x_wconf 86' lang='lat' dir='ltr'><strong>venientem</strong></span> <span class='ocrx_word' id='word_1_29' title='bbox 574 996 789 1075; x_wconf 83' lang='lat' dir='ltr'><strong>dispositione,</strong></span> <span class='ocrx_word' id='word_1_30' title='bbox 812 1001 891 1064; x_wconf 89' lang='lat' dir='ltr'><strong>sicut</strong></span> <span class='ocrx_word' id='word_1_31' title='bbox 912 1023 1001 1084; x_wconf 88' lang='lat' dir='ltr'><strong>saepe</strong></span> <span class='ocrx_word' id='word_1_32' title='bbox 1023 1006 1081 1068; x_wconf 92' lang='lat' dir='ltr'><strong>iam</strong></span> <span class='ocrx_word' id='word_1_33' title='bbox 1103 1007 1134 1068; x_wconf 94' lang='lat' dir='ltr'><strong>iu</strong></span> <span class='ocrx_word' id='word_1_34' title='bbox 1156 1008 1216 1070; x_wconf 89' lang='lat' dir='ltr'><strong>isto</strong></span> <span class='ocrx_word' id='word_1_35' title='bbox 1239 1012 1346 1076; x_wconf 88' lang='lat' dir='ltr'><strong>ordine</strong></span> 
     </span>
     <span class='ocr_line' id='line_1_5' title="bbox 165 1095 1345 1184; baseline 0.016 -29"><span class='ocrx_word' id='word_1_36' title='bbox 165 1096 371 1157; x_wconf 84' lang='lat' dir='ltr'><strong>tractavimus·</strong></span> <span class='ocrx_word' id='word_1_37' title='bbox 395 1095 432 1158; x_wconf 90' lang='lat' dir='ltr'><strong>de</strong></span> <span class='ocrx_word' id='word_1_38' title='bbox 453 1095 622 1176; x_wconf 90' lang='lat' dir='ltr'><strong>praedicata</strong></span> <span class='ocrx_word' id='word_1_39' title='bbox 644 1099 804 1162; x_wconf 83' lang='lat' dir='ltr'><strong>novatione</strong></span> <span class='ocrx_word' id='word_1_40' title='bbox 821 1121 836 1163; x_wconf 85' lang='lat' dir='ltr'><strong>a</strong></span> <span class='ocrx_word' id='word_1_41' title='bbox 851 1105 1007 1184; x_wconf 90' lang='lat' dir='ltr'><strong>prophetis</strong></span> <span class='ocrx_word' id='word_1_42' title='bbox 1023 1108 1070 1168; x_wconf 93' lang='lat' dir='ltr'><strong>dei</strong></span> <span class='ocrx_word' id='word_1_43' title='bbox 1085 1108 1194 1170; x_wconf 87' lang='lat' dir='ltr'><strong>nostri.</strong></span> <span class='ocrx_word' id='word_1_44' title='bbox 1228 1112 1345 1184; x_wconf 79' lang='lat' dir='ltr'><strong>Quodsi</strong></span> 
     </span>
     <span class='ocr_line' id='line_1_6' title="bbox 164 1197 1342 1283; baseline 0.014 -27"><span class='ocrx_word' id='word_1_45' title='bbox 164 1205 274 1257; x_wconf 80' lang='lat' dir='ltr'><strong>creator</strong></span> <span class='ocrx_word' id='word_1_46' title='bbox 295 1197 420 1276; x_wconf 88' lang='lat' dir='ltr'><strong>quidem</strong></span> <span class='ocrx_word' id='word_1_47' title='bbox 441 1206 542 1259; x_wconf 80' lang='lat' dir='ltr'><strong>vetera</strong></span> <span class='ocrx_word' id='word_1_48' title='bbox 557 1216 680 1260; x_wconf 87' lang='lat' dir='ltr'><strong>cessura</strong></span> <span class='ocrx_word' id='word_1_49' title='bbox 696 1199 845 1277; x_wconf 88' lang='lat' dir='ltr'><strong>promisit,</strong></span> <span class='ocrx_word' id='word_1_50' title='bbox 869 1206 953 1267; x_wconf 85' lang='lat' dir='ltr'><strong>novis</strong></span> <span class='ocrx_word' id='word_1_51' title='bbox 969 1207 1080 1269; x_wconf 89' lang='lat' dir='ltr'><strong>scilicet</strong></span> <span class='ocrx_word' id='word_1_52' title='bbox 1095 1209 1230 1283; x_wconf 89' lang='lat' dir='ltr'><strong>orituris,</strong></span> <span class='ocrx_word' id='word_1_53' title='bbox 1254 1211 1342 1273; x_wconf 85' lang='lat' dir='ltr'><strong>Chri·</strong></span> 
     </span>
    </p>

    <p class='ocr_par' dir='ltr' id='par_1_3' title="bbox 164 1289 1495 1582">
     <span class='ocr_line' id='line_1_7' title="bbox 164 1289 1495 1389; baseline 0.016 -32"><span class='ocrx_word' id='word_1_54' title='bbox 164 1305 222 1357; x_wconf 77' lang='lat' dir='ltr'><strong>stus</strong></span> <span class='ocrx_word' id='word_1_55' title='bbox 244 1315 319 1358; x_wconf 85' lang='lat' dir='ltr'><strong>reru</strong></span> <span class='ocrx_word' id='word_1_56' title='bbox 343 1305 463 1379; x_wconf 88' lang='lat' dir='ltr'><strong>tempus</strong></span> <span class='ocrx_word' id='word_1_57' title='bbox 486 1298 686 1361; x_wconf 90' lang='lat' dir='ltr'><strong>distinctionis</strong></span> <span class='ocrx_word' id='word_1_58' title='bbox 715 1300 801 1361; x_wconf 90' lang='lat' dir='ltr'><strong>istius</strong></span> <span class='ocrx_word' id='word_1_59' title='bbox 834 1302 907 1375; x_wconf 82' lang='lat' dir='ltr'><strong>(Lex</strong></span> <span class='ocrx_word' id='word_1_60' title='bbox 935 1312 965 1365; x_wconf 91' lang='lat' dir='ltr'><strong>ct</strong></span> <span class='ocrx_word' id='word_1_61' title='bbox 991 1307 1154 1384; x_wconf 88' lang='lat' dir='ltr'><strong>prophetae</strong></span> <span class='ocrx_word' id='word_1_62' title='bbox 1181 1289 1278 1389; x_wconf 86' lang='lat' dir='ltr'><strong>nsque</strong></span> <span class='ocrx_word' id='word_1_63' title='bbox 1300 1313 1495 1385; x_wconf 67' lang='lat' dir='ltr'><strong>adnectunt.</strong></span> 
     </span>
     <span class='ocr_line' id='line_1_8' title="bbox 164 1396 1340 1485; baseline 0.013 -27"><span class='ocrx_word' id='word_1_64' title='bbox 164 1396 311 1473; x_wconf 87' lang='lat' dir='ltr'><strong>loannem)</strong></span> <span class='ocrx_word' id='word_1_65' title='bbox 336 1399 496 1461; x_wconf 87' lang='lat' dir='ltr'><strong>terminum</strong></span> <span class='ocrx_word' id='word_1_66' title='bbox 511 1400 540 1460; x_wconf 93' lang='lat' dir='ltr'><strong>in</strong></span> <span class='ocrx_word' id='word_1_67' title='bbox 558 1401 667 1462; x_wconf 89' lang='lat' dir='ltr'><strong>loanne</strong></span> <span class='ocrx_word' id='word_1_68' title='bbox 688 1408 823 1463; x_wconf 88' lang='lat' dir='ltr'><strong>statuens</strong></span> <span class='ocrx_word' id='word_1_69' title='bbox 845 1402 923 1464; x_wconf 90' lang='lat' dir='ltr'><strong>inter</strong></span> <span class='ocrx_word' id='word_1_70' title='bbox 945 1413 1104 1485; x_wconf 89' lang='lat' dir='ltr'><strong>utrumque</strong></span> <span class='ocrx_word' id='word_1_71' title='bbox 1125 1407 1262 1470; x_wconf 91' lang='lat' dir='ltr'><strong>ordinem</strong></span> <span class='ocrx_word' id='word_1_72' title='bbox 1284 1411 1340 1474; x_wconf 91' lang='lat' dir='ltr'><strong>de·</strong></span> 
     </span>
     <span class='ocr_line' id='line_1_9' title="bbox 167 1498 1340 1582; baseline 0.012 -24"><span class='ocrx_word' id='word_1_73' title='bbox 167 1498 321 1561; x_wconf 84' lang='lat' dir='ltr'><strong>sinentium</strong></span> <span class='ocrx_word' id='word_1_74' title='bbox 345 1500 454 1561; x_wconf 83' lang='lat' dir='ltr'><strong>exinde</strong></span> <span class='ocrx_word' id='word_1_75' title='bbox 475 1510 609 1562; x_wconf 85' lang='lat' dir='ltr'><strong>veterum</strong></span> <span class='ocrx_word' id='word_1_76' title='bbox 637 1510 667 1562; x_wconf 92' lang='lat' dir='ltr'><strong>et</strong></span> <span class='ocrx_word' id='word_1_77' title='bbox 688 1502 891 1582; x_wconf 83' lang='lat' dir='ltr'><strong>incipientium</strong></span> <span class='ocrx_word' id='word_1_78' title='bbox 922 1523 1083 1579; x_wconf 86' lang='lat' dir='ltr'><strong>novorum,</strong></span> <span class='ocrx_word' id='word_1_79' title='bbox 1117 1509 1288 1570; x_wconf 87' lang='lat' dir='ltr'><strong>necessarie</strong></span> <span class='ocrx_word' id='word_1_80' title='bbox 1310 1520 1340 1574; x_wconf 91' lang='lat' dir='ltr'><strong>et</strong></span> 
     </span>
    </p>

    <p class='ocr_par' dir='ltr' id='par_1_4' title="bbox 105 1600 1465 4101">
     <span class='ocr_line' id='line_1_10' title="bbox 167 1600 1411 1681; baseline 0.01 -21"><span class='ocrx_word' id='word_1_81' title='bbox 167 1600 312 1678; x_wconf 85' lang='lat' dir='ltr'><strong>apostolus</strong></span> <span class='ocrx_word' id='word_1_82' title='bbox 336 1600 367 1661; x_wconf 91' lang='lat' dir='ltr'><strong>in</strong></span> <span class='ocrx_word' id='word_1_83' title='bbox 391 1601 511 1664; x_wconf 89' lang='lat' dir='ltr'><strong>Cbristo</strong></span> <span class='ocrx_word' id='word_1_84' title='bbox 538 1610 610 1681; x_wconf 92' lang='lat' dir='ltr'><strong>post</strong></span> <span class='ocrx_word' id='word_1_85' title='bbox 631 1602 770 1664; x_wconf 89' lang='lat' dir='ltr'><strong>loannem</strong></span> <span class='ocrx_word' id='word_1_86' title='bbox 800 1604 930 1666; x_wconf 81' lang='lat' dir='ltr'><strong>revelato</strong></span> <span class='ocrx_word' id='word_1_87' title='bbox 957 1613 1055 1666; x_wconf 87' lang='lat' dir='ltr'><strong>vetera</strong></span> <span class='ocrx_word' id='word_1_88' title='bbox 1084 1606 1228 1681; x_wconf 85' lang='lat' dir='ltr'><strong>infirmat,</strong></span> <span class='ocrx_word' id='word_1_89' title='bbox 1262 1628 1338 1672; x_wconf 81' lang='lat' dir='ltr'><strong>nora</strong></span> <span class='ocrx_word' id='word_1_90' title='bbox 1391 1629 1411 1672; x_wconf 88' lang='lat'><strong>·.</strong></span> 
     </span>
     <span class='ocr_line' id='line_1_11' title="bbox 169 1701 1336 1787; baseline 0.009 -26"><span class='ocrx_word' id='word_1_91' title='bbox 169 1717 228 1761; x_wconf 87' lang='lat' dir='ltr'><strong>tero</strong></span> <span class='ocrx_word' id='word_1_92' title='bbox 249 1701 427 1777; x_wconf 83' lang='lat' dir='ltr'><strong>confirmat,</strong></span> <span class='ocrx_word' id='word_1_93' title='bbox 457 1710 544 1781; x_wconf 90' lang='lat' dir='ltr'><strong>atque</strong></span> <span class='ocrx_word' id='word_1_94' title='bbox 567 1703 606 1763; x_wconf 90' lang='lat' dir='ltr'><strong>ita</strong></span> <span class='ocrx_word' id='word_1_95' title='bbox 628 1722 689 1764; x_wconf 95' lang='lat' dir='ltr'><strong>non</strong></span> <span class='ocrx_word' id='word_1_96' title='bbox 711 1704 832 1765; x_wconf 90' lang='lat' dir='ltr'><strong>alterius</strong></span> <span class='ocrx_word' id='word_1_97' title='bbox 855 1705 902 1766; x_wconf 91' lang='lat' dir='ltr'><strong>dci</strong></span> <span class='ocrx_word' id='word_1_98' title='bbox 925 1706 1012 1766; x_wconf 78' lang='lat' dir='ltr'><strong>sidem</strong></span> <span class='ocrx_word' id='word_1_99' title='bbox 1036 1716 1119 1768; x_wconf 89' lang='lat' dir='ltr'><strong>curat</strong></span> <span class='ocrx_word' id='word_1_100' title='bbox 1140 1724 1227 1787; x_wconf 86' lang='lat' dir='ltr'><strong>quam</strong></span> <span class='ocrx_word' id='word_1_101' title='bbox 1250 1728 1336 1772; x_wconf 88' lang='lat' dir='ltr'><strong>crea·</strong></span> 
     </span>
     <span class='ocr_line' id='line_1_12' title="bbox 171 1801 1338 1887; baseline 0.008 -24"><span class='ocrx_word' id='word_1_102' title='bbox 171 1803 246 1875; x_wconf 81' lang='lat' dir='ltr'><strong>totis,</strong></span> <span class='ocrx_word' id='word_1_103' title='bbox 279 1801 361 1882; x_wconf 88' lang='lat' dir='ltr'><strong>apud</strong></span> <span class='ocrx_word' id='word_1_104' title='bbox 391 1822 480 1882; x_wconf 91' lang='lat' dir='ltr'><strong>quem</strong></span> <span class='ocrx_word' id='word_1_105' title='bbox 509 1812 536 1865; x_wconf 91' lang='lat' dir='ltr'><strong>et</strong></span> <span class='ocrx_word' id='word_1_106' title='bbox 564 1812 665 1865; x_wconf 82' lang='lat' dir='ltr'><strong>vetera</strong></span> <span class='ocrx_word' id='word_1_107' title='bbox 694 1805 853 1867; x_wconf 90' lang='lat' dir='ltr'><strong>decessura</strong></span> <span class='ocrx_word' id='word_1_108' title='bbox 882 1806 1137 1884; x_wconf 88' lang='lat' dir='ltr'><strong>praedicabantur.</strong></span> <span class='ocrx_word' id='word_1_109' title='bbox 1192 1807 1285 1887; x_wconf 87' lang='lat' dir='ltr'><strong>igitur</strong></span> <span class='ocrx_word' id='word_1_110' title='bbox 1306 1817 1338 1872; x_wconf 90' lang='lat' dir='ltr'><strong>et</strong></span> 
     </span>
     <span class='ocr_line' id='line_1_13' title="bbox 106 1889 1335 1988; baseline 0.007 -27"><span class='ocrx_word' id='word_1_111' title='bbox 106 1889 108 1912; x_wconf 71' lang='lat'>⁵</span> <span class='ocrx_word' id='word_1_112' title='bbox 172 1899 231 1981; x_wconf 83' lang='lat' dir='ltr'><strong>legis</strong></span> <span class='ocrx_word' id='word_1_113' title='bbox 251 1902 420 1964; x_wconf 81' lang='lat' dir='ltr'><strong>destructio</strong></span> <span class='ocrx_word' id='word_1_114' title='bbox 443 1912 473 1965; x_wconf 91' lang='lat' dir='ltr'><strong>et</strong></span> <span class='ocrx_word' id='word_1_115' title='bbox 495 1904 638 1983; x_wconf 85' lang='lat' dir='ltr'><strong>evangelii</strong></span> <span class='ocrx_word' id='word_1_116' title='bbox 660 1906 822 1967; x_wconf 82' lang='lat' dir='ltr'><strong>aedificatio</strong></span> <span class='ocrx_word' id='word_1_117' title='bbox 845 1924 900 1985; x_wconf 91' lang='lat' dir='ltr'><strong>pro</strong></span> <span class='ocrx_word' id='word_1_118' title='bbox 924 1924 971 1966; x_wconf 91' lang='lat' dir='ltr'><strong>me</strong></span> <span class='ocrx_word' id='word_1_119' title='bbox 993 1908 1104 1968; x_wconf 86' lang='lat' dir='ltr'><strong>iaciunt</strong></span> <span class='ocrx_word' id='word_1_120' title='bbox 1125 1907 1155 1968; x_wconf 92' lang='lat' dir='ltr'><strong>in</strong></span> <span class='ocrx_word' id='word_1_121' title='bbox 1179 1908 1235 1970; x_wconf 89' lang='lat' dir='ltr'><strong>ista</strong></span> <span class='ocrx_word' id='word_1_122' title='bbox 1256 1928 1335 1988; x_wconf 89' lang='lat' dir='ltr'><strong>quo-</strong></span> 
     </span>
     <span class='ocr_line' id='line_1_14' title="bbox 106 2003 1334 2088; baseline 0.006 -25"><span class='ocrx_word' id='word_1_123' title='bbox 106 2005 115 2015; x_wconf 91' lang='lat'>&#39;</span> <span class='ocrx_word' id='word_1_124' title='bbox 174 2019 217 2080; x_wconf 85' lang='lat' dir='ltr'><strong>que</strong></span> <span class='ocrx_word' id='word_1_125' title='bbox 240 2003 368 2083; x_wconf 86' lang='lat' dir='ltr'><strong>epistula</strong></span> <span class='ocrx_word' id='word_1_126' title='bbox 397 2004 434 2065; x_wconf 95' lang='lat' dir='ltr'><strong>ad</strong></span> <span class='ocrx_word' id='word_1_127' title='bbox 464 2023 528 2066; x_wconf 89' lang='lat' dir='ltr'><strong>eam</strong></span> <span class='ocrx_word' id='word_1_128' title='bbox 558 2005 725 2068; x_wconf 81' lang='lat' dir='ltr'><strong>Galatarum</strong></span> <span class='ocrx_word' id='word_1_129' title='bbox 759 2006 1032 2086; x_wconf 87' lang='lat' dir='ltr'><strong>praesumptionem</strong></span> <span class='ocrx_word' id='word_1_130' title='bbox 1060 2008 1244 2087; x_wconf 82' lang='lat' dir='ltr'><strong>pertinentes</strong></span> <span class='ocrx_word' id='word_1_131' title='bbox 1278 2026 1334 2088; x_wconf 90' lang='lat' dir='ltr'><strong>qna</strong></span> 
     </span>
     <span class='ocr_line' id='line_1_15' title="bbox 177 2105 1333 2188; baseline 0.005 -23"><span class='ocrx_word' id='word_1_132' title='bbox 177 2105 386 2180; x_wconf 75' lang='lat' dir='ltr'><strong>parsumebant</strong></span> <span class='ocrx_word' id='word_1_133' title='bbox 397 2105 564 2176; x_wconf 86' lang='lat' dir='ltr'><strong>Christum,</strong></span> <span class='ocrx_word' id='word_1_134' title='bbox 587 2115 621 2167; x_wconf 93' lang='lat' dir='ltr'><strong>ut</strong></span> <span class='ocrx_word' id='word_1_135' title='bbox 641 2116 711 2185; x_wconf 90' lang='lat' dir='ltr'><strong>puta</strong></span> <span class='ocrx_word' id='word_1_136' title='bbox 726 2108 886 2179; x_wconf 89' lang='lat' dir='ltr'><strong>creatoris,</strong></span> <span class='ocrx_word' id='word_1_137' title='bbox 911 2107 990 2167; x_wconf 85' lang='lat' dir='ltr'><strong>salva</strong></span> <span class='ocrx_word' id='word_1_138' title='bbox 1012 2109 1157 2170; x_wconf 88' lang='lat' dir='ltr'><strong>creatoris</strong></span> <span class='ocrx_word' id='word_1_139' title='bbox 1178 2109 1242 2188; x_wconf 89' lang='lat' dir='ltr'><strong>lege</strong></span> <span class='ocrx_word' id='word_1_140' title='bbox 1265 2128 1333 2171; x_wconf 92' lang='lat' dir='ltr'><strong>cre·</strong></span> 
     </span>
     <span class='ocr_line' id='line_1_16' title="bbox 117 2201 1332 2290; baseline 0.006 -26"><span class='ocrx_word' id='word_1_141' title='bbox 117 2275 133 2290; x_wconf 68' lang='lat'><em>„</em></span> <span class='ocrx_word' id='word_1_142' title='bbox 179 2201 302 2276; x_wconf 68' lang='lat' dir='ltr'><strong>endum</strong></span> <span class='ocrx_word' id='word_1_143' title='bbox 326 2207 406 2286; x_wconf 90' lang='lat' dir='ltr'><strong>quod</strong></span> <span class='ocrx_word' id='word_1_144' title='bbox 429 2205 525 2267; x_wconf 88' lang='lat' dir='ltr'><strong>adbuc</strong></span> <span class='ocrx_word' id='word_1_145' title='bbox 545 2205 717 2268; x_wconf 85' lang='lat' dir='ltr'><strong>incredibile</strong></span> <span class='ocrx_word' id='word_1_146' title='bbox 738 2207 889 2268; x_wconf 85' lang='lat' dir='ltr'><strong>videretur</strong></span> <span class='ocrx_word' id='word_1_147' title='bbox 910 2207 1004 2286; x_wconf 90' lang='lat' dir='ltr'><strong>legem</strong></span> <span class='ocrx_word' id='word_1_148' title='bbox 1025 2226 1112 2269; x_wconf 89' lang='lat' dir='ltr'><strong>asuu</strong></span> <span class='ocrx_word' id='word_1_149' title='bbox 1134 2217 1255 2270; x_wconf 88' lang='lat' dir='ltr'><strong>auctore</strong></span> <span class='ocrx_word' id='word_1_150' title='bbox 1277 2209 1332 2271; x_wconf 86' lang='lat' dir='ltr'><strong>de·</strong></span> 
     </span>
     <span class='ocr_line' id='line_1_17' title="bbox 114 2295 1339 2394; baseline 0.005 -28"><span class='ocrx_word' id='word_1_151' title='bbox 114 2295 137 2394; x_wconf 50' lang='lat'>2</span> <span class='ocrx_word' id='word_1_152' title='bbox 181 2307 240 2380; x_wconf 74' lang='lat' dir='ltr'><strong>tani.</strong></span> <span class='ocrx_word' id='word_1_153' title='bbox 281 2308 376 2368; x_wconf 86' lang='lat' dir='ltr'><strong>Porro</strong></span> <span class='ocrx_word' id='word_1_154' title='bbox 400 2307 426 2368; x_wconf 89' lang='lat' dir='ltr'><strong>si</strong></span> <span class='ocrx_word' id='word_1_155' title='bbox 451 2307 572 2367; x_wconf 90' lang='lat' dir='ltr'><strong>omnino</strong></span> <span class='ocrx_word' id='word_1_156' title='bbox 601 2307 689 2368; x_wconf 91' lang='lat' dir='ltr'><strong>alium</strong></span> <span class='ocrx_word' id='word_1_157' title='bbox 718 2307 805 2368; x_wconf 88' lang='lat' dir='ltr'><strong>deum</strong></span> <span class='ocrx_word' id='word_1_158' title='bbox 829 2307 866 2368; x_wconf 91' lang='lat' dir='ltr'><strong>ab</strong></span> <span class='ocrx_word' id='word_1_159' title='bbox 888 2308 1025 2387; x_wconf 91' lang='lat' dir='ltr'><strong>apostolo</strong></span> <span class='ocrx_word' id='word_1_160' title='bbox 1049 2307 1219 2380; x_wconf 87' lang='lat' dir='ltr'><strong>audissent,</strong></span> <span class='ocrx_word' id='word_1_161' title='bbox 1253 2308 1339 2372; x_wconf 93' lang='lat' dir='ltr'><strong>ultro.</strong></span> 
     </span>
     <span class='ocr_line' id='line_1_18' title="bbox 106 2395 1330 2488; baseline 0.002 -20"><span class='ocrx_word' id='word_1_162' title='bbox 106 2395 137 2421; x_wconf 67' lang='lat'><strong>&#39;¹&#39;</strong></span> <span class='ocrx_word' id='word_1_163' title='bbox 184 2405 258 2486; x_wconf 64' lang='lat' dir='ltr'><strong>ffiqoe</strong></span> <span class='ocrx_word' id='word_1_164' title='bbox 279 2409 410 2468; x_wconf 86' lang='lat' dir='ltr'><strong>scissent</strong></span> <span class='ocrx_word' id='word_1_165' title='bbox 431 2406 649 2470; x_wconf 88' lang='lat' dir='ltr'><strong>abscedendum</strong></span> <span class='ocrx_word' id='word_1_166' title='bbox 673 2408 729 2468; x_wconf 89' lang='lat' dir='ltr'><strong>sibi</strong></span> <span class='ocrx_word' id='word_1_167' title='bbox 754 2428 821 2470; x_wconf 86' lang='lat' dir='ltr'><strong>esse</strong></span> <span class='ocrx_word' id='word_1_168' title='bbox 844 2408 947 2488; x_wconf 88' lang='lat' dir='ltr'><strong>alege</strong></span> <span class='ocrx_word' id='word_1_169' title='bbox 976 2410 1041 2471; x_wconf 88' lang='lat' dir='ltr'><strong>cius</strong></span> <span class='ocrx_word' id='word_1_170' title='bbox 1070 2408 1118 2469; x_wconf 86' lang='lat' dir='ltr'><strong>dei</strong></span> <span class='ocrx_word' id='word_1_171' title='bbox 1147 2427 1235 2487; x_wconf 88' lang='lat' dir='ltr'><strong>quem</strong></span> <span class='ocrx_word' id='word_1_172' title='bbox 1258 2407 1330 2470; x_wconf 91' lang='lat' dir='ltr'><strong>reli-</strong></span> 
     </span>
     <span class='ocr_line' id='line_1_19' title="bbox 186 2505 1331 2589; baseline 0 -19"><span class='ocrx_word' id='word_1_173' title='bbox 186 2505 293 2582; x_wconf 67' lang='lat' dir='ltr'><strong>qutent</strong></span> <span class='ocrx_word' id='word_1_174' title='bbox 312 2509 402 2571; x_wconf 90' lang='lat' dir='ltr'><strong>alium</strong></span> <span class='ocrx_word' id='word_1_175' title='bbox 426 2508 530 2570; x_wconf 90' lang='lat' dir='ltr'><strong>secuti.</strong></span> <span class='ocrx_word' id='word_1_176' title='bbox 574 2509 648 2581; x_wconf 85' lang='lat' dir='ltr'><strong>Quis</strong></span> <span class='ocrx_word' id='word_1_177' title='bbox 671 2510 749 2569; x_wconf 93' lang='lat' dir='ltr'><strong>enim</strong></span> <span class='ocrx_word' id='word_1_178' title='bbox 773 2518 941 2589; x_wconf 86' lang='lat' dir='ltr'><strong>expectaret</strong></span> <span class='ocrx_word' id='word_1_179' title='bbox 962 2509 1072 2571; x_wconf 89' lang='lat' dir='ltr'><strong>diutius</strong></span> <span class='ocrx_word' id='word_1_180' title='bbox 1095 2509 1227 2581; x_wconf 87' lang='lat' dir='ltr'><strong>discere,</strong></span> <span class='ocrx_word' id='word_1_181' title='bbox 1250 2508 1331 2588; x_wconf 89' lang='lat' dir='ltr'><strong>quod</strong></span> 
     </span>
     <span class='ocr_line' id='line_1_20' title="bbox 121 2607 1330 2692; baseline 0.005 -27"><span class='ocrx_word' id='word_1_182' title='bbox 121 2687 127 2692; x_wconf 28' lang='grc' dir='ltr'>Ι</span> <span class='ocrx_word' id='word_1_183' title='bbox 188 2619 264 2668; x_wconf 85' lang='lat' dir='ltr'><strong>teram</strong></span> <span class='ocrx_word' id='word_1_184' title='bbox 284 2609 406 2672; x_wconf 85' lang='lat' dir='ltr'><strong>deberet</strong></span> <span class='ocrx_word' id='word_1_185' title='bbox 435 2609 543 2671; x_wconf 90' lang='lat' dir='ltr'><strong>sectari</strong></span> <span class='ocrx_word' id='word_1_186' title='bbox 572 2609 774 2690; x_wconf 87' lang='lat' dir='ltr'><strong>disciplinam,</strong></span> <span class='ocrx_word' id='word_1_187' title='bbox 808 2611 858 2689; x_wconf 92' lang='lat' dir='ltr'><strong>qui</strong></span> <span class='ocrx_word' id='word_1_188' title='bbox 888 2629 996 2672; x_wconf 77' lang='lat' dir='ltr'><strong>norum</strong></span> <span class='ocrx_word' id='word_1_189' title='bbox 1025 2611 1112 2672; x_wconf 86' lang='lat' dir='ltr'><strong>deum</strong></span> <span class='ocrx_word' id='word_1_190' title='bbox 1141 2607 1330 2690; x_wconf 76' lang='lat' dir='ltr'><strong>recepisset?</strong></span> 
     </span>
     <span class='ocr_line' id='line_1_21' title="bbox 108 2681 1329 2796; baseline 0.001 -26"><span class='ocrx_word' id='word_1_191' title='bbox 108 2681 147 2796; x_wconf 41' lang='grc' dir='ltr'><em>Ρ</em></span> <span class='ocrx_word' id='word_1_192' title='bbox 190 2701 254 2770; x_wconf 73' lang='lat' dir='ltr'><strong>huo</strong></span> <span class='ocrx_word' id='word_1_193' title='bbox 273 2711 338 2789; x_wconf 88' lang='lat' dir='ltr'><strong>qnia</strong></span> <span class='ocrx_word' id='word_1_194' title='bbox 360 2710 464 2772; x_wconf 89' lang='lat' dir='ltr'><strong>eadem</strong></span> <span class='ocrx_word' id='word_1_195' title='bbox 487 2710 604 2789; x_wconf 90' lang='lat' dir='ltr'><strong>quidem</strong></span> <span class='ocrx_word' id='word_1_196' title='bbox 627 2711 762 2772; x_wconf 87' lang='lat' dir='ltr'><strong>divinitas</strong></span> <span class='ocrx_word' id='word_1_197' title='bbox 785 2710 1008 2790; x_wconf 88' lang='lat' dir='ltr'><strong>praedicabatur</strong></span> <span class='ocrx_word' id='word_1_198' title='bbox 1030 2711 1059 2772; x_wconf 94' lang='lat' dir='ltr'><strong>in</strong></span> <span class='ocrx_word' id='word_1_199' title='bbox 1082 2710 1231 2790; x_wconf 86' lang='lat' dir='ltr'><strong>evangelio</strong></span> <span class='ocrx_word' id='word_1_200' title='bbox 1254 2728 1329 2788; x_wconf 87' lang='lat' dir='ltr'><strong>quae</strong></span> 
     </span>
     <span class='ocr_line' id='line_1_22' title="bbox 106 2783 1330 2892; baseline -0.001 -20"><span class='ocrx_word' id='word_1_201' title='bbox 106 2783 147 2830; x_wconf 59' lang='lat'><strong>‘&#39;¹&#39;&#39;</strong></span> <span class='ocrx_word' id='word_1_202' title='bbox 193 2820 277 2888; x_wconf 64' lang='lat' dir='ltr'><strong>uper</strong></span> <span class='ocrx_word' id='word_1_203' title='bbox 296 2821 364 2873; x_wconf 92' lang='lat' dir='ltr'><strong>nota</strong></span> <span class='ocrx_word' id='word_1_204' title='bbox 387 2813 484 2873; x_wconf 86' lang='lat' dir='ltr'><strong>luerat</strong></span> <span class='ocrx_word' id='word_1_205' title='bbox 506 2811 536 2872; x_wconf 92' lang='lat' dir='ltr'><strong>in</strong></span> <span class='ocrx_word' id='word_1_206' title='bbox 558 2812 639 2892; x_wconf 86' lang='lat' dir='ltr'><strong>lege,</strong></span> <span class='ocrx_word' id='word_1_207' title='bbox 673 2812 828 2892; x_wconf 90' lang='lat' dir='ltr'><strong>disciplina</strong></span> <span class='ocrx_word' id='word_1_208' title='bbox 856 2830 1010 2873; x_wconf 80' lang='lat' dir='ltr'><strong>veronen</strong></span> <span class='ocrx_word' id='word_1_209' title='bbox 1034 2811 1152 2884; x_wconf 87' lang='lat' dir='ltr'><strong>eadem,</strong></span> <span class='ocrx_word' id='word_1_210' title='bbox 1190 2811 1239 2873; x_wconf 90' lang='lat' dir='ltr'><strong>bic</strong></span> <span class='ocrx_word' id='word_1_211' title='bbox 1266 2819 1330 2872; x_wconf 90' lang='lat' dir='ltr'><strong>erat</strong></span> 
     </span>
     <span class='ocr_line' id='line_1_23' title="bbox 106 2893 1327 3005; baseline 0.002 -35"><span class='ocrx_word' id='word_1_212' title='bbox 106 2893 157 3005; x_wconf 48' lang='grc' dir='ltr'>Ἣ</span> <span class='ocrx_word' id='word_1_213' title='bbox 196 2912 247 2971; x_wconf 80' lang='lat' dir='ltr'><strong>ltttt</strong></span> <span class='ocrx_word' id='word_1_214' title='bbox 264 2914 440 2991; x_wconf 86' lang='lat' dir='ltr'><strong>quaestionis</strong></span> <span class='ocrx_word' id='word_1_215' title='bbox 464 2921 576 2984; x_wconf 86' lang='lat' dir='ltr'><strong>status,</strong></span> <span class='ocrx_word' id='word_1_216' title='bbox 599 2932 636 2974; x_wconf 89' lang='lat' dir='ltr'><strong>an</strong></span> <span class='ocrx_word' id='word_1_217' title='bbox 660 2913 705 2973; x_wconf 89' lang='lat' dir='ltr'><strong>lex</strong></span> <span class='ocrx_word' id='word_1_218' title='bbox 728 2915 872 2975; x_wconf 87' lang='lat' dir='ltr'><strong>creatoris</strong></span> <span class='ocrx_word' id='word_1_219' title='bbox 896 2913 931 2973; x_wconf 92' lang='lat' dir='ltr'><strong>ab</strong></span> <span class='ocrx_word' id='word_1_220' title='bbox 955 2914 1106 2991; x_wconf 84' lang='lat' dir='ltr'><strong>evangelio</strong></span> <span class='ocrx_word' id='word_1_221' title='bbox 1129 2914 1253 2975; x_wconf 88' lang='lat' dir='ltr'><strong>deberet</strong></span> <span class='ocrx_word' id='word_1_222' title='bbox 1275 2932 1327 2974; x_wconf 86' lang='lat' dir='ltr'><strong>ett-</strong></span> 
     </span>
     <span class='ocr_line' id='line_1_24' title="bbox 106 2998 1329 3093; baseline 0.005 -25"><span class='ocrx_word' id='word_1_223' title='bbox 106 2998 156 3035; x_wconf 68' lang='lat'><strong>&#39;⁴&#39;²</strong></span> <span class='ocrx_word' id='word_1_224' title='bbox 198 3004 287 3073; x_wconf 71' lang='lat' dir='ltr'><strong>dtitn</strong></span> <span class='ocrx_word' id='word_1_225' title='bbox 306 3013 425 3076; x_wconf 82' lang='lat' dir='ltr'><strong>Christo</strong></span> <span class='ocrx_word' id='word_1_226' title='bbox 450 3014 602 3075; x_wconf 89' lang='lat' dir='ltr'><strong>creatoris.</strong></span> <span class='ocrx_word' id='word_1_227' title='bbox 648 3015 779 3093; x_wconf 84' lang='lat' dir='ltr'><strong>Denique</strong></span> <span class='ocrx_word' id='word_1_228' title='bbox 808 3015 892 3075; x_wconf 80' lang='lat' dir='ltr'><strong>aulea·</strong></span> <span class='ocrx_word' id='word_1_229' title='bbox 919 3014 999 3074; x_wconf 91' lang='lat' dir='ltr'><strong>bunc</strong></span> <span class='ocrx_word' id='word_1_230' title='bbox 1026 3023 1150 3088; x_wconf 88' lang='lat' dir='ltr'><strong>statum,</strong></span> <span class='ocrx_word' id='word_1_231' title='bbox 1189 3022 1219 3074; x_wconf 88' lang='lat' dir='ltr'><strong>et</strong></span> <span class='ocrx_word' id='word_1_232' title='bbox 1246 3020 1329 3074; x_wconf 86' lang='lat' dir='ltr'><strong>vacat</strong></span> 
     </span>
     <span class='ocr_line' id='line_1_25' title="bbox 111 3086 1328 3199; baseline -0.006 -20"><span class='ocrx_word' id='word_1_233' title='bbox 111 3086 160 3199; x_wconf 25' lang='lat'><strong>²⁸³</strong></span> <span class='ocrx_word' id='word_1_234' title='bbox 200 3112 300 3179; x_wconf 60' lang='lat' dir='ltr'><strong>milo.</strong></span> <span class='ocrx_word' id='word_1_235' title='bbox 341 3096 469 3177; x_wconf 55' lang='lat' dir='ltr'><strong>i&#39;achtc</strong></span> <span class='ocrx_word' id='word_1_236' title='bbox 484 3122 593 3176; x_wconf 80' lang='lat' dir='ltr'><strong>autem</strong></span> <span class='ocrx_word' id='word_1_237' title='bbox 622 3115 795 3193; x_wconf 89' lang='lat' dir='ltr'><strong>quaestione</strong></span> <span class='ocrx_word' id='word_1_238' title='bbox 824 3115 901 3177; x_wconf 91' lang='lat' dir='ltr'><strong>ultro</strong></span> <span class='ocrx_word' id='word_1_239' title='bbox 932 3115 1070 3176; x_wconf 89' lang='lat' dir='ltr'><strong>omnibus</strong></span> <span class='ocrx_word' id='word_1_240' title='bbox 1097 3113 1328 3193; x_wconf 88' lang='lat' dir='ltr'><strong>agnoscentibus</strong></span> 
     </span>
     <span class='ocr_line' id='line_1_26' title="bbox 107 3180 1327 3296; baseline -0.002 -22.002"><span class='ocrx_word' id='word_1_241' title='bbox 107 3180 165 3274; x_wconf 43' lang='grc' dir='ltr'>Ἠ</span> <span class='ocrx_word' id='word_1_242' title='bbox 202 3201 361 3275; x_wconf 61' lang='lat' dir='ltr'><strong>Meuium</strong></span> <span class='ocrx_word' id='word_1_243' title='bbox 385 3215 444 3275; x_wconf 91' lang='lat' dir='ltr'><strong>sibi</strong></span> <span class='ocrx_word' id='word_1_244' title='bbox 467 3232 537 3273; x_wconf 89' lang='lat' dir='ltr'><strong>esse</strong></span> <span class='ocrx_word' id='word_1_245' title='bbox 565 3215 601 3272; x_wconf 92' lang='lat' dir='ltr'><strong>ab</strong></span> <span class='ocrx_word' id='word_1_246' title='bbox 631 3216 737 3270; x_wconf 87' lang='lat' dir='ltr'><strong>ordine</strong></span> <span class='ocrx_word' id='word_1_247' title='bbox 766 3217 908 3275; x_wconf 74' lang='lat' dir='ltr'><strong>creatoris</strong></span> <span class='ocrx_word' id='word_1_248' title='bbox 937 3235 991 3296; x_wconf 87' lang='lat' dir='ltr'><strong>por</strong></span> <span class='ocrx_word' id='word_1_249' title='bbox 1018 3216 1106 3276; x_wconf 85' lang='lat' dir='ltr'><strong>fidem</strong></span> <span class='ocrx_word' id='word_1_250' title='bbox 1134 3214 1183 3275; x_wconf 92' lang='lat' dir='ltr'><strong>dei</strong></span> <span class='ocrx_word' id='word_1_251' title='bbox 1205 3213 1327 3274; x_wconf 87' lang='lat' dir='ltr'><strong>alterius</strong></span> 
     </span>
     <span class='ocr_line' id='line_1_27' title="bbox 105 3284 1329 3397; baseline 0.003 -30"><span class='ocrx_word' id='word_1_252' title='bbox 105 3284 170 3397; x_wconf 30' lang='grc' dir='ltr'><strong>ἦ</strong></span> <span class='ocrx_word' id='word_1_253' title='bbox 206 3302 254 3363; x_wconf 67' lang='lat' dir='ltr'><strong>fllh</strong></span> <span class='ocrx_word' id='word_1_254' title='bbox 272 3312 397 3389; x_wconf 89' lang='lat' dir='ltr'><strong>apostolo</strong></span> <span class='ocrx_word' id='word_1_255' title='bbox 426 3309 549 3371; x_wconf 88' lang='lat' dir='ltr'><strong>materia</strong></span> <span class='ocrx_word' id='word_1_256' title='bbox 579 3310 772 3388; x_wconf 88' lang='lat' dir='ltr'><strong>competisset</strong></span> <span class='ocrx_word' id='word_1_257' title='bbox 807 3308 834 3369; x_wconf 91' lang='lat' dir='ltr'><strong>id</strong></span> <span class='ocrx_word' id='word_1_258' title='bbox 871 3318 930 3368; x_wconf 90' lang='lat' dir='ltr'><strong>tam</strong></span> <span class='ocrx_word' id='word_1_259' title='bbox 958 3327 1065 3388; x_wconf 84' lang='lat' dir='ltr'><strong>presse</strong></span> <span class='ocrx_word' id='word_1_260' title='bbox 1093 3314 1218 3375; x_wconf 89' lang='lat' dir='ltr'><strong>docendi</strong></span> <span class='ocrx_word' id='word_1_261' title='bbox 1247 3310 1329 3390; x_wconf 91' lang='lat' dir='ltr'><strong>quod</strong></span> 
     </span>
     <span class='ocr_line' id='line_1_28' title="bbox 106 3378 1328 3491; baseline 0.001 -22"><span class='ocrx_word' id='word_1_262' title='bbox 106 3378 166 3437; x_wconf 38' lang='grc' dir='ltr'><strong>μή</strong></span> <span class='ocrx_word' id='word_1_263' title='bbox 208 3398 253 3463; x_wconf 58' lang='grc' dir='ltr'><strong>ὺω</strong></span> <span class='ocrx_word' id='word_1_264' title='bbox 269 3410 328 3473; x_wconf 83' lang='lat' dir='ltr'><strong>tides</strong></span> <span class='ocrx_word' id='word_1_265' title='bbox 349 3412 413 3491; x_wconf 91' lang='lat' dir='ltr'><strong>ipsa</strong></span> <span class='ocrx_word' id='word_1_266' title='bbox 438 3412 589 3473; x_wconf 87' lang='lat' dir='ltr'><strong>dictasset.</strong></span> <span class='ocrx_word' id='word_1_267' title='bbox 631 3410 724 3488; x_wconf 88' lang='lat' dir='ltr'><strong>igitur</strong></span> <span class='ocrx_word' id='word_1_268' title='bbox 748 3417 808 3469; x_wconf 84' lang='lat' dir='ltr'><strong>tota</strong></span> <span class='ocrx_word' id='word_1_269' title='bbox 831 3409 956 3468; x_wconf 89' lang='lat' dir='ltr'><strong>intentio</strong></span> <span class='ocrx_word' id='word_1_270' title='bbox 979 3409 1124 3487; x_wconf 88' lang='lat' dir='ltr'><strong>epistulae</strong></span> <span class='ocrx_word' id='word_1_271' title='bbox 1145 3407 1232 3470; x_wconf 87' lang='lat' dir='ltr'><strong>istius</strong></span> <span class='ocrx_word' id='word_1_272' title='bbox 1253 3409 1328 3470; x_wconf 89' lang='lat' dir='ltr'><strong>nibil</strong></span> 
     </span>
     <span class='ocr_line' id='line_1_29' title="bbox 141 3498 1327 3599; baseline -0.002 -30"><span class='ocrx_word' id='word_1_273' title='bbox 141 3570 175 3599; x_wconf 87' lang='lat'><strong>·..</strong></span> <span class='ocrx_word' id='word_1_274' title='bbox 210 3498 254 3563; x_wconf 59' lang='lat' dir='ltr'><strong>fiad</strong></span> <span class='ocrx_word' id='word_1_275' title='bbox 269 3510 338 3573; x_wconf 88' lang='lat' dir='ltr'><strong>docet</strong></span> <span class='ocrx_word' id='word_1_276' title='bbox 359 3532 448 3592; x_wconf 89' lang='lat' dir='ltr'><strong>qnam</strong></span> <span class='ocrx_word' id='word_1_277' title='bbox 471 3511 545 3588; x_wconf 87' lang='lat' dir='ltr'><strong>legis</strong></span> <span class='ocrx_word' id='word_1_278' title='bbox 561 3511 793 3572; x_wconf 71' lang='lat' dir='ltr'><strong>&#39;discessionem</strong></span> <span class='ocrx_word' id='word_1_279' title='bbox 808 3509 974 3569; x_wconf 82' lang='lat' dir='ltr'><strong>venientem</strong></span> <span class='ocrx_word' id='word_1_280' title='bbox 996 3509 1034 3569; x_wconf 89' lang='lat' dir='ltr'><strong>de</strong></span> <span class='ocrx_word' id='word_1_281' title='bbox 1055 3507 1198 3569; x_wconf 88' lang='lat' dir='ltr'><strong>creatoris</strong></span> <span class='ocrx_word' id='word_1_282' title='bbox 1221 3507 1327 3585; x_wconf 82' lang='lat' dir='ltr'><strong>dispo·</strong></span> 
     </span>
     <span class='ocr_line' id='line_1_30' title="bbox 117 3598 1328 3691; baseline 0 -23"><span class='ocrx_word' id='word_1_283' title='bbox 117 3600 153 3624; x_wconf 68' lang='lat'><strong>”³</strong></span> <span class='ocrx_word' id='word_1_284' title='bbox 213 3598 288 3681; x_wconf 64' lang='lat' dir='ltr'><strong>ffitte,</strong></span> <span class='ocrx_word' id='word_1_285' title='bbox 315 3624 344 3674; x_wconf 89' lang='lat' dir='ltr'><strong>ut</strong></span> <span class='ocrx_word' id='word_1_286' title='bbox 373 3614 470 3674; x_wconf 92' lang='lat' dir='ltr'><strong>adbuc</strong></span> <span class='ocrx_word' id='word_1_287' title='bbox 498 3630 703 3691; x_wconf 78' lang='lat' dir='ltr'><strong>suggeremus.</strong></span> <span class='ocrx_word' id='word_1_288' title='bbox 752 3611 783 3671; x_wconf 90' lang='lat' dir='ltr'><strong>Si</strong></span> <span class='ocrx_word' id='word_1_289' title='bbox 815 3611 885 3670; x_wconf 92' lang='lat' dir='ltr'><strong>item</strong></span> <span class='ocrx_word' id='word_1_290' title='bbox 914 3608 1024 3670; x_wconf 89' lang='lat' dir='ltr'><strong>nullius</strong></span> <span class='ocrx_word' id='word_1_291' title='bbox 1055 3609 1123 3669; x_wconf 84' lang='lat' dir='ltr'><strong>novi</strong></span> <span class='ocrx_word' id='word_1_292' title='bbox 1146 3608 1193 3669; x_wconf 88' lang='lat' dir='ltr'><strong>dei</strong></span> <span class='ocrx_word' id='word_1_293' title='bbox 1217 3607 1328 3668; x_wconf 82' lang='lat' dir='ltr'><strong>exserit</strong></span> 
     </span>
     <span class='ocr_line' id='line_1_31' title="bbox 111 3707 1328 3793; baseline -0.004 -20"><span class='ocrx_word' id='word_1_294' title='bbox 111 3730 124 3773; x_wconf 91' lang='grc'><strong>.·</strong></span> <span class='ocrx_word' id='word_1_295' title='bbox 214 3707 347 3785; x_wconf 50' lang='lat' dir='ltr'><strong>”lencm</strong></span> <span class='ocrx_word' id='word_1_296' title='bbox 370 3714 451 3793; x_wconf 92' lang='lat' dir='ltr'><strong>quod</strong></span> <span class='ocrx_word' id='word_1_297' title='bbox 473 3731 619 3792; x_wconf 89' lang='lat' dir='ltr'><strong>nusquam</strong></span> <span class='ocrx_word' id='word_1_298' title='bbox 642 3712 735 3791; x_wconf 90' lang='lat' dir='ltr'><strong>magis</strong></span> <span class='ocrx_word' id='word_1_299' title='bbox 758 3711 877 3771; x_wconf 88' lang='lat' dir='ltr'><strong>lecisset</strong></span> <span class='ocrx_word' id='word_1_300' title='bbox 900 3729 986 3787; x_wconf 85' lang='lat' dir='ltr'><strong>quam</strong></span> <span class='ocrx_word' id='word_1_301' title='bbox 1010 3710 1039 3771; x_wconf 92' lang='lat' dir='ltr'><strong>in</strong></span> <span class='ocrx_word' id='word_1_302' title='bbox 1061 3709 1117 3771; x_wconf 89' lang='lat' dir='ltr'><strong>ista</strong></span> <span class='ocrx_word' id='word_1_303' title='bbox 1133 3709 1271 3780; x_wconf 86' lang='lat' dir='ltr'><strong>materia,</strong></span> <span class='ocrx_word' id='word_1_304' title='bbox 1294 3715 1328 3768; x_wconf 93' lang='lat' dir='ltr'><strong>ut</strong></span> 
     </span>
     <span class='ocr_line' id='line_1_32' title="bbox 112 3800 1326 3892; baseline -0.002 -22"><span class='ocrx_word' id='word_1_305' title='bbox 112 3818 142 3839; x_wconf 79' lang='lat'><strong>⁴‘·</strong></span> <span class='ocrx_word' id='word_1_306' title='bbox 171 3812 174 3820; x_wconf 92' lang='lat'>&#39;</span> <span class='ocrx_word' id='word_1_307' title='bbox 215 3800 303 3873; x_wconf 66' lang='lat' dir='ltr'><strong>¹’litem</strong></span> <span class='ocrx_word' id='word_1_308' title='bbox 322 3817 433 3877; x_wconf 87' lang='lat' dir='ltr'><strong>scilicet</strong></span> <span class='ocrx_word' id='word_1_309' title='bbox 453 3807 650 3892; x_wconf 67' lang='lat' dir='ltr'><strong>*ablegandae</strong></span> <span class='ocrx_word' id='word_1_310' title='bbox 673 3812 746 3890; x_wconf 87' lang='lat' dir='ltr'><strong>legis</strong></span> <span class='ocrx_word' id='word_1_311' title='bbox 768 3811 854 3872; x_wconf 89' lang='lat' dir='ltr'><strong>unica</strong></span> <span class='ocrx_word' id='word_1_312' title='bbox 876 3811 931 3872; x_wconf 89' lang='lat' dir='ltr'><strong>bac</strong></span> <span class='ocrx_word' id='word_1_313' title='bbox 953 3820 983 3872; x_wconf 92' lang='lat' dir='ltr'><strong>et</strong></span> <span class='ocrx_word' id='word_1_314' title='bbox 997 3809 1249 3872; x_wconf 87' lang='lat' dir='ltr'><strong>sufficientissima</strong></span> <span class='ocrx_word' id='word_1_315' title='bbox 1271 3808 1326 3869; x_wconf 92' lang='lat' dir='ltr'><strong>de·</strong></span> 
     </span>
     <span class='ocr_line' id='line_1_33' title="bbox 217 3891 1325 3997; baseline -0.002 -25"><span class='ocrx_word' id='word_1_316' title='bbox 217 3891 293 3972; x_wconf 58' lang='lat' dir='ltr'><strong>fllium</strong></span> <span class='ocrx_word' id='word_1_317' title='bbox 319 3927 501 3997; x_wconf 89' lang='lat' dir='ltr'><strong>proponeret</strong></span> <span class='ocrx_word' id='word_1_318' title='bbox 532 3934 626 3976; x_wconf 84' lang='lat' dir='ltr'><strong>novae</strong></span> <span class='ocrx_word' id='word_1_319' title='bbox 654 3912 830 3984; x_wconf 88' lang='lat' dir='ltr'><strong>divinitatis,</strong></span> <span class='ocrx_word' id='word_1_320' title='bbox 864 3921 987 3991; x_wconf 86' lang='lat' dir='ltr'><strong>apparet</strong></span> <span class='ocrx_word' id='word_1_321' title='bbox 1020 3911 1170 3990; x_wconf 89' lang='lat' dir='ltr'><strong>quomodo</strong></span> <span class='ocrx_word' id='word_1_322' title='bbox 1204 3909 1325 3981; x_wconf 88' lang='lat' dir='ltr'><strong>scribat,</strong></span> 
     </span>
     <span class='ocr_line' id='line_1_34' title="bbox 130 3988 1465 4092; baseline -0.001 -19"><span class='ocrx_word' id='word_1_323' title='bbox 130 4018 184 4101; x_wconf 65' lang='lat'><strong>³²⁵.</strong></span> <span class='ocrx_word' id='word_1_324' title='bbox 219 3988 321 4076; x_wconf 52' lang='lat' dir='ltr'><strong>‘litos</strong></span> <span class='ocrx_word' id='word_1_325' title='bbox 341 4028 399 4079; x_wconf 91' lang='lat' dir='ltr'><strong>tam</strong></span> <span class='ocrx_word' id='word_1_326' title='bbox 423 4018 482 4079; x_wconf 90' lang='lat' dir='ltr'><strong>cito</strong></span> <span class='ocrx_word' id='word_1_327' title='bbox 506 4014 661 4077; x_wconf 79' lang='lat' dir='ltr'><strong>transferri</strong></span> <span class='ocrx_word' id='word_1_328' title='bbox 690 4014 726 4075; x_wconf 89' lang='lat' dir='ltr'><strong>ab</strong></span> <span class='ocrx_word' id='word_1_329' title='bbox 748 4033 785 4075; x_wconf 90' lang='lat' dir='ltr'><strong>eo</strong></span> <span class='ocrx_word' id='word_1_330' title='bbox 808 4013 857 4092; x_wconf 90' lang='lat' dir='ltr'><strong>qui</strong></span> <span class='ocrx_word' id='word_1_331' title='bbox 881 4032 934 4073; x_wconf 86' lang='lat' dir='ltr'><strong>vos</strong></span> <span class='ocrx_word' id='word_1_332' title='bbox 958 4012 1071 4073; x_wconf 80' lang='lat' dir='ltr'><strong>vucavit</strong></span> <span class='ocrx_word' id='word_1_333' title='bbox 1091 4012 1122 4072; x_wconf 91' lang='lat' dir='ltr'><strong>in</strong></span> <span class='ocrx_word' id='word_1_334' title='bbox 1144 4011 1266 4088; x_wconf 79' lang='lat' dir='ltr'><strong>gratiam</strong></span> <span class='ocrx_word' id='word_1_335' title='bbox 1289 4010 1325 4071; x_wconf 92' lang='lat' dir='ltr'><strong>ad</strong></span> <span class='ocrx_word' id='word_1_336' title='bbox 1340 4020 1465 4073; x_wconf 79' lang='lat' dir='ltr'><strong>ttat.t‚t.t.</strong></span> 
     </span>
    </p>

    <p class='ocr_par' dir='ltr' id='par_1_5' title="bbox 106 4092 1325 4397">
     <span class='ocr_line' id='line_1_35' title="bbox 106 4092 1325 4197; baseline -0.002 -23"><span class='ocrx_word' id='word_1_337' title='bbox 106 4097 181 4139; x_wconf 50' lang='lat'><strong>’¹²&#39;</strong></span> <span class='ocrx_word' id='word_1_338' title='bbox 221 4092 451 4197; x_wconf 57' lang='lat' dir='ltr'><strong>floangelium,</strong></span> <span class='ocrx_word' id='word_1_339' title='bbox 484 4119 536 4179; x_wconf 70' lang='lat' dir='ltr'><strong>⁵ex</strong></span> <span class='ocrx_word' id='word_1_340' title='bbox 567 4115 792 4179; x_wconf 84' lang='lat' dir='ltr'><strong>conversatione</strong></span> <span class='ocrx_word' id='word_1_341' title='bbox 820 4114 915 4186; x_wconf 90' lang='lat' dir='ltr'><strong>aliud,</strong></span> <span class='ocrx_word' id='word_1_342' title='bbox 947 4131 1008 4173; x_wconf 93' lang='lat' dir='ltr'><strong>non</strong></span> <span class='ocrx_word' id='word_1_343' title='bbox 1037 4131 1073 4172; x_wconf 81' lang='lat' dir='ltr'><strong>ex</strong></span> <span class='ocrx_word' id='word_1_344' title='bbox 1100 4112 1260 4191; x_wconf 88' lang='lat' dir='ltr'><strong>religione,</strong></span> <span class='ocrx_word' id='word_1_345' title='bbox 1289 4130 1325 4172; x_wconf 82' lang='lat' dir='ltr'><strong>ex</strong></span> 
     </span>
     <span class='ocr_line' id='line_1_36' title="bbox 125 4190 1325 4295; baseline -0.009 -11"><span class='ocrx_word' id='word_1_346' title='bbox 125 4216 186 4267; x_wconf 69' lang='lat' dir='ltr'><strong>mrt-</strong></span> <span class='ocrx_word' id='word_1_347' title='bbox 222 4190 325 4291; x_wconf 51' lang='grc' dir='ltr'><strong>Ἧι,</strong></span> <span class='ocrx_word' id='word_1_348' title='bbox 356 4239 416 4282; x_wconf 92' lang='lat' dir='ltr'><strong>non</strong></span> <span class='ocrx_word' id='word_1_349' title='bbox 445 4238 480 4280; x_wconf 87' lang='lat' dir='ltr'><strong>ex</strong></span> <span class='ocrx_word' id='word_1_350' title='bbox 501 4218 668 4280; x_wconf 83' lang='lat' dir='ltr'><strong>divinitate:</strong></span> <span class='ocrx_word' id='word_1_351' title='bbox 702 4216 841 4295; x_wconf 90' lang='lat' dir='ltr'><strong>quoniam</strong></span> <span class='ocrx_word' id='word_1_352' title='bbox 870 4213 988 4293; x_wconf 86' lang='lat' dir='ltr'><strong>quidem</strong></span> <span class='ocrx_word' id='word_1_353' title='bbox 1011 4212 1192 4291; x_wconf 88' lang='lat' dir='ltr'><strong>evangelium</strong></span> <span class='ocrx_word' id='word_1_354' title='bbox 1215 4210 1325 4273; x_wconf 84' lang='lat' dir='ltr'><strong>Christi</strong></span> 
     </span>
     <span class='ocr_line' id='line_1_37' title="bbox 106 4286 1323 4397; baseline -0.007 -16"><span class='ocrx_word' id='word_1_355' title='bbox 106 4286 188 4395; x_wconf 47' lang='lat' dir='ltr'><strong>eff.</strong></span> <span class='ocrx_word' id='word_1_356' title='bbox 224 4296 279 4381; x_wconf 54' lang='lat' dir='ltr'><strong>&#39;hit</strong></span> <span class='ocrx_word' id='word_1_357' title='bbox 292 4334 397 4382; x_wconf 79' lang='lat' dir='ltr'><strong>evocare</strong></span> <span class='ocrx_word' id='word_1_358' title='bbox 420 4320 541 4381; x_wconf 88' lang='lat' dir='ltr'><strong>deberet</strong></span> <span class='ocrx_word' id='word_1_359' title='bbox 562 4320 599 4380; x_wconf 90' lang='lat' dir='ltr'><strong>ad</strong></span> <span class='ocrx_word' id='word_1_360' title='bbox 621 4318 759 4397; x_wconf 89' lang='lat' dir='ltr'><strong>gratiam,</strong></span> <span class='ocrx_word' id='word_1_361' title='bbox 783 4334 844 4376; x_wconf 91' lang='lat' dir='ltr'><strong>non</strong></span> <span class='ocrx_word' id='word_1_362' title='bbox 866 4335 882 4375; x_wconf 86' lang='lat' dir='ltr'><strong>a</strong></span> <span class='ocrx_word' id='word_1_363' title='bbox 905 4322 1039 4374; x_wconf 90' lang='lat' dir='ltr'><strong>creatore</strong></span> <span class='ocrx_word' id='word_1_364' title='bbox 1061 4312 1097 4373; x_wconf 92' lang='lat' dir='ltr'><strong>ad</strong></span> <span class='ocrx_word' id='word_1_365' title='bbox 1118 4312 1209 4373; x_wconf 90' lang='lat' dir='ltr'><strong>alium</strong></span> <span class='ocrx_word' id='word_1_366' title='bbox 1223 4311 1323 4373; x_wconf 90' lang='lat' dir='ltr'><strong>deum.</strong></span> 
     </span>
    </p>
   </div>
   <div class='ocr_carea' id='block_1_3' title="bbox 172 4412 1323 4529">
    <p class='ocr_par' dir='ltr' id='par_1_6' title="bbox 172 4412 1323 4529">
     <span class='ocr_line' id='line_1_38' title="bbox 172 4412 1323 4529; baseline -0.008 -9"><span class='ocrx_word' id='word_1_367' title='bbox 172 4412 190 4514; x_wconf 52' lang='grc' dir='ltr'>ἶ</span> <span class='ocrx_word' id='word_1_368' title='bbox 225 4436 404 4527; x_wconf 66' lang='lat' dir='ltr'><strong>²²¹&#39;plectimur</strong></span> <span class='ocrx_word' id='word_1_369' title='bbox 422 4470 464 4521; x_wconf 80' lang='lat' dir='ltr'><strong>dd.</strong></span> <span class='ocrx_word' id='word_1_370' title='bbox 517 4470 541 4522; x_wconf 83' lang='lat'><strong>3.</strong></span> <span class='ocrx_word' id='word_1_371' title='bbox 561 4470 736 4520; x_wconf 85' lang='lat' dir='ltr'><strong>discessionem</strong></span> <span class='ocrx_word' id='word_1_372' title='bbox 755 4470 805 4519; x_wconf 88' lang='lat' dir='ltr'><strong>bcd.</strong></span> <span class='ocrx_word' id='word_1_373' title='bbox 842 4467 1009 4516; x_wconf 87' lang='lat' dir='ltr'><strong>decessionem</strong></span> <span class='ocrx_word' id='word_1_374' title='bbox 1027 4466 1121 4529; x_wconf 83' lang='lat' dir='ltr'><strong>reliqui.</strong></span> <span class='ocrx_word' id='word_1_375' title='bbox 1165 4464 1190 4514; x_wconf 80' lang='lat' dir='ltr'><strong>t.</strong></span> <span class='ocrx_word' id='word_1_376' title='bbox 1209 4462 1323 4525; x_wconf 85' lang='lat' dir='ltr'><strong>ablegen-</strong></span> 
     </span>
    </p>
   </div>
   <div class='ocr_carea' id='block_1_4' title="bbox 105 4440 827 4602">
    <p class='ocr_par' dir='ltr' id='par_1_7' title="bbox 105 4440 827 4602">
     <span class='ocr_line' id='line_1_39' title="bbox 105 4440 165 4470; baseline 0 -23"><span class='ocrx_word' id='word_1_377' title='bbox 105 4440 126 4470; x_wconf 42' lang='grc' dir='ltr'><strong>ι,-</strong></span> <span class='ocrx_word' id='word_1_378' title='bbox 139 4442 149 4467; x_wconf 55' lang='lat'>;</span> <span class='ocrx_word' id='word_1_379' title='bbox 162 4442 165 4447; x_wconf 93' lang='lat'><strong>.</strong></span> 
     </span>
     <span class='ocr_line' id='line_1_40' title="bbox 106 4500 827 4602; baseline -0.007 -14"><span class='ocrx_word' id='word_1_380' title='bbox 106 4507 148 4602; x_wconf 44' lang='lat' dir='ltr'><strong>,S</strong></span> <span class='ocrx_word' id='word_1_381' title='bbox 161 4500 174 4600; x_wconf 62' lang='grc' dir='ltr'><strong>,Ι</strong></span> <span class='ocrx_word' id='word_1_382' title='bbox 219 4506 273 4569; x_wconf 47' lang='grc' dir='ltr'><strong>ἠ</strong></span> <span class='ocrx_word' id='word_1_383' title='bbox 293 4534 446 4602; x_wconf 67' lang='lat' dir='ltr'><strong>obsequentis</strong></span> <span class='ocrx_word' id='word_1_384' title='bbox 464 4537 488 4588; x_wconf 84' lang='lat' dir='ltr'><strong>ll.</strong></span> <span class='ocrx_word' id='word_1_385' title='bbox 540 4539 565 4589; x_wconf 81' lang='lat' dir='ltr'><strong>b.</strong></span> <span class='ocrx_word' id='word_1_386' title='bbox 584 4547 608 4588; x_wconf 94' lang='lat' dir='ltr'><strong>et</strong></span> <span class='ocrx_word' id='word_1_387' title='bbox 626 4538 783 4587; x_wconf 80' lang='lat' dir='ltr'><strong>conversione</strong></span> <span class='ocrx_word' id='word_1_388' title='bbox 801 4536 827 4584; x_wconf 80' lang='lat' dir='ltr'><strong>B.</strong></span> 
     </span>
    </p>
   </div>
   <div class='ocr_carea' id='block_1_5' title="bbox 105 4612 1325 4774">
    <p class='ocr_par' dir='ltr' id='par_1_8' title="bbox 105 4612 1325 4774">
     <span class='ocr_line' id='line_1_41' title="bbox 105 4612 1325 4741; baseline -0.006 -55"><span class='ocrx_word' id='word_1_389' title='bbox 105 4622 192 4730; x_wconf 48' lang='lat'><strong>“3²22</strong></span> <span class='ocrx_word' id='word_1_390' title='bbox 227 4612 308 4741; x_wconf 44' lang='grc' dir='ltr'><strong>,Ἅι</strong></span> <span class='ocrx_word' id='word_1_391' title='bbox 328 4652 433 4703; x_wconf 86' lang='lat' dir='ltr'><strong>a.saepe</strong></span> <span class='ocrx_word' id='word_1_392' title='bbox 452 4640 499 4689; x_wconf 91' lang='lat' dir='ltr'><strong>iam</strong></span> <span class='ocrx_word' id='word_1_393' title='bbox 518 4639 541 4689; x_wconf 92' lang='lat' dir='ltr'><strong>in</strong></span> <span class='ocrx_word' id='word_1_394' title='bbox 560 4640 606 4689; x_wconf 86' lang='lat' dir='ltr'><strong>isto</strong></span> <span class='ocrx_word' id='word_1_395' title='bbox 626 4639 710 4689; x_wconf 88' lang='lat' dir='ltr'><strong>ordine</strong></span> <span class='ocrx_word' id='word_1_396' title='bbox 762 4637 851 4701; x_wconf 82' lang='lat' dir='ltr'><strong>pbetis,</strong></span> <span class='ocrx_word' id='word_1_397' title='bbox 877 4635 978 4684; x_wconf 82' lang='lat' dir='ltr'><strong>maxime</strong></span> <span class='ocrx_word' id='word_1_398' title='bbox 1001 4649 1057 4684; x_wconf 81' lang='lat' dir='ltr'><strong>vero</strong></span> <span class='ocrx_word' id='word_1_399' title='bbox 1082 4633 1158 4690; x_wconf 93' lang='lat' dir='ltr'><strong>lib.l,</strong></span> <span class='ocrx_word' id='word_1_400' title='bbox 1177 4629 1281 4708; x_wconf 52' lang='lat' dir='ltr'><strong>cap320.</strong></span> <span class='ocrx_word' id='word_1_401' title='bbox 1300 4638 1325 4679; x_wconf 91' lang='lat' dir='ltr'><strong>et</strong></span> 
     </span>
     <span class='ocr_line' id='line_1_42' title="bbox 110 4697 1323 4774; baseline -0.009 -20"><span class='ocrx_word' id='word_1_402' title='bbox 110 4731 115 4739; x_wconf 92' lang='lat'><em>-</em></span> <span class='ocrx_word' id='word_1_403' title='bbox 145 4702 165 4734; x_wconf 75' lang='lat'><strong>²¹</strong></span> <span class='ocrx_word' id='word_1_404' title='bbox 297 4697 711 4774; x_wconf 63' lang='lat' dir='ltr'><strong>ttl„latumordinem“roeatlibrns</strong></span> <span class='ocrx_word' id='word_1_405' title='bbox 764 4704 854 4762; x_wconf 77' lang='lat' dir='ltr'><strong>libili,</strong></span> <span class='ocrx_word' id='word_1_406' title='bbox 879 4701 980 4766; x_wconf 87' lang='lat' dir='ltr'><strong>cap.l.,</strong></span> <span class='ocrx_word' id='word_1_407' title='bbox 1005 4701 1045 4750; x_wconf 92' lang='lat' dir='ltr'><strong>ubi</strong></span> <span class='ocrx_word' id='word_1_408' title='bbox 1070 4700 1167 4750; x_wconf 85' lang='lat' dir='ltr'><strong>easdem</strong></span> <span class='ocrx_word' id='word_1_409' title='bbox 1190 4704 1323 4759; x_wconf 82' lang='lat' dir='ltr'><strong>scripturas</strong></span> 
     </span>
    </p>
   </div>
   <div class='ocr_carea' id='block_1_6' title="bbox 106 4738 1079 4905">
    <p class='ocr_par' dir='ltr' id='par_1_9' title="bbox 106 4738 1079 4905">
     <span class='ocr_line' id='line_1_43' title="bbox 106 4738 1079 4861; baseline -0.009 -35"><span class='ocrx_word' id='word_1_410' title='bbox 106 4774 140 4837; x_wconf 57' lang='lat' dir='ltr'><strong>&#39;F</strong></span> <span class='ocrx_word' id='word_1_411' title='bbox 152 4750 192 4801; x_wconf 51' lang='grc' dir='ltr'><em>ω</em></span> <span class='ocrx_word' id='word_1_412' title='bbox 228 4738 372 4861; x_wconf 51' lang='grc' dir='ltr'><strong>ξὴῦθκω,</strong></span> <span class='ocrx_word' id='word_1_413' title='bbox 389 4776 411 4824; x_wconf 90' lang='lat' dir='ltr'><strong>in</strong></span> <span class='ocrx_word' id='word_1_414' title='bbox 430 4776 516 4839; x_wconf 84' lang='lat' dir='ltr'><strong>quibus</strong></span> <span class='ocrx_word' id='word_1_415' title='bbox 535 4783 711 4839; x_wconf 84' lang='lat' dir='ltr'><strong>saepetractt-</strong></span> <span class='ocrx_word' id='word_1_416' title='bbox 764 4772 842 4822; x_wconf 85' lang='lat' dir='ltr'><strong>citavit</strong></span> <span class='ocrx_word' id='word_1_417' title='bbox 860 4779 951 4820; x_wconf 88' lang='lat' dir='ltr'><strong>auctor.</strong></span> <span class='ocrx_word' id='word_1_418' title='bbox 968 4767 1079 4831; x_wconf 77' lang='lat' dir='ltr'><strong>(tanet.)</strong></span> 
     </span>
     <span class='ocr_line' id='line_1_44' title="bbox 106 4830 711 4905; baseline -0.007 -10"><span class='ocrx_word' id='word_1_419' title='bbox 106 4837 125 4872; x_wconf 80' lang='grc'><strong>·’·</strong></span> <span class='ocrx_word' id='word_1_420' title='bbox 266 4834 288 4873; x_wconf 67' lang='lat'><strong>“¹</strong></span> <span class='ocrx_word' id='word_1_421' title='bbox 299 4830 319 4882; x_wconf 63' lang='lat' dir='ltr'><strong>lt</strong></span> <span class='ocrx_word' id='word_1_422' title='bbox 331 4842 458 4901; x_wconf 78' lang='lat' dir='ltr'><strong>praedicata</strong></span> <span class='ocrx_word' id='word_1_423' title='bbox 477 4843 602 4893; x_wconf 85' lang='lat' dir='ltr'><strong>norttioue</strong></span> <span class='ocrx_word' id='word_1_424' title='bbox 621 4858 633 4891; x_wconf 88' lang='lat' dir='ltr'><strong>a</strong></span> <span class='ocrx_word' id='word_1_425' title='bbox 651 4856 711 4905; x_wconf 90' lang='lat' dir='ltr'><strong>pro-</strong></span> 
     </span>
    </p>
   </div>
   <div class='ocr_carea' id='block_1_7' title="bbox 0 0 1626 5775">
    <p class='ocr_par' dir='ltr' id='par_1_10' title="bbox 0 0 1626 5775">
     <span class='ocr_line' id='line_1_45' title="bbox 0 0 1626 5775; baseline 0 2"><span class='ocrx_word' id='word_1_426' title='bbox 0 0 1626 5775; x_wconf 95' lang='lat' dir='ltr'><strong> </strong></span> 
     </span>
    </p>
   </div>
  </div>
 </body>
</html>
