3242 5775
483 677 485 684 ,
566 627 606 673 ar
627 619 873 676 usmrrcmons
894 629 1009 677 mutus.
1312 609 1374 688 sai

201 778 364 852 rectionis,
387 795 462 857 quse
483 779 541 841 nisi
559 779 740 860 corporalis,
762 779 852 842 ”uon
874 780 946 844 alias
967 781 1013 844 sie
1031 780 1208 864 baptismate
1228 787 1375 867 corporali

200 878 393 958 obligaretur.
426 878 535 953 ”Quid
558 888 588 941 et
609 880 695 961 ipsos
716 880 860 962 hsptirsri
874 882 931 955 sit,
952 881 1009 945 ”si
1024 887 1084 945 uon
1100 902 1176 965 quae
1188 865 1528 966 haptirmturroonm

201 999 331 1061 corpora
347 979 531 1060 resurgunt?
557 980 688 1043 ¹'Auium
710 981 790 1044 enim
812 999 874 1043 uon
888 981 1052 1058 luvouone,
1074 984 1128 1048 sed
1148 983 1379 1068 'responsione
1509 1051 1512 1056 .

200 1081 364 1144 sancitum.
407 1081 486 1155 Quid
509 1090 540 1144 et
560 1100 634 1156 nos,
657 1082 768 1163 inquit,
791 1082 872 1145 omni
893 1083 997 1146 ”hora
1017 1084 1242 1165 periclitamur?
1272 1088 1490 1170 utiquen.v.tt

201 1201 259 1263 per
280 1200 411 1245 carnem.
456 1182 596 1257 Quotidie
624 1183 755 1258 morior3
781 1183 884 1264 utique
904 1184 1044 1265 periculis
1065 1181 1180 1263 carum,
1205 1193 1263 1268 per
1287 1207 1375 1271 quam
1385 1201 1516 1260 mnam.

200 1294 232 1346 et
254 1282 435 1364 depugnavit
455 1285 492 1345 ad
514 1283 626 1346 bestias
641 1285 769 1365 Ephesi,
792 1284 858 1346 illas
872 1284 985 1348 scilicet
998 1284 1112 1349 bestias
1125 1286 1272 1366 Asiaticae
1285 1307 1375 1370 pres·

198 1403 308 1458 surse,
330 1383 368 1445 de
390 1403 447 1464 qus
468 1384 499 1446 iu
521 1384 651 1447 secunde
672 1385 709 1447 ad
732 1385 871 1447 eosdem:
892 1384 1039 1449 Nolumus
1059 1387 1138 1451 euim
1154 1405 1210 1453 ros
1224 1389 1374 1470 ignorare,
1387 1371 1516 1459 scorto

198 1487 325 1560 iratres,
349 1484 386 1546 de
407 1503 548 1565 pressura
569 1494 673 1548 nostro
694 1486 771 1566 apud
792 1486 908 1561 Asiam,
932 1487 1014 1567 quod
1033 1487 1155 1572 ⁸¹super
1174 1507 1263 1572 quam
1284 1507 1376 1572 supra

201 1585 316 1666 gravati
340 1604 444 1648 sumus
467 1587 656 1662 curantes,
682 1588 725 1650 uti
753 1586 870 1650 devita
892 1585 1130 1652 haesitaremus:
1164 1589 1271 1654 Omnia
1290 1589 1374 1668 hacc,
1406 1645 1412 1654 .

201 1686 262 1749 'nisi
285 1686 386 1760 lsllor,
410 1705 446 1748 eo
469 1695 623 1749 enumerat
642 1696 690 1762 ut,
719 1687 825 1750 uolens
846 1705 949 1750 vanam
971 1688 1053 1752 medi
1073 1688 1172 1753 carnis
1191 1689 1374 1754 ¹'conflicts-
1487 1731 1490 1736 -

199 1787 332 1861 tionem,
365 1786 529 1849 indubitate
555 1787 625 1850 velit
652 1787 732 1850 credi
761 1788 860 1850 carnis
881 1790 1142 1852 resurrectionem.
1192 1791 1272 1853 Vnus
1294 1791 1374 1854 enim

198 1887 336 1951 hahendo
358 1896 405 1950 est
425 1887 604 1951 conflictatio
627 1889 692 1952 cius
714 1889 798 1952 cuius
820 1889 900 1952 nulls
922 1890 980 1952 erit
992 1891 1184 1974 resurrectio.
1222 1890 1282 1954 Sed
1296 1885 1377 1956 dicet

199 1989 285 2069 quis:
308 1989 467 2063 Quomodo
482 1999 641 2069 resurgent
655 1988 790 2053 mortuil
811 2010 872 2070 quo
886 1999 984 2053 autem
999 2009 1127 2072 corpore
1140 1990 1284 2055 venienti
1309 1993 1527 2062 lrmtcoemrss.

199 2089 248 2152 hic
269 2091 308 2152 de
330 2090 521 2171 qualitatihus
544 2110 704 2172 corporum
727 2091 864 2166 disserit,
886 2111 924 2154 an
946 2092 1050 2154 eadem
1072 2091 1137 2172 ipsu
1158 2111 1196 2156 ru
1210 2092 1266 2156 alis
1282 2077 1373 2158 resuss
1426 2091 1430 2097 '

198 2199 327 2254 mantur.
361 2190 421 2253 Sed
443 2212 509 2255 cum
531 2192 678 2255 eiusmodi
693 2192 856 2272 ”quaestio
871 2192 1024 2272 posterior
1041 2191 1200 2267 hahentur,
1220 2193 1376 2276 “suldciet

199 2291 319 2354 iuterim
342 2311 377 2354 ex
398 2293 457 2354 hoc
477 2312 596 2374 quoquc
618 2292 802 2374 corporalem
824 2292 940 2354 deliniri
961 2293 1225 2368 resurrectionem,
1247 2311 1315 2357 cum
1335 2295 1374 2357 de

198 2392 339 2473 qualitate
361 2411 520 2473 corporum
543 2394 704 2473 quaeritur.

285 2495 411 2555 Ventum
434 2506 481 2556 est
501 2513 581 2556 nunc
602 2495 638 2556 ad
661 2511 778 2555 carnem
801 2501 832 2554 et
853 2492 1027 2573 sanguinem
1049 2511 1152 2557 revera
1173 2494 1265 2557 totius
1280 2497 1373 2576 qua&
1391 2512 1527 2572 caprum

199 2594 327 2669 stiouis;
351 2595 442 2673 'ques
463 2595 644 2657 substantias
666 2594 743 2673 quali
760 2593 932 2655 conditione
948 2593 1374 2674 erhsersdsrerit'apostolus

197 2693 230 2758 'a
251 2693 301 2757 dei
324 2712 416 2775 reguo
437 2713 531 2774 oeque
552 2695 589 2756 de
611 2693 854 2756 antecedentibus
876 2694 992 2756 discere
1014 2701 1071 2757 est
1112 2694 1242 2768 Primus,
1264 2693 1528 2776 iuouittconrm.

199 2795 289 2858 homo
312 2795 350 2856 de
373 2804 450 2857 terra
474 2795 610 2868 choicus,
647 2794 676 2855 id
700 2802 748 2856 est
768 2793 929 2868 limaceus,
963 2794 992 2856 id
1015 2805 1062 2856 est
1082 2793 1191 2866 Adam,
1223 2797 1373 2858 secundus

198 2896 288 2959 homo
312 2896 349 2957 dc
371 2898 468 2971 coelo,
492 2896 521 2957 id
544 2904 592 2958 est
613 2912 713 2958 sermo
736 2896 798 2968 dei,
820 2896 851 2958 id
872 2904 920 2958 est
934 2895 1087 2970 Christus,
1109 2895 1258 2958 nonullos
1273 2904 1373 2958 tamon

198 2996 305 3070 homo,
340 2996 409 3058 licet
429 2997 466 3058 de
488 2996 585 3071 caclo,
618 2997 676 3057 nisi
705 2997 773 3076 quia
802 2996 920 3078 etipse
942 3015 1010 3058 csro
1033 3004 1120 3076 atque
1141 2997 1256 3069 enimc,
1292 2994 1372 3077 quod

199 3099 307 3171 homo,
336 3097 415 3177 quod
437 3098 539 3159 Adam.
588 3098 662 3159 Nam
684 3098 731 3158 ‘et
760 3115 851 3177 supra
879 3097 1060 3159 norissimus
1082 3097 1173 3159 Adam
1196 3096 1310 3159 ‘dictus
1336 3095 1374 3158 ds
1435 3166 1441 3173 ,

198 3198 352 3262 consortio
376 3197 559 3260 substantiae
581 3197 791 3260 commercium
819 3196 949 3258 nominis
977 3196 1080 3270 traxit,
1108 3196 1177 3276 quia
1205 3214 1263 3258 nec
1281 3195 1373 3258 Adam

198 3317 230 3361 er
254 3299 372 3361 semine
393 3316 477 3371 caro,
512 3300 591 3378 quod
614 3308 644 3361 et
666 3298 816 3360 Christus.
860 3296 961 3369 Qualis
985 3314 1056 3376 crgo
1079 3294 1216 3368 choicus,
1245 3295 1320 3356 tales
1343 3302 1484 3357 etnass

198 3400 311 3474 choici,
340 3399 434 3478 qualis
458 3399 610 3473 caelestis,
647 3398 719 3459 tales
748 3405 777 3458 et
799 3395 953 3458 caelestes.
1005 3393 1177 3458 Substantia
1205 3391 1303 3454 tales?
1335 3411 1372 3454 su

200 3501 297 3580 primo
327 3500 498 3580 disciplina,
538 3500 644 3562 dehinc
674 3507 704 3560 ct
732 3497 890 3576 dignitate,
922 3514 1010 3575 quam
1039 3492 1195 3574 disciplina
1223 3490 1373 3571 captarit?

198 3601 325 3681 ‘Atquin
348 3600 514 3662 substantia
536 3601 617 3662 nullo
639 3600 729 3662 modo
751 3597 968 3678 separabuntur
997 3593 1093 3657 choici
1120 3601 1207 3672 atque
1228 3592 1373 3656 caelestes

198 3701 292 3764 semel
314 3700 351 3762 ab
373 3701 510 3782 apostolo
533 3701 670 3763 homines
693 3700 773 3762 dicti.
829 3696 862 3759 Si
885 3697 963 3758 enim
986 3703 1016 3758 et
1036 3693 1174 3757 Christus
1196 3692 1280 3755 solus
1301 3709 1373 3755 rere

200 3852 241 3904 25.
260 3869 309 3904 oon
328 3853 389 3904 alios
408 3855 444 3904 sic
462 3856 512 3905 led.
550 3855 662 3904 nonnisi
682 3851 895 3915 uliusinrels'qoi.
929 3848 1089 3899 noualirrin
1108 3846 1289 3898 Fulcdrrr'rm.
1323 3860 1373 3896 nou

199 3924 260 3971 alias
280 3922 320 3970 hic
338 3922 452 3971 latinius.
510 3921 550 3970 tc.
571 3924 616 3981 Qui
636 3929 659 3970 et
676 3920 751 3970 llldo.
811 3917 852 3967 tt.
871 3916 895 3967 ld
914 3916 1014 3975 estivel
1032 3912 1273 3980 tu.,prom0re)·st
1295 3912 1373 3965 tuce.

198 3988 239 4040 28.
258 3990 358 4038 trimae
375 3990 433 4039 Ado.
469 3989 536 4038 hiem
555 3990 581 4038 s.
633 3987 875 4052 repurgationes.
928 3982 969 4035 30.
988 3998 1062 4048 opera
1079 3983 1106 4034 l.
1149 3980 1190 4032 tt.
1208 3994 1372 4045 superquam

198 4072 271 4120 supro
291 4056 380 4118 praesti
399 4056 492 4106 istac.
528 4071 602 4120 snper
621 4069 692 4120 curru
711 4055 799 4116 prareti
818 4069 847 4114 c,
867 4054 896 4102 de
913 4053 981 4104 codd.
1002 4052 1127 4101 tunnis.
1167 4049 1332 4112 superaurati
1350 4050 1373 4099 l.
1483 4073 1486 4079 ·

198 4123 438 4204 323eoullictionem
458 4125 484 4174 c.
538 4123 579 4174 33.
604 4124 713 4188 quaestio
738 4121 839 4172 materia
863 4120 985 4184 posterior
1001 4118 1028 4169 l.
1087 4115 1128 4166 st.
1152 4115 1243 4166 scilicit
1264 4116 1309 4167 tlt.
1326 4122 1373 4166 tres

198 4192 327 4322 megi).
345 4257 422 4307 llll.
468 4258 492 4307 1.
511 4258 578 4321 quasi
598 4260 632 4308 hc.
685 4252 991 4318 superinstructos.
1025 4249 1130 4329 apostoli
1147 4248 1208 4300 ABG.
1259 4247 1284 4327 ³:
1301 4264 1316 4299 a
1333 4248 1373 4299 del

198 4340 273 4388 '‘⁸¹¹⁰
293 4325 409 4401 mm·
444 4326 670 4441 “M“‘h‘lllll
682 4316 1373 4447 tttttlltttttltttttulttttttt

197 4392 286 4510 hggtia
300 4392 330 4510 bd.
344 4392 714 4523 d'chettqrhsseuhstrhtiaqreliqoi.
755 4456 825 4521 ltqui
844 4471 856 4505 u
874 4453 1008 4504 substantia
1032 4453 1083 4503 edd
1102 4452 1199 4502 Serrleri
1215 4457 1236 4501 et
1254 4450 1374 4517 leopoldi.

197 4527 279 4579 Nescio
297 4528 368 4576 unde.

230 4628 291 4691 cop.
310 4626 409 4676 llllll.
438 4643 459 4675 o.
479 4627 521 4676 sed
533 4627 692 4690 responsione
701 4640 759 4674 san·
810 4622 908 4672 lnterim
929 4635 982 4669 cum
1001 4620 1048 4669 hoc
1056 4618 1197 4669 Tertulliani
1212 4618 1267 4668 loco
1277 4616 1308 4666 el.
1317 4615 1372 4665 tldr.

198 4691 281 4758 citur]
307 4694 395 4743 lloltos
421 4695 450 4742 de
470 4695 515 4744 hoc
533 4709 577 4758 pro
596 4695 697 4743 mortuis
716 4692 759 4740 hr-
814 4690 925 4738 llorcion.
946 4686 1023 4746 utu.
1048 4686 1077 4736 ut
1095 4687 1125 4736 de
1142 4685 1260 4736 vocabulo
1276 4696 1375 4747 respos-

197 4763 312 4827 ptismste
337 4762 361 4810 h.
379 4761 395 4809 Ι.
420 4769 457 4810 est
481 4762 604 4823 lligsltius,
639 4761 668 4809 ad
693 4761 762 4808 euius
814 4759 886 4817 sione,
906 4755 927 4805 si
947 4756 1003 4804 tanti
1023 4762 1068 4813 cst,
1086 4754 1158 4804 adeas
1176 4766 1238 4817 quae
1256 4756 1312 4801 suut
1328 4747 1377 4797 ad⁴

197 4830 340 4891 editionem,
366 4828 387 4877 si
411 4830 492 4880 doceri
518 4830 595 4895 cupis,
623 4836 646 4878 te
670 4827 761 4889 relego.
814 4830 894 4873 nomm
912 4821 942 4873 ad
958 4822 991 4873 De
1009 4821 1104 4872 Corone
1123 4818 1226 4951 οιμὲὶ.
1271 4886 1274 4891 Ι
