3242 5775
296 577 366 693 ἱ118
554 640 656 695 comm
678 603 810 684 suumn
831 635 997 683 recasurus
1019 635 1215 681 renrumnm
1330 603 1335 612 ’

304 792 468 875 dispositus
490 798 537 853 est
556 809 574 853 a
593 798 680 870 patre
700 807 776 869 quae
796 795 831 850 ut
850 788 977 850 humana
998 783 1232 866 reprehenditis,
1255 782 1399 847 ediscens
1420 784 1482 849 iam

302 894 372 959 inde
393 913 410 956 a
431 890 612 973 primordio,
642 890 701 953 iam
722 889 791 951 inde
818 888 986 963 bominem,
1014 887 1095 967 quod
1122 894 1186 949 erat
1211 888 1330 948 iuturus
1354 886 1388 949 in
1408 888 1481 951 lina.

301 976 354 1059 llis
376 993 493 1073 estqui
514 990 683 1065 deseendit,
706 990 756 1053 ille
778 989 829 1069 qui
850 989 1030 1068 interrogat,
1052 987 1101 1050 ille
1122 988 1172 1069 qui
1191 987 1339 1068 postulat,
1364 987 1413 1051 ille
1428 988 1482 1070 qui

301 1093 390 1157 iurat.
433 1084 579 1155 Ceterutn¹
593 1092 733 1173 ¹‘patrem
759 1089 871 1152 nemini
898 1090 996 1152 risum
1024 1089 1112 1151 etiam
1141 1107 1298 1150 commune
1318 1088 1481 1153 testabitur

157 1194 485 1275 ramnerevangelium
507 1194 623 1256 dicente
637 1192 777 1265 Christo,
798 1179 892 1253 Nemo
915 1190 1050 1270 cognorit
1070 1199 1185 1270 patrem
1207 1189 1267 1251 nisi
1289 1189 1380 1253 filius.
1393 1191 1481 1271 ·lpse

162 1294 287 1400 „ffb
304 1297 384 1359 euim
405 1304 435 1358 et
455 1294 549 1357 veteri
569 1300 749 1356 testamento
763 1290 986 1372 pronuntiarat,
1007 1292 1101 1353 Deum
1116 1309 1204 1352 nemo
1219 1289 1330 1352 videbit
1344 1296 1376 1352 et
1388 1289 1480 1366 viret,

287 1380 419 1478 'patrem
438 1394 617 1457 invisibilem
639 1393 855 1467 determinans,
877 1393 909 1455 in
930 1391 1014 1454 cuius
1037 1391 1210 1455 auctoritate
1232 1390 1399 1453 etnomine
1413 1389 1480 1472 ipse

303 1504 367 1561 erat
387 1496 479 1570 deus,
501 1494 552 1574 qui
573 1493 729 1556 videbatur
749 1493 795 1555 dei
818 1493 908 1554 iilius.
960 1492 1021 1554 Sed
1042 1502 1072 1554 et
1091 1511 1185 1573 penos
1205 1511 1262 1553 nos
1284 1491 1426 1556 Christus
1447 1492 1480 1556 iu

302 1614 433 1680 persona
455 1595 565 1658 Christi
587 1595 759 1675 accipiturl’,
788 1593 856 1674 quia
885 1594 944 1655 ¹⁶et
969 1595 1028 1656 boc
1048 1595 1139 1657 modo
1160 1601 1265 1655 noster
1285 1600 1342 1655 est
1384 1593 1482 1673 lgittu

305 1698 525 1778 ¹⁷quaecunque
548 1695 664 1776 exigitis
685 1695 742 1756 deo
765 1694 869 1774 digna,
890 1693 1079 1757 habebuntur
1099 1697 1131 1757 in
1144 1702 1230 1776 patre
1245 1692 1383 1755 invisibili
1404 1693 1481 1756 ¹⁸iu·

305 1796 572 1878 congressibilique
593 1806 623 1858 et
642 1795 758 1876 placido
781 1805 825 1868 et,
852 1802 887 1856 ut
908 1795 949 1856 ita
969 1795 1111 1870 dixerim,
1138 1794 1389 1876 philosophorum
1411 1794 1482 1858 deo.

274 1937 277 1942 -
306 1898 507 1978 Quaecunque
528 1905 625 1960 autem
648 1905 681 1959 ut
700 1896 822 1976 indigna
848 1895 1083 1976 reprehenditis,
1113 1895 1333 1977 deputabuntur
1359 1895 1390 1957 in
1419 1895 1483 1958 lilio

233 2038 261 2060 κ
306 2007 337 2063 ct
358 1999 423 2060 riso
445 2007 476 2062 et
497 1997 597 2060 audito
619 2005 649 2059 et
670 2015 851 2077 congresso,
873 1996 984 2058 arbitro
999 1997 1094 2075 patris
1110 2005 1140 2058 et
1154 1997 1310 2071 ministro,
1332 1996 1482 2060 miscente

305 2100 337 2163 in
359 2100 520 2179 semetipso
543 2099 694 2160 hominem
716 2106 746 2159 et
767 2077 870 2170 deum,
893 2097 925 2159 in
945 2096 1104 2160 virtutibus
1127 2098 1229 2171 deum,
1252 2098 1282 2159 in
1304 2097 1482 2178 pusillitati·

304 2200 364 2263 bns
385 2200 553 2275 hominem,
586 2209 620 2261 ut
647 2206 760 2261 tantum
787 2198 902 2260 homini
929 2198 1062 2260 conterat
1088 2206 1227 2278 mantum
1254 2198 1311 2260 deo
1339 2198 1485 2264 detrabit.

305 2300 416 2364 Totum
432 2303 559 2381 denique
573 2301 621 2362 dei
642 2299 702 2362 mei
722 2318 816 2380 penes
837 2317 892 2360 vos
914 2299 1043 2361 dedecus
1064 2309 1279 2361 sacramentum
1301 2307 1351 2361 est
1371 2300 1484 2363 boma·

305 2420 363 2464 nae
377 2402 492 2464 salutis.
528 2401 792 2463 ¹⁰Conversabatur
806 2399 897 2475 deos,
920 2411 951 2463 ut
972 2400 1063 2462 bomo
1085 2400 1183 2462 divim
1205 2419 1293 2480 agere
1310 2401 1483 2466 doceretur.

304 2501 349 2563 lix
370 2521 465 2581 aequo
484 2501 619 2588 Jagebat
639 2502 714 2563 deus
735 2520 802 2563 cum
824 2501 960 2577 homine,
982 2510 1016 2564 ut
1036 2503 1127 2563 homo
1149 2520 1292 2581 exaequo
1308 2520 1399 2582 agere
1413 2519 1483 2566 cun
1506 2563 1509 2568 .

305 2602 362 2662 deo
383 2608 499 2681 posset
550 2600 629 2662 Deus
649 2601 776 2680 pusillus
798 2603 935 2664 inventus
957 2610 1018 2675 est,
1049 2609 1083 2663 ut
1104 2602 1194 2663 bomo
1216 2602 1361 2665 maximus
1383 2603 1482 2668 lieret.
1500 2647 1511 2686 ·.·

306 2700 366 2774 Qui
386 2700 474 2762 talem
496 2699 583 2762 deum
606 2700 791 2781 dedignaris,
821 2702 928 2775 ,nescio
949 2720 987 2764 an
1008 2721 1043 2763 ex
1065 2703 1123 2765 lide
1144 2703 1248 2765 medas
1270 2703 1360 2766 deum
1381 2704 1480 2767 muri·
1504 2689 1509 2764 s

305 2801 407 2862 lixum
457 2801 571 2874 Quanta
605 2801 704 2880 itaque
731 2802 913 2881 perversitas
940 2810 1040 2865 restra
1067 2822 1137 2882 erga
1163 2811 1321 2884 utrumque
1344 2804 1481 2870 ordmeri
1507 2843 1510 2854 ·

305 2899 473 2964 creatoris?
508 2901 638 2965 Iudicem
661 2921 728 2964 eum
751 2903 930 2982 designetis,
952 2913 983 2965 et
1002 2906 1190 2968 severitatem
1211 2904 1348 2968 ”iudicis
1371 2926 1480 2971 semu·
1506 2956 1512 2983 ,-

305 3000 376 3062 dum
397 3001 502 3062 merita
524 3020 679 3065 causarum
702 3013 913 3083 congruentem
934 3023 991 3084 pro
1013 3006 1133 3067 saevitia
1154 3006 1358 3087 exprobratisa
1385 3008 1482 3072 lleuur
1507 3050 1512 3083 1

305 3100 451 3181 optimum
478 3102 611 3182 exigitis,
650 3112 681 3165 et
707 3103 858 3166 lenitatem
886 3105 952 3166 eius
985 3106 1156 3186 benignitati
1184 3116 1396 3186 congruentem
1424 3126 1479 3190 pro

305 3209 393 3282 captu
414 3203 627 3265 mediocritatis
654 3203 799 3266 humanae
827 3205 971 3268 deiectius
999 3214 1200 3270 conversatam
1230 3214 1263 3268 ut
1288 3208 1482 3286 pusillitatem
1508 3258 1512 3275 -.

305 3302 489 3384 depretiatis.
541 3303 603 3365 Noc
629 3323 752 3385 magnus
779 3304 865 3367 robis
892 3305 1004 3384 placet,
1033 3325 1090 3369 neo
1116 3307 1268 3380 modicus,
1296 3326 1353 3371 nec
1380 3309 1478 3394 iudea,¹

304 3422 363 3466 uec
382 3405 507 3468 amicus.
539 3405 630 3479 :Quid
650 3405 677 3468 si
698 3405 807 3468 ”nunc
818 3406 931 3469 eadem
958 3415 989 3469 et
1014 3408 1044 3468 in
1072 3414 1172 3469 vestro
1195 3407 1479 3487 deprehendissent

304 3504 436 3568 iudicem
459 3506 578 3586 quidem
600 3516 631 3570 et
650 3507 731 3569 illum
754 3525 823 3569 esse
851 3506 909 3569 iam
936 3507 1121 3569 ostendimus
1148 3508 1180 3569 in
1207 3508 1307 3570 libello
1337 3522 1422 3584 suo·,
1448 3514 1480 3573 ct

305 3604 344 3664 de
364 3604 461 3666 iudice
482 3608 653 3670 necessarie
681 3626 835 3682 severum,
870 3614 901 3670 et
928 3607 1099 3670 deserere
1127 3607 1201 3671 ²'sic
1228 3618 1258 3670 et
1285 3628 1424 3686 saevum,
1449 3606 1479 3675 ι’
1505 3664 1512 3693 Ι.

304 3709 404 3765 umen
426 3721 556 3765 saevom.
1210 3710 1216 3717 “

157 3832 305 3893 mmm,
389 3804 474 3866 Nunc
494 3813 525 3866 et
546 3804 583 3865 de
603 3805 815 3886 pusillitatibus
843 3813 873 3868 et
892 3806 1123 3886 malignitatibus
1151 3809 1318 3889 ceterisque
1345 3809 1428 3872 nob‘s
1449 3798 1509 3893 ets

305 3986 346 4036 lb.
364 3989 419 4052 quia
437 3994 530 4051 patrem
548 3990 638 4040 locat.
693 3991 733 4042 16.
756 3993 781 4042 iu
799 3993 847 4043 boc
864 3992 908 4044 AB.
960 3991 1000 4042 l'l.
1026 3994 1163 4057 quicunqne
1189 3995 1260 4057 erigit
1282 3996 1326 4045 AB.
1380 3994 1422 4045 18.
1439 3995 1480 4047 iu-

303 4054 509 4117 cogucscibiliqoe
530 4057 651 4107 Vaticanus
668 4074 737 4108 unca.
797 4059 837 4110 19.
856 4059 1048 4109 Conserrabatur
1064 4060 1125 4110 ABG.
1178 4061 1220 4111 20.
1239 4063 1319 4112 aiebat
1336 4078 1368 4123 a,
1385 4064 1479 4123 vitiem

303 4120 345 4171 21.
363 4122 435 4171 iudici
452 4122 516 4171 Folo.
530 4124 633 4173 Ursinus.
686 4125 727 4174 22.
745 4141 810 4177 nunc
828 4129 860 4188 d,
880 4142 910 4177 ea
927 4129 1037 4177 eamdut.
1051 4128 1126 4177 Fuluii
1143 4128 1220 4178 Ursini
1241 4136 1261 4178 et
1277 4130 1393 4179 Falerii.
1428 4142 1480 4181 uon

302 4189 407 4239 Addaia.
443 4189 506 4238 euim
523 4191 637 4243 latoius.
688 4192 730 4242 23.
748 4192 784 4243 sic
801 4201 893 4256 stepo.
926 4195 990 4245 sicut
1006 4195 1126 4247 alateo.
1161 4196 1255 4247 scilicet
1271 4197 1385 4247 misius.
1467 4230 1471 4237 -

337 4353 361 4404 b.
379 4355 428 4405 Sed
446 4364 469 4406 et
486 4371 561 4421 penes
580 4357 744 4407 uostristus
763 4361 786 4408 in
804 4375 863 4424 per·
913 4361 967 4423 ipse
986 4370 1038 4412 erat
1055 4363 1123 4422 deos,
1143 4376 1213 4427 qoem
1233 4363 1344 4412 homines
1359 4362 1480 4415 ridenti.

302 4433 363 4470 aona
382 4421 471 4471 Christi
489 4420 616 4489 accipitur]
634 4425 675 4472 Sic
685 4424 863 4477 babentmsm-
914 4429 955 4478 Sic
973 4428 1094 4479 Christum
1113 4445 1159 4480 nos
1177 4430 1315 4488 Christiani,
1346 4445 1395 4480 nou
1414 4430 1480 4480 ilar·
1500 4434 1507 4443 “

301 4486 408 4551 pteris„
434 4488 471 4538 lc
500 4498 578 4539 autem
605 4491 750 4553 Septimius:
785 4493 862 4544 Nemo
913 4495 1478 4561 cionitas,accipimussireintelligimusdsu!

301 4554 376 4605 bomo
394 4554 465 4604 deum
484 4557 540 4607 vidit
556 4558 644 4616 vivens,
662 4557 802 4621 inpersona
819 4577 863 4624 pa·
914 4564 937 4612 in
956 4577 1060 4626 persona
1080 4565 1177 4623 Christi,
1204 4564 1259 4627 quia
1284 4571 1308 4612 et
1331 4566 1379 4613 boc
1403 4562 1482 4631 modq
1506 4582 1512 4597 ³

302 4623 347 4672 tris
364 4622 465 4682 scilicet,
484 4624 630 4674 striderunt
647 4625 758 4674 homines
768 4636 862 4689 patrem
913 4637 996 4678 noster
1014 4636 1049 4678 est
1068 4630 1143 4691 deua;
1163 4644 1217 4679 uem
1237 4631 1344 4681 etbomo
1355 4632 1483 4683 cbristus·-

302 4689 326 4739 in
345 4691 404 4750 tilio,
428 4691 483 4753 qnia
506 4705 604 4753 semper
628 4693 675 4753 egit
699 4693 763 4742 lilius
781 4695 804 4742 in
824 4695 863 4744 dei
913 4695 1021 4756 (Rigalt.)

301 4759 378 4820 patris
402 4758 508 4807 nomine.
555 4758 625 4807 Pater
648 4766 727 4809 autem
751 4771 774 4809 et
798 4761 862 4811 sslius
947 4777 968 4813 c
992 4763 1016 4811 iu
1041 4761 1124 4813 libello
1148 4761 1205 4827 suo]
1232 4764 1291 4816 idi.
1315 4762 1480 4828 tardant,

301 4836 377 4876 unum
393 4832 458 4889 sunt,
481 4825 531 4877 sira
555 4839 616 4876 uuus
635 4826 703 4877 deus.
738 4827 779 4879 Sic
795 4829 861 4879 iilius
913 4827 946 4878 25
963 4842 1017 4894 sqq.
