3242 5775
690 466 728 509 ue
748 466 853 510 turm.
1296 452 1357 517 641

167 614 286 679 metim
309 613 501 695 semetipsam
523 613 554 675 in
576 614 764 693 expeditione
786 613 971 677 sumtautim
992 617 1183 696 recognoscit
1195 624 1228 681 et
1240 618 1272 679 in
1286 619 1362 683 divi·

165 716 308 779 wiern
329 714 396 795 ipsa
415 714 551 777 libertate
573 714 738 795 resipiscit,
761 722 795 775 ut
815 713 853 775 de
874 713 1011 777 ¹'somno
1026 734 1184 797 emergens
1197 716 1235 779 ah
1257 718 1362 799 huogi

168 816 274 879 uihus
297 815 333 877 ad
355 816 505 877 veritates.
550 815 635 876 Tunc
657 825 686 875 et
708 815 842 876 enuntiat
869 813 974 893 ¹'quae
1002 815 1098 891 videt,
1127 825 1199 880 tuuc
1224 817 1364 883 ”exultat

170 926 230 980 eut
256 915 402 996 trepidat,
425 925 515 995 prout
537 924 706 995 paraturam
727 914 923 977 ”devorsorii
945 916 991 977 sui
1008 916 1114 991 sentit,
1138 917 1175 980 de
1189 918 1285 999 ipsius
1290 928 1362 991 sta-

171 1018 232 1082 tim
260 1017 357 1096 augeli
380 1016 470 1090 facie,
492 1015 687 1077 ¹‘’evocatioris
710 1016 892 1088 animarum,
914 1016 1049 1079 Mercurii
1072 1024 1241 1097 poctarum.

272 1118 356 1190 ¹Quo
379 1117 469 1195 igitur
484 1116 645 1177 deducetur
659 1116 757 1178 anima
772 1118 830 1178 iam
846 1117 916 1179 binc
929 1117 1092 1181 reddimus.
1124 1118 1236 1181 Omnes
1251 1119 1362 1184 'ferma
1379 1138 1432 1196 cap.
1443 1137 1498 1183 mr.

170 1217 373 1300 philosophi,
407 1217 456 1296 qui
484 1217 734 1279 immortalitatem
757 1217 887 1291 animae,
919 1217 1210 1299 ”qualiterqualiter
1231 1220 1361 1297 voluut·,

170 1319 302 1383 'umen
314 1318 472 1391 vindicant,
485 1317 735 1397 ut⁴Pythagoras,
748 1326 781 1378 ut
791 1318 999 1398 Empedocles,
1012 1329 1044 1383 ut
1056 1320 1171 1396 Plator,
1182 1323 1292 1402 quique
1305 1322 1361 1385 ali·

171 1420 264 1503 quod
280 1418 323 1481 illi
339 1427 457 1498 tempus
472 1418 624 1498 indulgent
638 1419 674 1479 ab
698 1437 824 1481 excessu
846 1438 940 1498 usque
961 1421 991 1481 in
1007 1399 1270 1502 conflagrationem
1292 1422 1363 1486 u'ui·

169 1521 345 1593 versitatis,
361 1520 412 1580 ‘ut
427 1519 545 1592 Stoici⁰,
562 1539 632 1581 suas
649 1519 740 1591 solas,
756 1520 786 1580 id
802 1530 848 1582 est
862 1520 1062 1600 ‘sapientum
1077 1524 1191 1585 animas
1206 1524 1236 1585 iu
1253 1541 1361 1602 super-

170 1623 226 1685 nis
243 1620 453 1683 mansionibus
470 1621 623 1682 collocant
654 1621 736 1682 Plato
752 1621 871 1699 quidem
896 1640 955 1683 non
978 1630 1091 1684 temere
1112 1623 1363 1704 philosophorum

169 1719 359 1786 animabus¹
381 1721 438 1781 hoe
459 1730 604 1800 praestat,
628 1722 679 1782 sed
704 1740 809 1782 eorum
832 1722 881 1801 qui
898 1721 1119 1803 philosophiam
1134 1724 1249 1787 scilicet
1269 1740 1359 1786 exor-

169 1822 320 1888 naverint
340 1839 442 1882 amore
464 1828 653 1900 puerorum⁸.
686 1821 768 1882 Adeo
791 1822 880 1885 etiam
903 1823 982 1885 inter
1002 1824 1201 1905 philosophos
1222 1842 1363 1906 maguum

168 1924 273 1988 hahet
293 1921 479 2002 privilegium
502 1922 667 2000 impuritas.
712 1923 814 2001 ltaque
836 1924 913 2002 apud
935 1924 1017 1986 illurn
1040 1925 1070 1986 iu
1093 1926 1243 1989 aetherem
1266 1925 1362 1989 subli-

168 2031 304 2087 mantur
325 2021 439 2083 animae
463 2022 640 2101 sapientes‘‚
674 2023 750 2102 apud
773 2025 875 2085 Arium
903 2023 933 2085 iu
955 2024 1104 2100 ⁷aierem‘,
1136 2026 1214 2106 apud
1242 2026 1361 2088 Stoicus

169 2126 236 2188 sub
260 2123 393 2186 iurant.
447 2124 531 2196 Quos
555 2124 673 2202 quidem
696 2124 791 2184 miror
818 2124 898 2203 quod
920 2125 1124 2204 imprudentes
1147 2126 1262 2189 animas
1284 2125 1363 2188 circe

168 2233 292 2289 terram
325 2233 533 2303 prosternant,
568 2243 634 2284 cum
663 2225 745 2285 'illas
774 2243 791 2285 a
818 2225 1005 2305 sapientibus
1034 2226 1127 2288 mrdtu
1155 2225 1363 2307 superioribus

167 2326 295 2390 erudiri
317 2326 473 2386 affirment.
503 2325 557 2386 Ubi
582 2325 637 2386 erit
659 2325 795 2390 ”scholae
817 2326 902 2404 regio
923 2326 954 2386 in
976 2334 1055 2388 tauta
1078 2328 1217 2390 distantia
1234 2326 1361 2402 ¹⁰divor·

166 2424 358 2491 seriorum?
381 2443 438 2503 qua
460 2425 575 2486 ratione
597 2424 759 2505 discipulae
774 2426 810 2487 ad
827 2426 985 2506 magistras
1001 2427 1257 2501 ¹!couventahunt,
1279 2434 1361 2492 tauto

165 2528 354 2592 discrimine
377 2526 502 2586 invicem
525 2525 689 2587 absentes?
712 2526 778 2605 quis
801 2526 981 2588 autemillis
1005 2537 1162 2606 postumae
1185 2528 1362 2606 eruditionis

164 2647 256 2694 usus
280 2647 314 2690 ac
336 2630 463 2698 tructus,
485 2628 603 2687 iamiam
627 2627 859 2705 conflagratione
880 2627 1048 2707 perituris?
1087 2630 1226 2710 Reliquas
1248 2630 1362 2692 animes

164 2734 214 2795 ad
240 2730 355 2792 inferos
378 2728 517 2789 deiciunt.
562 2728 624 2788 llos
647 2727 730 2788 Plato
759 2729 838 2791 velut
866 2730 1011 2808 gremium
1041 2739 1139 2793 terrae
1166 2731 1309 2793 describit
1329 2729 1360 2791 iu

159 2828 366 2904 Phaedonei,
389 2847 448 2908 quo
472 2847 577 2890 omnes
599 2828 680 2890 labes
702 2829 895 2892 mundialium
918 2831 1052 2894 sordium
1068 2832 1247 2895 confluendo
1270 2840 1301 2894 et
1320 2829 1361 2893 ihi

161 2933 348 2997 desidendo
378 2930 529 3001 exhalent,
564 2929 622 2991 ¹²et
655 2932 738 3009 quasi
771 2931 893 2993 ¹³coeno
926 2933 1178 2995 immunditiarum
1213 2934 1360 2996 ¹⁴suarum

162 3033 392 3099 ¹⁵crassiorena
416 3032 553 3092 haustum
577 3040 606 3091 et
627 3031 774 3109 privatum
796 3032 856 3092 illic
877 3038 978 3093 aerem
1000 3033 1121 3112 stipent.

158 3183 221 3238 25,
243 3185 340 3234 somnio
358 3185 400 3244 Δβ.
454 3182 493 3231 26,
514 3191 536 3230 et
554 3183 617 3230 videt
635 3182 677 3230 dli.
731 3179 771 3228 ta.
791 3181 879 3230 exaltat
897 3181 922 3232 d.
981 3182 1021 3233 28.
1043 3183 1175 3233 devorsorii
1195 3183 1239 3232 ra.
1282 3180 1360 3229 direr-

157 3256 241 3304 torii
262 3255 286 3303 G.
322 3251 453 3299 deversorii
472 3253 509 3299 ob.
564 3249 602 3297 29.
623 3248 741 3296 vocatoris
760 3250 799 3297 lb.

251 3321 309 3382 Cap.
329 3318 383 3366 tlt.
422 3318 500 3366 1.οΕ
520 3316 662 3364 uacauit.
688 3315 982 3375 Quolouodld.)llit'.
1025 3314 1047 3364 2.
1068 3317 1199 3364 iermael.
1235 3312 1360 3375 lbqua-

157 3383 411 3451 literqualiterepo.
447 3385 549 3446 qualiter
565 3386 619 3432 libri
636 3398 721 3431 ornnes.
774 3380 798 3429 3.
818 3383 955 3430 tamendb.
991 3387 1081 3430 tautum
1101 3383 1194 3444 reliqui.
1249 3380 1273 3429 4.
1292 3387 1360 3442 pyta-

158 3455 315 3514 goresdd.
368 3453 391 3499 h.
411 3460 433 3500 et
452 3457 476 3500 Α.
531 3450 552 3498 6.
573 3451 717 3513 sapientium
734 3450 760 3498 Α.
796 3447 820 3495 l.
841 3448 937 3496 haerem
955 3448 999 3508 Λβ.
1051 3448 1075 3498 8.
1094 3448 1135 3497 illa
1153 3453 1203 3511 lq.
1261 3446 1285 3497 9.
1304 3460 1360 3494 teo-

158 3516 219 3571 lae
244 3524 286 3582 Αβ.
348 3518 385 3567 10.
412 3520 598 3567 diversoriorum
623 3518 695 3566 ucat.
744 3515 907 3565 deversorium
931 3515 956 3564 l.
1023 3515 1063 3564 ll.
1088 3515 1264 3565 conventabunt
1287 3513 1361 3563 ucat.

160 3587 450 3648 convertenturllirnp.
512 3584 549 3633 tt.
570 3585 711 3633 eromdli.
773 3582 810 3632 13.
831 3583 965 3643 οιεηολβ.
1020 3582 1059 3632 14.
1077 3597 1175 3632 suerum
1195 3597 1238 3632 ont.
1250 3583 1276 3632 l.
1320 3578 1360 3630 ld.

160 3657 330 3714 grossiorem
349 3654 409 3715 Apta.
446 3655 591 3715 grossiorem
611 3655 659 3715 lap.

217 3792 275 3852 (lap.
297 3788 352 3837 Lll.
385 3804 406 3835 a.
426 3785 634 3851 qualiterqualiter
653 3778 746 3846 volout]
832 3799 854 3844 g.
879 3780 942 3846 opud
961 3784 1041 3832 Arium
1060 3785 1083 3832 in
1103 3778 1196 3847 adrem]
1221 3780 1361 3831 Alexandri-

167 3852 224 3906 Sic
248 3855 371 3905 emendavi
397 3856 456 3903 baec
479 3855 558 3902 verba.
601 3853 624 3899 V.
645 3851 745 3900 llirlseu
798 3864 871 3908 uum,
895 3864 997 3912 opinor,
1027 3851 1199 3915 philosophum
1230 3849 1360 3909 celebrem,

167 3916 293 3974 Manuale
312 3938 335 3986 p.
349 3922 406 3971 798.
797 3919 838 3981 qui
857 3919 933 3978 gratie
951 3925 975 3965 et
993 3919 1134 3966 auctoritate
1153 3917 1216 3980 apud
1230 3918 1359 3978 angustum

217 4009 240 4057 b·
260 4015 285 4055 ⁰¹
304 4002 383 4069 Μ’]
404 4006 440 4054 ⁰¹·
460 4020 533 4067 sura
553 4020 604 4067 ⁶³¹³·
619 4002 659 4051 ²⁸·
797 3984 1298 4100 tt‘ttttttttdldttaltl'
1310 3982 1361 4098 ll

219 4107 240 4140 ‘²'
258 4088 390 4183 alwici]
410 4090 476 4149 ⁰l⁰⁸'
495 4088 572 4179 Lm
592 4087 639 4144 ω’
652 4085 708 4134 ¹⁵6⁰
797 4091 866 4168 milrit
884 4090 908 4166 el
926 4133 978 4180 cap.
997 4133 1065 4181 sequ.
1085 4118 1246 4175 (salonius.)
1269 4087 1304 4167 c't.
1317 4116 1360 4164 uto

219 4174 241 4222 ‘l-
261 4167 744 4237 1)Ῑ]ΙΙΟθθΡῙ1οῐ“ῐΠΉΝῙΜῙΜῙΠᾸἫιο
796 4187 864 4236 Cass.
884 4186 921 4234 Ll.
942 4184 1043 4249 cupid.
1069 4199 1122 4234 cum
1148 4184 1238 4234 adnuit.
1257 4183 1360 4234 Reimari

183 4235 271 4290 enred.
292 4257 316 4305 p.
328 4242 361 4290 69
372 4256 408 4303 sq.
799 4268 822 4317 p·
834 4253 892 4302 645,

219 4339 239 4373 e,
255 4326 421 4373 exornaverint
437 4337 519 4370 amoro
536 4315 747 4385 puerorumth-
834 4322 857 4369 h.
882 4318 946 4382 apud
973 4318 1068 4367 Stoicos
1093 4317 1138 4367 auh
1163 4310 1267 4382 lunam]
1294 4316 1361 4366 lianc

189 4393 257 4442 utitur
275 4394 298 4441 iu
317 4392 511 4452 suggillationem
532 4405 592 4453 quae
611 4388 678 4436 Plato
696 4387 747 4435 dis·
799 4388 937 4436 Stoicorum
956 4387 1094 4448 opinionem
1113 4392 1211 4435 secutus
1229 4391 1266 4432 est
1284 4382 1360 4430 Luca·

189 4466 250 4515 putat
268 4460 396 4522 Symposio
417 4474 469 4520 cap.
481 4456 573 4520 22sqq.
593 4472 615 4518 p.
628 4454 748 4518 203sqq.,
799 4469 845 4504 nus
864 4450 1001 4516 lll,6sqq.
1044 4454 1080 4503 ct.
1105 4452 1209 4501 llecroh.
1235 4450 1361 4499 inSomu.

192 4533 211 4571 tt
227 4527 334 4575 Phaedro
354 4542 405 4588 cap.
422 4525 453 4573 29
464 4541 516 4588 sqq.
536 4539 560 4587 p.
571 4522 620 4572 248
632 4537 686 4585 sqq.
799 4522 865 4583 Scip.
885 4522 903 4578 l,
915 4518 954 4568 ll.
982 4519 1089 4570 Lactant.
1107 4519 1135 4568 l).
1153 4520 1173 4568 l.
1192 4515 1288 4579 lll,r23.
1308 4526 1362 4564 cum

220 4593 234 4639 l.
262 4597 285 4643 in
313 4595 434 4641 aetherem
465 4593 626 4640 sublimantur
653 4590 747 4638 animat
799 4589 913 4650 interprr.

192 4658 319 4724 sapientes]
339 4661 398 4709 Ptat.
418 4660 526 4708 Phaedro
547 4659 562 4706 l.
577 4658 592 4706 Ι.
834 4656 849 4704 ἰ.
864 4655 887 4703 iu
897 4649 1040 4719 Phaedone]
1051 4645 1296 4714 l’lat.l’hred.p.lll
1306 4660 1361 4710 sqq.

220 4746 376 4790 retii-irum
392 4758 443 4788 ore.
456 4756 603 4788 snorutru.
623 4741 686 4785 Tum.
696 4739 724 4783 ll.
1175 4732 1205 4783 ll
