3242 5775
686 621 725 665 ns
746 621 848 673 mma.
1293 610 1365 693 ω.

183 772 362 852 extinguitur
383 789 471 850 quam
494 770 699 833 obumbratur.
740 770 848 833 Potest
867 770 947 832 anim
969 768 1157 844 obumbrari,
1187 772 1254 851 quia
1275 771 1356 840 ’non

183 885 224 937 st
246 874 339 946 dens,
363 872 494 951 extingui
517 890 577 933 non
592 879 709 951 potest,
732 872 801 951 quia
822 890 839 934 a
862 871 918 932 den
941 879 998 933 est
1035 870 1137 950 ltaque
1158 871 1236 936 sinent
1256 873 1356 938 lumen

184 975 296 1053 ‘aliquo
319 972 473 1034 obstaculo
495 973 670 1052 impeditum
697 981 815 1045 manet,
848 971 902 1034 sed
929 989 991 1032 non
1020 979 1188 1051 comparet,
1222 972 1249 1034 si
1277 982 1357 1037 tanta

183 1075 313 1138 lensitas
336 1073 480 1135 obstaculi
502 1073 624 1146 ⁴lnerit,
653 1074 694 1134 ite
721 1081 752 1134 et
778 1072 890 1134 bonum
911 1071 941 1133 in
966 1071 1064 1134 anima
1086 1091 1103 1133 a
1125 1071 1202 1136 melo
1225 1091 1355 1154 oppres·
1423 1062 1433 1081 ⁸

183 1194 245 1238 ium
268 1194 323 1254 pro
346 1173 485 1252 qualitate
508 1173 571 1235 eius
593 1182 643 1235 aut
663 1174 812 1243 intotum
836 1180 920 1234 racel
940 1172 1101 1235 ⁵oosultata
1121 1172 1206 1243 lnce,
1228 1183 1279 1238 urs
1297 1194 1357 1255 qus

183 1276 265 1338 latur
287 1274 381 1337 radiat
403 1275 518 1335 inventa
541 1273 684 1336 libertate.
734 1273 784 1335 Sic
810 1271 935 1351 pessimi
965 1280 995 1335 et
1022 1271 1127 1353 optimi
1156 1272 1292 1352 quidem,
1325 1286 1357 1344 et

183 1375 374 1438 nibilominus
398 1394 489 1437 unum
511 1394 616 1436 omnes
638 1375 754 1436 animae
776 1390 882 1452 genus.
916 1372 966 1434 Sic
988 1380 1018 1434 et
1038 1373 1070 1436 in
1090 1372 1229 1453 pessimis
1244 1374 1357 1455 aliquid

183 1476 269 1552 soni,
299 1485 330 1551 et
352 1477 381 1536 in
404 1476 526 1555 optimis
549 1474 685 1537 nonnihil
705 1474 839 1553 pessimi.
884 1473 973 1535 Solus
995 1474 1075 1538 enim
1097 1473 1172 1537 deus
1193 1476 1260 1540 sino
1281 1496 1355 1558 pen·

183 1586 263 1650 ato,
287 1588 317 1638 et
338 1576 421 1638 solus
443 1577 535 1637 bomo
558 1575 623 1637 sine
645 1584 766 1654 peccato
788 1575 944 1648 Christus,
967 1575 1035 1654 quia
1058 1584 1088 1636 et
1108 1575 1184 1638 deus
1208 1575 1355 1642 Christus.

183 1678 229 1741 iio
251 1685 283 1738 et
302 1675 441 1738 divinitas
464 1678 579 1737 animae
607 1676 637 1736 in
664 1677 818 1756 praesagia
848 1674 977 1755 erumpit
998 1694 1033 1737 ex
1055 1675 1135 1736 bono
1156 1676 1292 1756 ‘priore,
1325 1687 1357 1742 et
1428 1707 1437 1718 ,
1467 1679 1474 1690 “

183 1776 363 1864 muscientia
384 1776 432 1838 dei
447 1777 478 1837 in
494 1776 699 1839 testimoninm
713 1776 830 1855 prodit,
852 1777 932 1839 Deus
947 1775 1060 1850 bonus,
1083 1776 1144 1848 ⁷et,
1168 1775 1249 1838 Deus
1263 1776 1355 1855 videt,

183 1885 224 1953 ct,
253 1877 317 1939 Deo
346 1878 551 1939 commendo·.
605 1877 768 1955 Propterea
795 1876 874 1939 nulla
901 1876 997 1938 anima
1025 1876 1090 1939 sine
1112 1874 1253 1951 crimine,
1288 1878 1356 1959 quis

183 1978 259 2041 sulla
282 1978 346 2039 sine
369 1977 440 2039 boni
462 1978 586 2038 semine.
630 1977 759 2038 Proinde
781 1995 848 2039 cnm
871 1977 907 2040 ad
928 1977 1017 2040 iidem
1038 1977 1175 2057 pervenit
1195 1978 1355 2044 reformate

183 2098 231 2141 ser
252 2079 412 2141 secundam
434 2078 614 2139 nativitatem
637 2096 672 2139 ex
694 2096 768 2155 aqua
790 2086 820 2140 et
841 2096 970 2157 superna
992 2077 1113 2152 virtuto,
1135 2078 1267 2143 detracto
1283 2098 1353 2144 cor·

183 2180 332 2260 mptionis
355 2178 501 2258 pristinae
522 2179 625 2241 aulaeo
654 2187 744 2239 totam
773 2179 871 2241 lucem
892 2197 977 2240 suam
998 2178 1153 2258 conspicit
1203 2178 1356 2260 Excipere

192 2281 288 2344 etiam
309 2299 327 2341 a
349 2280 454 2367 spiritu
478 2287 598 2349 sancto,
632 2278 710 2339 sicut
740 2278 770 2339 in
791 2278 919 2357 pristina
940 2278 1089 2342 ustiutate
1111 2298 1128 2341 a
1149 2279 1258 2359 spiritu
1278 2300 1353 2361 pro-

183 2385 257 2443 auo.
303 2381 443 2460 Sequitur
465 2379 593 2441 animam
615 2380 775 2440 nubentem
798 2379 916 2459 spiritui
939 2381 1038 2453 carol,
1064 2387 1097 2441 ut
1118 2380 1216 2443 dotale
1238 2382 1354 2446 manci·
1416 2438 1419 2444 .

184 2482 278 2561 num,
300 2480 347 2542 ”et
368 2482 426 2543 iam
448 2499 510 2541 non
531 2480 647 2542 animae
669 2479 792 2552 lamule,
816 2480 870 2540 sed
891 2479 1025 2559 spiritus.
1057 2480 1353 2560 oseaeunwconu·

183 2584 278 2657 sium,
301 2581 328 2642 si
349 2601 410 2644 non
432 2580 585 2642 admiserit
606 2577 798 2642 adulterium!

264 2679 325 2743 ¹lle
347 2691 443 2744 morte
463 2683 521 2743 iam
545 2690 700 2760 superest;
731 2690 764 2742 ut
788 2680 850 2743 illic
871 2681 1062 2746 llmateriam
1088 2689 1183 2761 ponat
1208 2680 1259 2745 ubi
1286 2683 1353 2763 ipsa
1370 2701 1497 2762 caprum

183 2784 276 2846 mima
305 2792 518 2845 consummata
564 2783 747 2861 Quamquam
776 2782 941 2860 Epicurusb
972 2782 1084 2861 vulgari
1111 2783 1184 2845 satis
1211 2783 1354 2863 opinione

183 2883 294 2965 negarit
315 2894 441 2946 mortem
470 2886 506 2946 ad
528 2903 585 2945 nos
608 2882 766 2962 pertinere.
811 2882 900 2956 Quod
920 2883 999 2947 enim
1027 2883 1216 2959 dissolvitur,
1247 2884 1354 2965 inquit,

183 3005 273 3048 sensu
295 2995 391 3058 caret,
413 2986 461 3047 'et
482 2987 561 3065 quod
584 3004 676 3046 sensu
699 2994 794 3056 caret,
818 2985 893 3046 nibil
907 2985 943 3048 ad
959 3003 1026 3046 nos.
1060 2981 1240 3048 Dissolvitur
1253 2996 1353 3050 autom

183 3097 209 3149 et
229 3095 313 3148 caret
335 3105 426 3148 sensu
449 3105 509 3147 non
531 3088 597 3166 ipsa
620 3104 719 3157 mors,
742 3086 795 3146 sed
818 3085 908 3147 bomo
930 3087 980 3165 qui
1004 3104 1067 3146 eam
1089 3086 1209 3164 patitur.
1245 3089 1284 3149 Αι
1303 3087 1353 3152 ills

183 3188 206 3249 u
229 3187 313 3248 dedit
334 3187 504 3266 passionem
528 3187 611 3247 cuius
636 3195 681 3246 est
702 3185 789 3247 actio.
826 3185 961 3258 'Quodsi
984 3186 1116 3247 bominis
1133 3194 1180 3247 est
1193 3186 1255 3266 pati
1269 3207 1354 3250 mor«

183 3301 240 3351 em
262 3287 483 3349 dissolutricem
504 3287 659 3366 ‘corporis
683 3294 712 3346 et
729 3286 957 3366 peremptricem
974 3304 1095 3359 sensus,
1118 3304 1205 3364 quam
1219 3286 1353 3364 ineptum

183 3399 210 3451 nt
234 3397 314 3451 tanta
343 3389 388 3449 vis
417 3390 452 3449 ad
481 3389 631 3448 bominem
661 3404 722 3445 non
750 3385 901 3463 pertinere
930 3386 1052 3446 dicatur.
1102 3386 1193 3447 blulto
1223 3387 1354 3449 coactius

183 3492 318 3564 Senem,
342 3490 415 3550 Post
435 3499 578 3561 mortem,
601 3488 655 3559 ait,
680 3486 779 3545 omnia
801 3486 960 3556 liniuntur,
983 3486 1070 3546 etiam
1085 3486 1161 3565 ipsa.
1193 3486 1258 3546 lloe
1273 3486 1299 3548 si
1314 3487 1354 3548 ita

183 3599 506 3692 consenuisset.
567 3640 590 3690 3.
617 3639 714 3703 aliquod
733 3641 782 3701 aq.
844 3635 868 3685 4.
889 3637 1132 3687 lneritniasitslll.
1186 3637 1353 3689 boscnileto

189 3726 233 3760 nce
252 3713 274 3760 b.
310 3711 403 3759 occulta
422 3711 499 3758 snlnte
516 3710 591 3758 Anca.
635 3709 659 3756 6.
678 3707 778 3769 proprio
796 3706 859 3768 qu.
902 3704 925 3752 7.
945 3707 1010 3755 οιΑ.
1046 3707 1193 3771 estrels'qni.
1238 3704 1262 3754 8.
1281 3707 1353 3756 etism

183 3779 298 3840 sspiritu
319 3777 391 3827 noae.
433 3779 503 3826 etiam
529 3778 615 3840 spiritu
633 3779 658 3825 Α.
719 3774 743 3822 9.
769 3782 792 3822 et
818 3775 864 3823 inm
889 3787 937 3821 non
962 3775 1043 3822 onst
1105 3772 1144 3821 10.
1162 3773 1292 3822 connbinm
1310 3775 1353 3838 Αρ.

183 3846 327 3895 Danubium
346 3847 437 3909 reliqui.

248 3913 394 3975 Cepllbll.
434 3912 454 3961 l.
470 3912 508 3959 DE
525 3911 635 3960 MORTE.
661 3910 693 3957 [lc
711 3908 772 3957 lna.
808 3908 1053 3972 lbmateriameqo.
1090 3909 1352 3960 materialilriomnes.

183 3979 244 4028 bet
262 3982 356 4029 om.Ab.
409 3980 432 4029 3.
454 3982 510 4043 qnid
529 3981 549 4028 sl
567 3982 591 4028 Α.
644 3978 668 4025 4.
687 3976 797 4039 corporis
816 3984 839 4024 et
857 3977 1043 4040 peremptricem
1061 3979 1097 4027 bis
1116 3984 1194 4026 estant
1212 3977 1294 4029 teet.

215 4082 272 4145 Cap.
291 4082 349 4131 ΧΗ.
383 4098 404 4131 e,
423 4082 486 4129 Dens
505 4082 569 4130 bono
589 4105 619 4115 -
639 4105 670 4114 -
690 4079 740 4128 Deo
792 4078 948 4140 terpretando
966 4081 1087 4143 deponere,
1108 4079 1219 4141 desinere,
1248 4087 1271 4128 et
1298 4095 1354 4130 eon-

183 4148 350 4212 :ommendol
389 4151 425 4199 cl.
457 4150 490 4197 lle
514 4150 613 4197 Testim.
642 4149 740 4197 Animae
792 4162 905 4196 summere
923 4161 978 4196 esse
996 4161 1041 4210 pro
1060 4153 1190 4209 computare
1208 4153 1377 4198 etenensium*

183 4230 233 4279 zap.
248 4217 272 4265 2.
792 4215 908 4276 collique.
951 4213 1027 4263 lmmo
1055 4215 1114 4262 boec
1132 4214 1189 4262 dicit
1205 4213 1352 4277 Septimius:
1426 4219 1430 4228 “

217 4285 238 4332 b.
256 4286 369 4347 Sequitur
388 4286 491 4333 animam
505 4285 634 4332 nubentem
647 4282 740 4344 spiritui
792 4282 826 4329 De
845 4289 921 4331 morte
939 4281 986 4329 ianr
1005 4288 1118 4344 superest
1135 4280 1274 4343 dyispntnre3
1290 4283 1352 4332 edeo

183 4347 249 4413 :arel
268 4353 303 4401 Cl.
324 4355 356 4401 [le
375 4354 473 4401 ltesnrr.
493 4352 577 4400 Carnis
596 4366 648 4413 cap.
669 4350 711 4397 ult.
792 4355 819 4398 ut
836 4363 903 4398 mors
920 4347 971 4398 illic
988 4349 1112 4398 materiam
1137 4347 1275 4411 disputandi
1292 4364 1353 4413 snp-

218 4418 272 4481 Cap.
292 4421 361 4469 Xbll.
391 4437 413 4468 a.
432 4419 649 4468 utillicmateriam
668 4424 742 4481 ponat
792 4416 882 4478 peditat
900 4416 940 4463 ubi
959 4417 1011 4478 ipsa
1030 4416 1108 4463 anima
1127 4429 1179 4463 eam
1193 4424 1354 4481 consummet,

183 4484 224 4530 sbi
240 4488 290 4548 ipsa
309 4491 387 4536 anima
407 4483 578 4550 consummat]
606 4487 639 4533 lta
664 4485 741 4534 enrri-
792 4483 816 4531 id
836 4491 872 4531 est
889 4483 994 4546 prodigit
1012 4491 1036 4531 et
1053 4483 1155 4531 coniicit.

183 4553 283 4605 gendum
301 4557 377 4604 luisse
395 4571 439 4618 pro
459 4564 523 4603 certo
543 4563 587 4602 est.
611 4554 740 4601 librilem
826 4550 850 4599 b.
869 4545 998 4613 Epicurus]
1017 4550 1086 4611 [ling.
1103 4548 1352 4613 bsertX,124sqq.
1450 4589 1451 4594 ,

183 4622 265 4681 scripti
282 4639 352 4686 qnam
367 4624 423 4671 editi
442 4623 530 4669 babent
549 4626 654 4670 neoterio.
680 4623 741 4669 Sen·
793 4617 855 4666 Gall.
879 4617 907 4666 N.
925 4619 950 4666 d.
974 4616 1004 4680 ll,
1021 4616 1046 4667 8.
1096 4617 1132 4667 Cl.
1156 4617 1262 4668 Laclant.
1286 4617 1314 4666 ll.
1333 4616 1351 4664 l.

183 4690 271 4737 .entiae
288 4692 435 4739 satisfecisse
453 4691 498 4738 sibi
518 4692 560 4737 visi
579 4696 635 4736 sunt
653 4687 741 4736 Fcln-
792 4685 835 4745 lll,
854 4684 894 4734 17.

183 4749 241 4799 ⁰³⁰⁵
265 4766 287 4805 et
311 4759 361 4807 bic.
386 4758 501 4818 Rigallius
530 4773 615 4820 ponere
646 4766 743 4819 praeter
828 4769 848 4801 c.
867 4748 971 4816 Seneca]
990 4752 1026 4802 cl.
1045 4753 1135 4804 ednott.
1154 4751 1184 4803 ad
1201 4751 1236 4801 De
1254 4751 1352 4800 Restm.

183 4809 312 4875 leliliorum
333 4835 355 4875 et
373 4841 524 4875 communem
539 4827 603 4874 serbi
616 4838 684 4873 usum
703 4828 741 4873 in·
794 4820 879 4870 Carme
898 4836 950 4885 cap.
964 4820 985 4870 1.
