3242 5775
164 586 175 604 ⁵
236 623 298 690 '182
698 631 833 682 'moueri
853 637 996 682 lucrosus

233 793 326 856 sones,
343 790 449 854 amris,
467 790 589 841 stellurum
608 788 787 852 nominatius,
869 788 935 838 lulis
952 788 1079 852 praeterito
1097 796 1225 851 masuetus
1247 796 1370 854 tempore
1387 793 1458 854 gessit
1492 800 1512 851 ᾖ

234 877 379 928 Mssceutum
391 889 493 938 geneses
511 876 673 937 constringere
687 888 759 938 posse
770 873 844 923 rideri
872 872 1034 923 uertentem
1051 874 1154 937 uuimue,
1172 875 1244 938 sepis
1263 883 1388 926 munwte
1405 891 1487 927 renem.

233 961 347 1013 diturum
360 960 476 1024 inspiciis,
497 972 585 1023 resque
595 965 732 1021 exspectare
744 956 844 1019 luturss,
871 958 923 1008 lion
947 958 1005 1023 quia
1026 957 1152 1021 culparent
1175 960 1308 1023 homiues,
1334 974 1394 1011 nam
1418 971 1487 1026 sponte

234 1045 355 1096 Terribilis
372 1044 479 1107 magicus
495 1042 629 1104 relugurum
639 1042 739 1092 nuderis
750 1040 844 1100 ductos,
1175 1044 1277 1094 secuti:

196 1134 227 1185 15
237 1129 366 1182 Csodctsm
384 1128 471 1180 molem
488 1128 611 1190 mirantes,
634 1141 749 1191 spernere
766 1127 843 1188 ritum,
871 1126 912 1177 lllc
930 1125 985 1176 dolo
1003 1126 1086 1189 sursit,
1104 1127 1177 1176 homo
1196 1126 1320 1179 libertate
1339 1132 1439 1193 peregit

236 1214 331 1280 impulit
339 1215 364 1265 iu
373 1228 496 1279 praeceps,
514 1211 732 1262 scelerutuiusaniu
743 1225 844 1272 mersos,
904 1213 969 1262 llaec
987 1211 1043 1261 dum
1061 1212 1175 1262 contiuuo
1203 1227 1252 1276 per
1270 1214 1380 1264 saecula
1397 1216 1486 1280 pertidus

235 1300 355 1362 Sadfluiue
369 1298 508 1362 prudentes,
525 1296 654 1346 homicidis
666 1309 735 1346 suero
751 1296 844 1357 minari,
1175 1296 1254 1356 hulst,

235 1385 343 1450 Corpore
354 1384 379 1434 iu
394 1384 493 1435 ulterius
508 1380 843 1442 tuuccurnisrulousumsre,
872 1381 1052 1445 Consiliumque
1069 1395 1138 1430 suum
1156 1382 1272 1432 seductis
1286 1384 1410 1435 cordilsus
1422 1386 1512 1445 inludit

235 1468 353 1521 Ardentes
370 1469 451 1532 etism,
468 1467 545 1518 calide
562 1465 688 1515 dulcedine
706 1473 797 1529 captos,
871 1466 982 1529 speruus,
1001 1466 1062 1515 lieu!
1081 1465 1181 1515 sceleris
1199 1469 1303 1518 venum
1313 1484 1344 1519 se
1354 1471 1442 1521 stultus
1455 1472 1486 1520 ie

192 1555 343 1608 ldl'oeders
355 1548 845 1613 ostursetmumeuderecorporamunda
1177 1552 1247 1612 here,

237 1638 367 1704 Complexo
387 1637 491 1700 inluudo,
509 1650 591 1686 sexum
609 1634 728 1684 maculare
744 1634 844 1695 virilem,
871 1635 968 1697 lquerus
986 1634 1063 1699 qualis
1080 1641 1175 1685 muucut
1193 1639 1326 1688 sententis
1344 1638 1412 1702 lecti,

235 1724 362 1776 Veutionos
378 1737 438 1773 usus
455 1721 516 1785 vulpi
534 1720 668 1770 contamine
691 1720 777 1768 mixtos
869 1719 947 1770 'luris
965 1720 1134 1784 prophetarum
1152 1722 1225 1770 tectis
1244 1724 1378 1787 sepientis
1395 1725 1468 1775 serbis

235 1807 341 1872 filicitus,
366 1814 495 1874 castosque
512 1807 580 1856 sinus
597 1805 727 1867 generique
745 1802 845 1866 dirutos,
871 1804 961 1868 Spiritu
979 1804 1056 1868 deque
1074 1804 1112 1854 dei
1130 1819 1249 1868 praesaga
1273 1822 1340 1858 voce
1360 1810 1487 1874 loquuntur.

234 1893 261 1944 lu
279 1893 369 1944 coitum
386 1893 517 1950 obscemm
535 1905 578 1954 pro
596 1890 651 1940 luxu
665 1888 741 1938 suasit
753 1889 845 1938 haberi.
872 1888 967 1938 Publice
979 1904 1025 1937 nou
1038 1889 1109 1938 nudet
1123 1889 1249 1940 domiuum
1260 1893 1419 1945 maledicere
1428 1892 1513 1946 uudcli

233 2061 359 2128 Septimius
375 2064 504 2112 necessario
522 2061 641 2110 detritus
659 2060 708 2108 illis
723 2060 875 2123 praefandum
893 2060 939 2108 sili
956 2073 1006 2108 esse
1023 2060 1097 2118 ducit,
1117 2074 1145 2107 ne
1163 2076 1231 2123 quem
1248 2066 1363 2114 uarietas
1381 2069 1487 2131 operiris

233 2129 340 2249 ΔὲΓυο
357 2138 447 2193 reperta
464 2130 619 2192 contunderet.
648 2129 710 2185 Quae
726 2129 795 2175 cerda
812 2128 879 2188 fidem
895 2141 952 2175 sone
969 2128 1056 2190 iaciunt
1074 2129 1104 2174 iis
1122 2142 1180 2190 quoe
1199 2132 1413 2195 supradiximus,
1431 2140 1487 2184 triu

222 2193 246 2248 's
263 2199 322 2248 'icet
339 2198 450 2248 adsersus
458 2196 596 2247 Marcionem
613 2210 719 2247 curarum
736 2195 823 2243 nullam
839 2195 1043 2258 {uissepoeticom
1069 2194 1124 2243 llum
1143 2197 1163 2243 si
1180 2196 1232 2245 ulla
1248 2200 1354 2260 suisset,
1375 2218 1405 2251 ee
1422 2209 1488 2268 stiqsc

234 2267 265 2316 ds
280 2265 422 2330 reliquorum
438 2267 569 2316 conditione
587 2266 722 2328 recipienda
739 2266 829 2325 tranat,
854 2278 922 2326 quam
939 2263 989 2311 stili
1007 2264 1127 2311 diversitos
1150 2265 1179 2311 ul
1198 2269 1263 2313 omni
1285 2272 1431 2331 confusione
1446 2274 1488 2320 ris·

232 2333 337 2384 dionisi
371 2333 433 2383 illud
450 2336 519 2383 etiam
536 2332 710 2391 obsecrandum,
730 2332 792 2394 quod
808 2332 905 2393 primom
922 2330 987 2379 illam
1004 2335 1101 2394 feturam
1118 2346 1142 2379 se
1161 2333 1294 2382 rescidisse
1314 2341 1351 2385 uit
1362 2338 1485 2403 Septimiis.

234 2416 277 2452 nec
293 2402 318 2451 in
334 2402 416 2465 sslpm
434 2404 577 2452 emissenam
595 2402 714 2465 queritur,·
740 2405 765 2446 ut
790 2400 837 2447 ium
859 2399 969 2447 credibile
991 2415 1037 2448 nan
1060 2400 1090 2446 sit
1115 2401 1164 2447 eius
1189 2406 1346 2463 superfuisse
1375 2395 1487 2472 quicquan

230 2477 325 2534 praeter
341 2484 369 2520 es
385 2485 444 2534 quse
461 2472 510 2536 ipse
528 2471 553 2518 in
570 2469 693 2518 secundam
708 2466 835 2531 pleniorem
852 2467 987 2529 transfudit.
1015 2466 1175 2529 Vranssudisse
1194 2476 1274 2517 autem
1291 2475 1393 2535 poetica
1410 2478 1432 2524 si
1447 2491 1487 2526 cre·

233 2537 323 2598 dinus,
343 2538 386 2587 doc
403 2540 471 2587 etism
488 2540 601 2601 fatemur
618 2549 710 2585 neeesse
726 2540 774 2594 est,
801 2534 835 2583 sic
853 2534 973 2583 disiectum
988 2536 1062 2598 fuisse
1077 2541 1181 2597 poetam
1207 2542 1233 2584 ut
1251 2538 1306 2586 iasn
1324 2544 1431 2593 measse
1446 2547 1487 2592 cius

233 2605 333 2655 insenm
349 2612 463 2669 nequeant
479 2605 537 2654 ullu.
578 2604 646 2653 lmmo
665 2605 686 2653 si
703 2603 759 2667 quid
774 2603 890 2666 poeticum
906 2602 932 2650 in
946 2602 1073 2666 masclatis
1096 2603 1149 2651 istis
1174 2603 1387 2666 disputationibus
1405 2614 1485 2660 natali·

234 2680 281 2734 tur,
300 2672 377 2736 qualis
395 2688 423 2722 eo
439 2676 499 2736 [arte
515 2672 593 2732 Ponti,
619 2686 678 2735 quoe
694 2671 860 2734 praelationem
883 2671 994 2733 sequitur,
1020 2670 1152 2733 descriptio,
1178 2671 1229 2719 eius
1246 2677 1382 2736 oestiqiusn
1400 2681 1426 2726 s'n
1441 2682 1486 2728 tetis

187 2779 193 2799 ,
234 2741 337 2805 quisque
356 2739 484 2789 dorminum
500 2739 567 2789 lidris
584 2755 631 2789 non
647 2745 749 2803 apparet.
793 2738 920 2798 Postremo,
944 2739 1007 2801 quod
1030 2752 1117 2788 amnem
1140 2738 1227 2787 odimat
1253 2741 1446 2800 dubitationem¹
1469 2749 1486 2794 et

232 2810 310 2873 prium
326 2810 402 2870 {eluro
418 2823 497 2857 sersus
514 2809 539 2856 in
556 2807 692 2856 Marcionem
709 2807 770 2869 fudit
786 2806 917 2869 Septimius,
937 2821 986 2854 eom
1003 2821 1053 2855 cum
1069 2806 1172 2865 rescidit,
1192 2821 1274 2856 sersus
1295 2813 1350 2874 ipsc
1369 2828 1427 2864 suos
1441 2830 1485 2879 pes·

235 2876 366 2936 sumdcdit,·
385 2882 406 2925 et
421 2878 510 2939 {rustra
527 2876 664 2940 quaerimus.
700 2874 828 2924 Secundam
843 2888 896 2923 sero
914 2888 960 2923 non
975 2875 1048 2937 luisse
1063 2874 1176 2938 poeticam
1193 2876 1264 2924 tertia
1284 2877 1406 2943 declarat,
1428 2898 1485 2948 qm

237 2945 265 2995 de
282 2944 397 2993 secundae
414 2945 571 2993 emendatione
588 2949 610 2992 et
626 2943 802 3005 amplificatione
826 2942 973 3005 compositum
990 2943 1111 3006 Septimius
1134 2943 1262 3005 profitetur.
1303 2947 1345 2997 Sic
1363 2952 1437 3012 icitur
1451 2953 1484 2999 a.

234 3012 362 3062 soluimus:
382 3010 463 3061 Versus
479 3013 538 3059 istos
555 3010 730 3074 qualescumque
749 3009 885 3059 Tertulliani
900 3011 991 3059 nomine
1007 3012 1080 3073 {uisse
1097 3026 1112 3059 o
1129 3010 1244 3071 Fudrs'cio,
1267 3015 1325 3063 solo
1341 3020 1483 3082 manuaipn

236 3079 323 3129 codicis
340 3081 417 3129 nescio
436 3080 501 3130 cuius
519 3080 655 3129 auctoritate
671 3079 779 3137 odducto,
804 3078 936 3140 inscriptos.
980 3078 1045 3133 Ouod
1067 3092 1135 3141 quom
1157 3078 1204 3127 leue
1228 3094 1256 3128 ac
1281 3084 1401 3143 [rivolum
1417 3087 1483 3136 deleri

236 3147 332 3206 deleat,
356 3148 490 3210 praesertim
514 3161 565 3196 cum
588 3146 697 3195 nnninem
722 3146 808 3195 codicis
831 3145 897 3194 illius
919 3150 1019 3195 notorem
1043 3148 1100 3194 satir
1118 3146 1226 3195 idoneum
1243 3147 1377 3201 Fabricius
1397 3155 1480 3210 dederi,

234 3216 311 3264 sciunt
329 3216 460 3265 istiusmodi
477 3229 552 3264 rerum
567 3215 650 3278 periti,
678 3227 774 3277 quorum
795 3214 902 3262 monibus
924 3220 1014 3262 ocrsma
1037 3215 1202 3277 quaesitissimi
1220 3220 1329 3266 auctoris
1348 3222 1480 3286 exemptam

235 3289 325 3344 cetere,
351 3284 411 3332 eiiii
432 3284 547 3347 paelicum
568 3283 733 3331 renuntiarere.
775 3281 821 3331 Sed
845 3296 886 3331 nec
909 3286 1007 3330 ceterum
1031 3282 1167 3344 scriptorum
1184 3284 1312 3345 quisquam
1330 3288 1398 3337 inter
1412 3296 1479 3354 pactu

235 3352 380 3401 Christianos
400 3351 563 3400 Tertullianum
586 3351 762 3400 connumeravit.
805 3348 907 3398 Ceterum
924 3351 978 3399 iaec
994 3351 1122 3413 poematia,
1152 3352 1254 3413 quamuis
1276 3354 1405 3418 inaequali
1419 3358 1480 3406 ensi

232 3420 328 3483 ficalme
345 3421 404 3469 mdc
422 3421 523 3484 depceo,
551 3434 598 3468 non
621 3420 678 3468 odeo
702 3418 845 3481 spernimus,
872 3423 896 3465 ut
914 3418 986 3465 iniis
1004 3419 1126 3467 essedoni
1149 3418 1240 3481 aliquid
1264 3435 1400 3482 necemus:
1424 3428 1478 3473 im

233 3487 351 3551 plerisque
366 3488 424 3537 locis
443 3489 529 3536 utiliter
541 3502 591 3537 cum
604 3487 750 3550 Septimianis
761 3485 915 3535 Marcionites
933 3486 1042 3534 committi
1058 3491 1080 3533 et
1097 3488 1201 3548 componi
1219 3488 1378 3548 affirmamus.
1414 3494 1479 3557 ltaque

236 3554 1478 3621 mmmmmmmfflwmmmmwm

235 3636 318 3672 numen
335 3623 446 3673 incertis*
489 3624 566 3673 Codro
581 3638 623 3671 ms.
643 3638 672 3671 ea
689 3637 733 3686 quo
753 3621 777 3669 G.
789 3620 909 3668 Fabricius
927 3621 982 3669 llaec
1000 3623 1100 3669 carmina
1119 3621 1206 3679 edidit,
1233 3628 1424 3677 communicatus
1440 3642 1479 3678 cr!

235 3704 262 3738 eo
280 3697 329 3739 sent
347 3708 361 3740 a
380 3691 530 3740 lu.ileroltlo.
566 3691 634 3749 Alter,
663 3692 724 3740 unde
742 3689 898 3738 emendatiora
912 3689 1033 3752 prodirent
1050 3690 1167 3751 iturosque
1185 3704 1232 3737 non
1249 3693 1368 3746 innotuit.
1394 3696 1479 3746 necilli

234 3760 285 3821 ipse
303 3773 347 3822 qun
366 3759 484 3808 l'olricius
503 3765 536 3807 cst
555 3773 610 3806 usus
628 3759 697 3807 ltodie
714 3763 829 3821 superstes
847 3769 897 3805 esse
913 3757 1010 3805 uidetur.
1048 3756 1156 3820 opusculi
1174 3764 1293 3807 auctorem
1313 3760 1422 3814 Gallicae
1435 3778 1479 3827 pte

233 3826 315 3889 sapiae
332 3827 444 3874 hominem
461 3827 534 3889 [uisse
552 3827 664 3886 suspicor,
687 3826 825 3874 Victorinum
841 3823 1007 3881 Massiliensem
1024 3826 1144 3882 rictorem,
1171 3827 1218 3872 nisi
1235 3828 1316 3875 omniu
1342 3845 1382 3879 nse
1398 3833 1479 3895 {adut

236 3892 263 3940 tt
288 3907 344 3941 sane
361 3894 407 3942 lnc.
425 3894 508 3942 luctor
532 3893 560 3940 de
578 3893 617 3940 llll
635 3893 726 3955 Scriptt.
745 3892 831 3942 Eccles.
855 3893 888 3948 (in
908 3891 1008 3941 Volrieii
1026 3891 1083 3940 utut.
1102 3891 1189 3940 lieeles.
1206 3908 1229 3955 p.
1241 3890 1295 3947 69.)
1315 3898 1407 3961 capt,
1429 3914 1479 3949 ωι-

235 3967 344 4009 mentorat
366 3961 502 4010 Victorinum
520 3959 619 4021 uliqrrcm
637 3963 766 4024 episcopum
789 3961 829 4023 qui
852 3961 956 4009 dercilus
979 3961 1095 4023 scripserit
1118 3974 1188 4007 unum
1212 3963 1356 4022 opusculum
1381 3968 1479 4016 aelam

235 4027 388 4085 Masiciaeos,
415 4034 436 4075 et
460 4027 555 4075 alterum
573 4029 704 4085 „adsersus
722 4026 913 4077 Marcionistos.“
957 4028 1023 4083 Quod
1046 4027 1180 4091 opusculum
1201 4035 1256 4090 puto
1283 4045 1337 4079 esse
1363 4036 1479 4099 ipsa'tsre

235 4095 345 4143 adsersus
363 4094 507 4154 Marcionem,
528 4102 551 4142 ut
570 4096 638 4143 nodie
655 4097 818 4155 inscribuntur,
845 4097 954 4155 carmine,
982 4110 1106 4159 nomenque
1128 4094 1235 4143 Victorini
1253 4097 1385 4151 celebriori
1404 4102 1480 4152 Tertul-

236 4162 295 4210 liani
318 4164 414 4211 cessisse
437 4164 484 4211 sine
501 4177 578 4211 errore
595 4164 642 4212 sinc
658 4166 741 4225 [ruude
758 4165 874 4213 dominum
892 4164 931 4226 qui
949 4178 999 4211 cum
1016 4165 1077 4226 opud
1097 4163 1261 4211 Tertullianum
1280 4164 1398 4227 lepisscnt
1415 4171 1479 4234 operis

236 4235 316 4278 contra
333 4229 468 4280 Murcionem
488 4233 591 4279 extitisse
609 4233 658 4279 eius
674 4235 773 4295 priorem
792 4233 985 4294 compositionem,
1013 4246 1055 4294 pro
1079 4231 1120 4278 illa
1138 4231 1198 4279 ierne
1216 4233 1341 4293 interioris
1362 4245 1384 4286 et
1404 4238 1480 4288 soeculi

236 4302 258 4345 et
275 4298 362 4358 inpenii
380 4299 491 4358 inficetum
508 4302 606 4361 intertum
623 4302 751 4347 uenderent.
778 4300 846 4348 Metal
865 4306 885 4347 el
903 4300 995 4360 pronius
1014 4299 1152 4362 crispicionir
1170 4300 1220 4346 eius
1236 4311 1410 4360 orpunrentum.
1433 4309 1479 4366 inp.

236 4365 1478 4430 mmmstmfflmmmstpfflmqmfflmmmmmmm,mmmmm

236 4432 1480 4495 swmmemmmmmmcmnwmmnmmM-BummrmmcfflnMmmm

235 4501 271 4549 nel
279 4500 428 4550 Marcionites
440 4504 538 4550 carmine
551 4504 567 4561 l,
576 4502 607 4551 ll
616 4528 634 4536 ·
643 4502 692 4557 tu..
713 4513 732 4550 ct
752 4506 803 4551 item
821 4518 900 4552 sersus
912 4501 1020 4551 tto-96.
1031 4510 1050 4550 ct
1058 4501 1121 4550 99-
1129 4500 1183 4549 100.
1202 4510 1341 4565 repetuntur
1352 4511 1409 4558 Adr.
1419 4509 1477 4558 Mure.

239 4567 604 4629 VVM-Nimlffl-ffid
639 4571 1478 4635 &mmqmdmmMsmmmlmmtmmummmsmw

234 4638 1480 4707 MammwmfflwmwmmemwmmmAWMm

236 4705 1091 4771 mmmmmmMmmmmwpwmmwmwmt

302 4788 373 4838 stt.
393 4790 426 4839 lta
444 4791 526 4852 scripsi
544 4805 593 4838 cum
612 4790 713 4841 llartiio.
743 4793 810 4854 Vulqo
830 4798 891 4840 estat
909 4790 1057 4852 scelerisque
1075 4790 1140 4838 rium.
1193 4788 1269 4840 ull.
1294 4794 1367 4859 l'nlpo
1386 4795 1481 4860 loqueu-

235 4861 294 4919 tum,
313 4857 408 4907 Publrce
427 4872 473 4906 nou
492 4856 590 4906 uudcns.
