3242 5775
276 563 339 627 352
520 579 622 629 curnrt
645 578 775 621 serrmr
796 578 964 621 rxonsnrrs
986 577 1183 623 rxnruxcurrr

274 732 399 802 imum,
420 737 453 790 nt
474 746 510 789 ex
531 727 613 789 nullo
635 729 759 800 lactum,
781 737 816 789 ut
835 746 933 807 neque
954 747 990 790 ex
1011 728 1134 792 materis
1148 746 1246 809 neque
1261 748 1298 791 ex
1313 729 1380 791 deo.
1414 731 1454 793 Et

274 830 302 892 si
323 829 434 890 bonum
457 847 493 889 ex
514 828 624 902 nihilo,
647 847 700 890 cur
721 847 783 889 non
806 838 837 889 et
858 827 993 891 malum?
1017 829 1109 891 immo
1130 847 1184 892 our
1205 848 1268 893 non
1290 830 1392 894 omnia
1412 851 1451 894 ex

272 929 384 1002 nihilo,
412 929 438 990 ei
460 928 569 1007 aliquid
597 948 633 990 cx
659 927 777 990 nihilo?
820 928 883 991 Nisi
905 929 933 989 si
954 928 1137 992 insufficiens
1157 930 1215 993 luit
1234 930 1333 993 divine
1356 932 1454 995 virtus

272 1030 411 1091 omnibus
432 1030 651 1109 producendis,
674 1048 749 1108 quae
770 1029 879 1109 aliquid
901 1030 1059 1110 protulerit
1079 1049 1115 1092 ex
1137 1031 1240 1093 nihilo.
1284 1032 1342 1093 hut
1364 1033 1392 1094 si
1414 1053 1454 1096 ex

271 1130 392 1194 materia
414 1130 490 1192 mala
511 1130 623 1191 bonum
645 1131 809 1210 processit,
831 1129 899 1210 qnia
920 1149 1017 1210 neque
1038 1149 1074 1192 ex
1095 1131 1190 1193 nihilo
1212 1150 1309 1211 neque
1327 1151 1364 1195 ex
1380 1132 1454 1208 deo,

270 1231 431 1311 ’sequetur
452 1240 485 1293 ut
506 1250 542 1292 ex
564 1232 760 1293 conversione
781 1230 964 1309 processerit
976 1231 1119 1293 materiae
1137 1243 1240 1296 contre
1254 1232 1454 1313 ⁴denegatam

220 1312 228 1329 ⁹
272 1333 386 1395 aeterni
401 1333 640 1394 conversionem.
668 1333 712 1394 lta
732 1331 851 1394 ‘lende
864 1332 977 1394 bonum
991 1332 1135 1407 constitit,
1157 1333 1215 1395 iam
1235 1334 1357 1413 negabit
1370 1335 1454 1397 ller-

271 1452 416 1513 mogenes
443 1434 531 1494 ‘illud
559 1444 699 1494 constare
726 1433 872 1513 potuisse.
925 1433 1056 1494 Necesse
1083 1442 1131 1496 est
1157 1444 1256 1497 autem
1285 1455 1320 1497 ex
1350 1436 1453 1515 aliquo

271 1553 376 1597 eorum
397 1534 580 1614 processerit
602 1553 637 1595 ex
659 1533 767 1613 quibus
789 1534 906 1613 negarit
933 1533 1097 1613 procedere
1118 1535 1265 1614 potuisse.
1310 1536 1453 1599 Ceterum

272 1637 300 1698 si
321 1636 389 1697 ideo
410 1635 519 1697 malum
541 1653 603 1696 non
625 1654 661 1697 ex
682 1634 786 1709 nihilo,
808 1653 848 1696 ne
868 1634 916 1696 dei
938 1634 1005 1709 liat,
1027 1634 1065 1695 de
1085 1635 1170 1697 cuius
1186 1635 1452 1725 ,arbitrio'videbi-

272 1745 321 1799 tur
341 1738 465 1810 lactum,
495 1737 548 1797 sed
569 1755 605 1797 ex
626 1735 765 1807 materia,
793 1744 827 1796 ut
848 1735 944 1815 ipsius
967 1736 1008 1797 sit
1034 1735 1071 1798 de
1092 1735 1177 1798 cuius
1200 1737 1367 1799 substantia
1391 1740 1451 1814 erit

270 1839 395 1912 lactum,
418 1846 448 1899 et
469 1836 533 1909 bic,
556 1845 589 1898 ut
609 1837 686 1911 dixi,
708 1845 811 1899 auctm
824 1835 894 1897 mali
908 1836 1066 1898 habebitur
1080 1837 1170 1910 deus,
1193 1837 1243 1916 qui
1259 1856 1328 1900 cum
1344 1839 1449 1901 eadem

270 1939 379 2002 virtute
401 1947 432 1999 et
452 1939 603 1999 voluntate
624 1937 776 1999 debuisset
803 1936 923 1999 ‘omnia
951 1936 1031 1999 bona
1059 1957 1094 1999 ex
1123 1937 1245 1999 materia
1272 1939 1449 2019 protulisse,

270 2050 321 2104 tut
341 2048 456 2101 tuntum
470 2039 566 2114 bona,
588 2057 648 2100 non
665 2038 763 2100 omnia
779 2045 878 2100 tamen
892 2036 971 2099 bona
985 2038 997 2069 ⁷
1002 2039 1143 2118 protulit,
1166 2040 1219 2100 sed
1239 2039 1328 2101 etiam
1344 2041 1448 2124 mala·,

270 2141 372 2220 utique
394 2147 444 2201 aut
465 2141 568 2202 volens
590 2159 656 2202 esse
677 2140 769 2213 mala,
792 2139 819 2201 si
840 2147 959 2219 poterat
973 2139 1091 2201 efficere
1105 2139 1162 2201 ⁸ne
1176 2147 1296 2214 essent,
1320 2150 1446 2203 autnon

270 2241 388 2302 'valens
410 2241 528 2302 efficere
549 2240 647 2301 omnia
669 2239 762 2313 bona,
795 2238 822 2300 si
843 2238 936 2301 voluit
956 2246 987 2301 et
1007 2258 1069 2301 non
1090 2240 1174 2315 lecit,
1207 2239 1277 2301 dum
1300 2240 1376 2302 nihil
1397 2241 1444 2302 in·

269 2343 359 2405 tersit
378 2360 433 2421 per
454 2341 655 2404 intirmitatem
676 2341 816 2403 dominus
839 2347 943 2402 auctor
964 2340 1031 2402 mali
1054 2341 1185 2403 extiterit
1205 2359 1242 2401 an
1264 2358 1321 2419 per
1335 2340 1443 2402 volun-

271 2451 372 2507 tatem.
415 2443 474 2504 dut
501 2459 576 2522 quac
601 2442 657 2503 luit
683 2442 759 2504 ratio
786 2451 821 2503 ut
847 2459 913 2503 cum
941 2439 1021 2502 bona
1047 2442 1168 2504 lecisset
1190 2441 1301 2522 ¹⁰quasi
1334 2440 1444 2514 honus,

271 2544 358 2607 etiam
387 2543 462 2604 mala
491 2544 669 2622 protulisset
694 2543 713 2575 ¹¹
722 2542 806 2622 qussi
833 2560 895 2603 non
916 2540 1030 2615 bonus,
1067 2561 1134 2604 curn
1161 2561 1222 2603 non
1251 2542 1445 2621 congruentia

257 2633 328 2706 ‘sibi
341 2643 530 2705 solummodo
545 2643 659 2707 edidit?
692 2643 769 2717 Quid
792 2659 917 2705 necesse
939 2652 1002 2703 erat
1023 2661 1080 2704 suo
1102 2662 1194 2723 opere
1215 2642 1331 2722 prolato
1356 2644 1444 2705 etiam

268 2744 410 2807 materiae
430 2744 581 2822 negotium
604 2763 707 2807 ctxrare
726 2743 853 2823 proinde
874 2740 905 2805 et
931 2744 1040 2804 malum
1066 2744 1265 2823 proferendo,
1298 2742 1384 2806 solus
1411 2751 1445 2806 ut

269 2852 502 2925 cognosceretur
522 2846 620 2908 bonus
642 2847 679 2909 dc
702 2844 824 2918 ¹²bono,
854 2843 976 2906 materia
1002 2852 1101 2905 autem
1123 2843 1190 2906 l'ne
1211 2852 1445 2924 cognosceretur

269 2947 344 3010 mala
367 2947 404 3007 de
426 2945 528 3008 mdc?
571 2947 642 3008 Plus
664 2947 775 3009 bonnm
798 2944 952 3007 floruisset
983 2945 1048 3006 sine
1070 2945 1138 3007 mali
1159 2946 1268 3008 aillatu.
1311 2945 1387 3008 Nam
1415 2956 1446 3008 et

269 3048 472 3125 Hermogenes
495 3057 642 3125 expugnat
663 3030 848 3126 quorundam
871 3045 1158 3124 argumentationes,
1184 3045 1346 3108 dicentium
1370 3048 1445 3131 mala

268 3148 435 3210 necessaria
457 3147 552 3208 luisse
573 3147 609 3208 ad
631 3147 888 3210 inluminationem
909 3146 1057 3209 bonorum
1085 3166 1121 3208 ex
1142 3147 1301 3208 contrariis
1323 3147 1444 3209 intelle-

269 3251 444 3330 gendarum.
487 3248 566 3326 Ergo
596 3248 674 3309 “aut
700 3267 757 3310 nec
782 3256 942 3327 propterea
968 3249 1053 3310 locus
1081 3247 1149 3308 mali
1176 3248 1351 3328 proterendi
1378 3249 1444 3322 luit,

269 3360 320 3413 aut
342 3352 368 3412 si
392 3369 447 3430 qua
470 3349 524 3409 alia
548 3348 623 3410 ratio
646 3349 742 3428 exegit
764 3347 862 3410 ¹⁸illud
885 3347 1001 3421 induci,
1035 3367 1088 3409 cur
1115 3366 1174 3409 non
1205 3347 1263 3407 ¹⁶et
1290 3366 1326 3409 ex
1350 3350 1445 3412 nihilo

269 3452 401 3532 potuerit
422 3449 538 3524 induci,
560 3449 627 3529 ipsu
648 3448 764 3511 ratione
786 3455 960 3511 excusatura
983 3449 1177 3521 ¹⁷dominum,
1200 3467 1239 3510 ne
1254 3449 1323 3509 mali
1339 3458 1444 3512 auctor

269 3553 501 3624 existimaretur,
524 3568 599 3629 quae
614 3567 708 3623 nunc,
733 3548 826 3610 ¹⁸cxm
841 3547 877 3609 de
892 3549 1014 3611 materia
1030 3557 1183 3628 operatur,
1206 3549 1282 3610 mala
1298 3549 1443 3615 excusati

269 3653 301 3714 Si
324 3661 460 3726 excusat,
494 3652 568 3713 adeo
592 3650 702 3729 ubique
724 3657 754 3711 et
775 3648 905 3729 undique
926 3650 995 3712 illnc
1015 3649 1201 3729 compellitur
1223 3651 1361 3728 quaestio
1384 3671 1442 3732 qno

268 3754 387 3825 nolunt,
410 3753 459 3830 qui
482 3752 575 3829 ipsam
599 3751 666 3812 mali
689 3750 834 3811 rationem
856 3768 916 3810 non
939 3750 1150 3822 examinando,
1180 3769 1236 3812 nec
1257 3750 1442 3814 dinoscendo

268 3852 418 3932 quomodo
442 3850 537 3911 ¹⁹illud
560 3859 611 3911 aut
632 3851 687 3912 deo
710 3850 879 3912 adtribuant
899 3859 950 3912 out
970 3869 987 3911 a
1009 3851 1066 3913 deo
1088 3859 1238 3930 separent,
1261 3851 1400 3930 pluribus
1415 3862 1444 3914 et

267 3950 485 4029 indignioribus
508 3951 760 4013 destructionibus
781 3951 898 4013 ”deum
921 3951 1062 4013 obiciunt.

268 4068 293 4120 3.
312 4069 463 4133 seqniturl.
514 4070 539 4119 t.
558 4071 676 4132 denegant
694 4071 740 4120 ism
759 4071 850 4120 aeterni
867 4070 911 4121 le.
968 4071 1015 4120 th.
1039 4071 1118 4121 ldsls'sn
1142 4071 1280 4120 undeunde.
1334 4072 1359 4122 b.
1377 4073 1441 4123 itt

271 4136 295 4186 6.
314 4139 394 4185 omnia
413 4137 475 4185 bons
494 4151 521 4185 ex
544 4139 596 4199 Aa,
623 4139 689 4187 Folo.
706 4139 810 4187 llrss'sus.
869 4138 893 4186 l.
918 4137 1027 4203 protulit,
1053 4139 1096 4188 sed
1120 4153 1169 4200 epo.
1214 4138 1375 4202 protulisset,
1399 4138 1442 4189 ssd

269 4206 407 4268 beopcldus.
447 4203 589 4268 protulisset
606 4205 709 4255 Allobcd.
750 4205 901 4267 protulisset,
920 4214 960 4255 ont
977 4207 1014 4255 Fr.
1025 4207 1114 4256 lunius.
1175 4206 1200 4256 8.
1223 4221 1326 4256 necesse
1344 4215 1383 4257 sst
1399 4221 1441 4256 rs·

269 4278 316 4320 tem
335 4273 361 4320 Α.
397 4287 496 4320 necesse
514 4281 593 4320 esset:
612 4280 653 4321 aut
671 4273 696 4320 B.
742 4271 766 4320 9.
785 4273 868 4321 rolens
886 4276 937 4323 edd.
958 4275 1054 4322 Semlsrs'
1071 4280 1092 4322 et
1109 4273 1228 4336 leopoldi.
1274 4273 1313 4324 1⁰.
1332 4290 1380 4339 qus
1397 4275 1441 4324 la·

268 4341 349 4387 tinius.
392 4339 430 4386 ll.
450 4355 496 4402 qua
514 4341 627 4389 latinius.
671 4338 710 4388 tt.
729 4338 791 4387 bons
810 4342 835 4389 l.
884 4339 923 4389 1³.
942 4342 1076 4390 necech.
1111 4342 1293 4411 ceretanus.
1341 4342 1380 4392 14.
1398 4357 1439 4390 ss·

267 4406 359 4455 tent.
414 4405 451 4454 15.
472 4407 494 4454 id
512 4408 537 4455 A.
586 4404 624 4454 16.
644 4413 666 4453 et
684 4408 763 4456 emh
807 4406 978 4457 ltcennl.
1027 4406 1257 4458 tammonem.
1301 4409 1341 4459 19.
1359 4409 1454 4459 idest.

268 4472 313 4521 dec
332 4473 479 4522 tribuenti.
528 4472 568 4522 20.
588 4471 658 4520 deum
677 4474 793 4523 obiiciunt
810 4476 877 4525 cled.
912 4475 957 4524 deo
976 4473 1133 4525 obiiciuntll.
1169 4475 1216 4524 deo
1235 4476 1318 4525 dicunt
1335 4479 1362 4526 A.

302 4573 360 4635 Cep.
379 4572 422 4620 llll.
458 4587 480 4620 s.
499 4587 546 4621 non
565 4574 645 4620 omnia
665 4582 743 4623 lamen
762 4576 825 4624 bona
878 4575 974 4626 tulisset
997 4577 1068 4625 etism
1087 4574 1166 4637 male;
1191 4576 1293 4639 utique¹‘
1312 4583 1377 4637 cett,
1400 4576 1491 4626 rr..

266 4640 375 4704 protulit,
384 4639 425 4686 sed
437 4640 507 4687 etiem
518 4635 593 4702 mela]
604 4640 637 4687 lta
650 4642 826 4691 emendandum
880 4643 960 4693 lunius
979 4643 1055 4705 „lnou
1074 4643 1153 4692 omnir
1172 4652 1252 4693 tamen
1263 4645 1337 4705 bont)
1355 4652 1491 4708 prote-

266 4723 321 4756 esse
339 4707 470 4756 videbatur.
506 4706 621 4767 Rigaltius
639 4709 737 4770 scripsit
756 4718 827 4772 atque
879 4711 956 4774 iisset,
975 4713 1110 4762 autetiam
1123 4711 1200 4763 mals:
1220 4711 1322 4777 utiqns“
1341 4718 1396 4761 cett.

266 4776 371 4824 distinxit
389 4788 456 4835 „non
475 4777 554 4822 omnia
574 4780 652 4822 temen
672 4775 743 4836 bona,
767 4791 827 4839 pro·
