3242 5775
282 666 345 731 ott
535 678 637 733 omnm
660 676 791 725 smmum
811 674 978 721 monearis
1001 672 1198 718 rnnrmuum

280 832 361 897 enim
382 827 494 892 tardius
515 829 551 891 ad
580 830 692 890 interos
720 824 853 888 abstrahi
882 826 901 857 ¹¹
909 825 1024 899 mallet,
1058 843 1132 905 quae
1163 842 1219 886 nec
1245 823 1325 885 mori
1354 823 1449 885 voluit.

279 930 398 1008 Amabit
418 930 541 1011 impium
562 928 737 1001 haeredem,
771 945 826 1007 per
851 945 939 1006 quem
961 927 1058 988 adhuc
1078 925 1210 1006 pasdtur
1231 925 1308 987 luce.
1352 926 1409 987 dut
1429 923 1450 985 si

281 1053 340 1115 qna
360 1051 416 1114 pro
430 1034 520 1094 'certo
543 1029 651 1092 iniuria
674 1038 722 1108 est
742 1028 857 1090 tardius
879 1026 935 1089 sub
957 1038 1065 1089 terram
1081 1027 1216 1100 detrudi,
1238 1025 1344 1088 titulus
1360 1034 1451 1088 auten

279 1134 406 1196 iniuriae
434 1131 560 1195 cessatio
589 1139 636 1192 est
662 1128 852 1208 sepulturae,
885 1147 1028 1209 perquam
1062 1129 1196 1207 iniquum
1226 1126 1320 1187 ¹¹eam
1351 1126 1451 1187 iniuria

279 1234 356 1296 affici
377 1231 423 1293 cui
446 1250 506 1292 non
530 1229 749 1309 ”imputabitur
770 1230 899 1291 cessatio
922 1229 1095 1310 sepulturae
1116 1228 1152 1289 ad
1174 1227 1330 1306 proximos
1346 1226 1453 1287 scilicet

279 1334 445 1415 pertinens.
480 1331 597 1392 udiunt
617 1338 647 1391 et
668 1330 814 1391 inmatura
836 1339 932 1392 morte
954 1340 1128 1410 praeventas
1153 1329 1216 1389 ¹⁵eo
1240 1347 1339 1407 usque
1359 1327 1452 1406 vagari

281 1419 394 1507 ¹⁴istic,
416 1433 512 1495 donec
529 1430 710 1509 ¹'reliquatio
727 1430 911 1510 compleatur
925 1432 1099 1503 ¹⁸aetatum,
1123 1430 1291 1508 ¹⁹quantum
1308 1429 1452 1507 pervixis-

282 1543 367 1608 sent,
400 1533 426 1595 si
453 1551 514 1593 nou
542 1532 748 1612 intempestive
776 1531 953 1594 ”obissent
997 1533 1092 1594 Porro
1120 1539 1171 1592 aut
1197 1531 1360 1604 constituta
1389 1537 1456 1590 sunt

281 1646 417 1716 tempora
445 1633 618 1712 unicuique,
652 1641 683 1694 et
714 1633 877 1695 constituta
903 1632 1060 1713 ²¹praeripi
1088 1649 1181 1711 posse
1209 1628 1312 1690 ²'non‘
1329 1631 1456 1703 credam,
1489 1703 1494 1716 ,

283 1744 332 1799 aut
353 1736 380 1798 si
403 1735 563 1797 constituta
584 1742 655 1795 sunt
676 1733 810 1812 quidem,
834 1734 881 1796 dei
904 1743 1003 1795 tamen
1025 1733 1176 1795 voluntate
1190 1730 1236 1791 rel
1251 1730 1351 1811 aliqua
1371 1731 1454 1811 '’po-

242 1830 257 1845 ’
282 1843 389 1900 testate
410 1834 600 1907 mutilantur,
622 1834 731 1896 trustra
753 1834 942 1908 mutilantur,
965 1834 991 1897 si
1015 1835 1073 1895 iam
1095 1831 1210 1913 impleri
1232 1830 1457 1895 ”sustinentun

282 1938 341 2000 dut
368 1936 394 1999 si
422 1954 482 1996 non
512 1943 583 1996 sunt
610 1934 785 2006 constituta,
819 1935 898 1997 uuila
927 1935 982 1998 erit
1014 1934 1169 2015 retiquatio
1200 1943 1368 2013 temporum
1397 1952 1457 1995 non

283 2038 522 2101 constitutorum.
566 2036 670 2097 Adhuc
690 2035 805 2098 addam.
857 2037 934 2098 Ecce
962 2036 1037 2097 obiit
1051 2036 1139 2097 uerbi
1162 2035 1255 2114 gratia
1278 2034 1379 2097 intans
1402 2035 1459 2096 sub

283 2138 409 2202 uberum
436 2136 585 2211 sontibus,
616 2144 688 2216 puta
715 2155 795 2198 nuno
826 2155 902 2216 puer
930 2137 1067 2210 investis,
1101 2144 1172 2216 puta
1200 2135 1379 2216 vesticeps¹,
1409 2135 1460 2215 qui

282 2248 381 2303 tamen
402 2238 581 2318 ²'octoginta
603 2256 698 2299 annos
720 2238 852 2299 victurus
875 2237 996 2311 inisset,
1027 2238 1085 2298 hos
1107 2246 1283 2316 praereptos
1306 2245 1341 2298 ut
1361 2239 1462 2298 anima

283 2342 348 2405 eius
369 2339 419 2402 hic
438 2347 509 2419 post
531 2347 657 2400 mortem
680 2339 824 2417 transigat
839 2339 924 2419 quale
940 2336 1008 2401 est?
1038 2339 1171 2399 Aetatem
1188 2338 1266 2399 enim
1283 2356 1344 2399 non
1360 2347 1463 2417 potest

283 2459 390 2523 capere
412 2440 478 2502 sine
500 2458 644 2519 corpore,
677 2439 743 2519 quia
770 2458 825 2519 per
853 2458 978 2519 corpora
1006 2447 1166 2518 operantur
1188 2447 1311 2501 aetates.
1356 2438 1463 2500 Nostri

286 2550 384 2605 autem
405 2540 476 2602 ittnd
498 2559 618 2621 quoque
638 2540 819 2619 recogitent,
848 2558 973 2620 corpora
1002 2538 1103 2601 eadem
1132 2550 1303 2618 recepturas
1327 2541 1358 2601 in
1380 2540 1464 2603 ”re-

285 2641 471 2704 surrectione
491 2641 605 2703 animas
621 2640 651 2702 in
667 2641 774 2721 quibus
793 2640 1044 2704 ”decesseruntt
1078 2640 1187 2702 ²'idem
1203 2659 1274 2718 ergo
1289 2641 1462 2720 sperabun-

283 2750 333 2806 tur
355 2751 385 2804 et
405 2759 565 2821 corporum
587 2742 667 2803 modi
691 2750 720 2804 et
740 2741 889 2804 ”eaedem
905 2749 1034 2815 aetates,
1056 2760 1130 2820 quae
1145 2758 1305 2821 corporum
1320 2741 1463 2803 ”modos

281 2842 403 2906 faciunt.
437 2841 504 2915 Quo
526 2860 598 2923 ergo
619 2851 706 2922 pacto
729 2849 831 2922 potest
853 2843 974 2906 infantis
990 2842 1087 2906 anima
1109 2842 1158 2905 hic
1179 2843 1346 2921 transigere
1368 2861 1462 2923 prae·

281 2951 367 3023 repta
390 2951 540 3021 tempora,
568 2951 602 3006 ut
624 2944 811 3021 octogenaria
834 2954 970 3025 resurgat
1002 2944 1031 3005 in
1061 2962 1187 3024 corpore
1210 2944 1324 3005 mensis
1347 2943 1463 3006 unius?

280 3042 339 3104 dut
360 3043 387 3104 si
408 3043 458 3105 hic
478 3062 601 3106 necesse
624 3045 680 3106 crit
702 3063 735 3106 ea
765 3053 900 3125 tempora
923 3045 1040 3126 impleri
1065 3064 1139 3125 quae
1162 3049 1278 3107 fuerant
1299 3046 1463 3119 destinata,

280 3162 351 3208 num
375 3152 405 3206 et
427 3144 562 3205 ordi'nem
585 3144 677 3218 ritae,
700 3164 788 3225 quem
811 3146 917 3208 sortita
939 3156 1010 3208 sunt
1033 3155 1167 3226 tempora
1188 3147 1301 3225 pariter
1315 3166 1384 3220 cum
1401 3148 1462 3209 illis

283 3244 333 3308 hic
354 3245 543 3319 destinatum,
565 3247 677 3327 pariter
696 3247 746 3309 hic
766 3247 862 3309 anima
885 3249 1030 3319 decurret,
1054 3257 1087 3309 ut
1102 3256 1133 3309 et
1148 3248 1266 3310 studeat
1284 3248 1320 3310 ab
1333 3248 1463 3310 iniautia

284 3347 429 3427 pueritiae
456 3346 603 3426 delegata,
637 3356 667 3409 et
694 3348 798 3409 militet
819 3348 856 3410 ab
877 3348 1102 3411 ”adulescentia
1131 3348 1294 3411 ”iuventae
1321 3350 1463 3425 excitata,

254 3463 258 3473 ’
285 3455 315 3509 et
337 3457 456 3547 censeat
477 3466 493 3508 a
516 3447 633 3510 iuventa
654 3447 822 3511 ³³senectae
842 3448 1029 3530 ponderata‘,
1067 3458 1097 3511 et
1125 3451 1211 3511 tenus
1241 3449 1400 3530 exprimat,
1429 3459 1463 3511 et

286 3631 325 3681 11.
346 3633 503 3684 maiiettco.
544 3634 674 3684 maletto.
737 3634 775 3684 12.
793 3650 822 3684 ea
846 3636 956 3684 iniuriam
977 3635 1000 3684 11.
1061 3635 1099 3684 13.
1126 3636 1301 3706 imperaturo.
1361 3636 1460 3686 11111

283 3699 485 3751 neuoneutva
504 3701 554 3750 iiic
573 3701 684 3750 totuis
703 3702 780 3752 POST
800 3702 933 3752 MORTEM.
963 3705 1033 3753 Aiunt
1050 3704 1093 3753 to.
1148 3704 1186 3752 15.
1207 3718 1298 3767 eosque
1316 3706 1397 3766 sagari
1416 3707 1461 3766 Ati.

205 3815 208 3822 ,
286 3765 458 3828 16.1ειίοΑβ.
494 3769 564 3816 isthic
582 3769 654 3817 idad.
709 3769 748 3818 li.
767 3771 911 3834 relinquatio
930 3774 955 3820 Α.
1009 3770 1048 3820 18.
1068 3778 1171 3820 aetatum
1195 3771 1324 3831 (aestatum
1343 3771 1381 3836 A.)
1399 3773 1458 3822 aot.

284 3835 369 3884 aetatis
386 3837 480 3898 reliqui.
547 3834 587 3883 19.
605 3843 718 3897 quantum
738 3853 788 3900 ego.
832 3852 878 3901 qoa
904 3851 957 3887 cnm
982 3838 1058 3887 Aaou
1103 3853 1163 3901 ques
1187 3847 1235 3887 tum
1255 3841 1286 3898 1.,
1307 3853 1359 3888 conr
1377 3841 1460 3890 rateto

286 3901 376 3950 Ursino.
412 3914 514 3965 qoacom
533 3902 646 3950 Latinior.
704 3901 744 3952 20.
764 3905 873 3953 obissent
889 3907 914 3954 t.
957 3905 1074 3954 obiissent
1090 3908 1183 3969 reliqui.
1244 3904 1285 3954 21.
1304 3908 1415 3971 praecipi
1436 3907 1461 3956 G.

285 3965 325 4016 22.
344 3982 374 4016 ne
392 3968 488 4016 credam
507 3968 551 4016 Bu
585 3967 624 4017 23.
644 3977 788 4033 potestatum
807 3972 923 4021 usitantur
939 3975 989 4037 Δφ.
1034 3980 1154 4036 potestate
1175 3972 1315 4022 mutilantur
1332 3975 1377 4035 13.
1413 3989 1461 4038 po·

283 4041 396 4085 testatum
416 4034 556 4083 mutilantur
573 4035 634 4099 Bora.
688 4035 728 4087 tt.
747 4039 867 4088 sustinent
887 4039 924 4089 Cn.
977 4038 1017 4088 25.
1037 4041 1113 4089 txxx
1132 4055 1209 4089 annos
1226 4043 1252 4090 1.
1313 4039 1357 4089 26.
1375 4055 1459 4091 resor-

283 4101 415 4150 rectionem
433 4104 459 4151 t.
512 4100 776 4155 assumserunt.
825 4105 866 4156 28.
885 4107 949 4155 idern
968 4108 1012 4156 Aa.
1048 4107 1121 4155 iidem
1139 4109 1230 4172 reliqui.
1273 4106 1314 4157 29.
1334 4109 1464 4159 eedemd.

284 4165 325 4216 30.
350 4169 422 4217 modo
439 4169 484 4219 13.
544 4168 584 4219 at.
612 4170 773 4221 adnleseentia
791 4176 817 4223 Δ.
860 4174 1023 4223 adolescentia
1050 4176 1143 4238 reliqui.
1206 4174 1247 4224 32.
1271 4175 1382 4225 intentae
1409 4192 1463 4240 epo.

284 4234 377 4283 iureuta
395 4236 468 4286 icoo.
503 4237 596 4286 inventa
614 4238 639 4286 B.
692 4237 733 4288 33.
751 4247 848 4290 senecta
867 4242 898 4302 1.,
917 4243 942 4290 in
960 4242 1058 4290 Erratis.

317 4401 340 4450 d.
359 4417 418 4464 puer
442 4403 548 4462 investis,
571 4412 628 4468 pute
651 4402 781 4470 vesticeps]
805 4407 843 4457 Ci.
928 4408 944 4456 1.
965 4417 990 4457 nt
1008 4418 1031 4457 et
1049 4409 1144 4459 stodeat
1167 4409 1196 4457 ab
1221 4410 1320 4459 intentis
1340 4413 1464 4474 pueritiae

282 4467 316 4516 [ie
335 4469 396 4530 virg.
415 4470 510 4519 Veiaud.
530 4487 583 4535 cap.
597 4472 620 4522 8.
893 4474 1001 4537 delegata
1015 4500 1045 4510 -
1066 4484 1220 4526 —senectae
1238 4476 1386 4541 ponderata}
1406 4479 1462 4529 Pri·

316 4550 338 4583 o.
356 4534 525 4602 decesserunt]
542 4540 614 4588 Liber
631 4540 750 4601 egobardi
770 4539 842 4589 habet
893 4556 946 4590 mae
964 4545 1049 4592 aetatis
1073 4553 1109 4594 est
1133 4545 1240 4599 studere,
1264 4545 1367 4595 alterins
1392 4547 1461 4596 miti-

281 4603 445 4653 discesserunt.
477 4604 505 4653 Et
523 4619 581 4654 sane
600 4621 647 4656 noa
666 4607 741 4656 semei
761 4609 842 4672 posuit
892 4617 957 4669 tare,
982 4613 1066 4660 tertiae
1091 4626 1204 4669 censere,
1234 4611 1249 4659 i.
1264 4627 1286 4661 e.
1304 4627 1410 4662 censura
1436 4623 1464 4674 et

280 4670 412 4734 Septimius
430 4673 549 4721 discedere
574 4688 618 4736 pro
637 4674 763 4734 decedere,
787 4677 803 4725 i.
819 4690 841 4724 e.
893 4677 1018 4740 prudentia
1056 4680 1097 4728 nti.
1149 4680 1279 4736 Eccitntoor
1314 4680 1374 4729 dicit
1405 4683 1461 4731 ani-

279 4736 386 4798 dctungi,
411 4740 481 4787 mori.
522 4739 558 4789 ct.
582 4755 655 4803 sopra
675 4740 780 4804 opat.
806 4742 840 4792 De
892 4758 954 4792 mem
973 4745 1084 4795 videlicet
1102 4747 1131 4795 ad
1150 4747 1257 4796 actiones
1276 4747 1417 4797 laboriosas
1436 4756 1464 4799 et

276 4803 351 4854 leion.
372 4819 425 4868 cap.
437 4804 475 4854 12.
511 4807 576 4855 Adde
594 4807 629 4856 sse
646 4808 744 4858 itesam.
754 4809 840 4859 Carnis
892 4812 1011 4860 inventute
1039 4813 1135 4874 dignas,
1168 4822 1197 4862 nt·
1218 4814 1393 4879 interpretatos
1422 4825 1468 4866 est

276 4885 331 4933 cen.
347 4870 388 4922 60.
407 4873 462 4923 adn.
482 4875 534 4922 crit.
891 4878 1033 4942 Fr.lnnius;
1051 4882 1320 4946 cormonomioatiros,
1331 4883 1465 4947 qnirnlgo
