3242 5775
299 623 341 685 20
552 632 655 686 cumn
677 631 808 675 ssrrmn
830 628 996 674 rnonsnrrs
1019 626 1216 676 amaneum

300 804 371 849 vero
387 783 559 870 ,doctrinam
581 783 618 844 de
639 780 794 843 mendacio
816 776 1074 862 praeiudicandam
1096 796 1172 858 quae
1194 775 1289 857 sapiat
1303 785 1410 839 contra
1423 794 1479 838 ne·

299 863 428 950 ritatem
439 865 630 948 ecclesiarum
653 890 683 944 et
703 883 908 963 apostolorum
931 867 1068 941 ‘'OEristi
1091 890 1121 940 et
1138 878 1196 949 dei.
1234 878 1379 958 Superest
1392 895 1478 957 ergo,

299 997 334 1054 ut
354 986 612 1058 demonstremus,
637 984 700 1045 “an
721 984 795 1045 haec
817 991 919 1044 nostra
941 980 1093 1054 doctrina,
1116 980 1201 1041 cuius
1223 978 1356 1058 regulam
1386 995 1480 1058 supra

301 1087 464 1161 edidimus,
493 1086 531 1148 de
558 1085 763 1165 apostolorum
785 1083 944 1145 traditione
971 1082 1156 1153 censeaturl,
1190 1090 1220 1142 ct
1248 1099 1284 1141 ex
1311 1078 1371 1142 hoc
1398 1080 1480 1159 ipso,

303 1188 368 1250 ¹‘au
389 1196 505 1250 ceterae
531 1188 568 1248 de
595 1185 748 1248 mendacio
776 1184 905 1246 veniant.
956 1181 1215 1244 Communicamus
1244 1199 1310 1242 cum
1340 1179 1478 1242 ccelesiis
1504 1225 1513 1232 -

264 1271 267 1338 ἶ
299 1289 490 1372 apostolicis,
521 1287 602 1368 quod
632 1285 736 1347 ¹⁶nulla
764 1285 898 1346 doctrina
925 1285 1052 1346 diversa.
1103 1283 1169 1343 lloc
1194 1289 1241 1344 est
1269 1280 1477 1342 testimonium

145 1419 159 1448 ο
302 1389 446 1453 veritatis.

167 1507 295 1566 cepuu.
390 1490 450 1551 Sed
472 1488 610 1568 quoniam
634 1487 709 1548 ¹tam
732 1486 866 1566 expedita
894 1486 1031 1566 probatio
1060 1495 1123 1558 est,
1151 1492 1200 1557 ut,
1234 1482 1261 1543 si
1283 1482 1382 1545 statim
1404 1489 1501 1560 pro-'

303 1594 429 1665 feratur,
451 1590 524 1651 nihil
546 1590 604 1650 iam
627 1588 667 1649 sit
688 1587 923 1661 retractandum,
952 1606 987 1649 ac
1008 1586 1034 1647 si
1057 1586 1173 1665 prolata
1194 1603 1256 1645 non
1278 1584 1356 1645 sita
1378 1581 1482 1657 nobis,

305 1692 404 1755 locum
426 1689 547 1752 interim
569 1690 673 1750 demus
696 1689 831 1750 diversae
852 1689 946 1768 parti,
974 1688 1098 1767 siquid
1120 1693 1226 1767 putant
1246 1685 1283 1747 ad
1303 1684 1481 1745 'infirman-

306 1792 374 1854 dam
395 1793 473 1853 hanc
499 1789 783 1870 'praescriptionem
815 1807 935 1850 movere
964 1806 997 1848 se
1025 1806 1132 1867 posse,
1166 1787 1264 1848 solent
1291 1786 1388 1847 dicere
1418 1801 1482 1848 non

307 1892 406 1953 omnia
428 1891 583 1971 apostolos
607 1892 718 1963 scisse,
741 1890 844 1951 eadem
867 1888 965 1967 agitati
988 1888 1134 1950 dementia
1157 1908 1215 1967 qua
1229 1887 1353 1948 ⁴susum
1367 1885 1486 1948 'rursus

307 2000 500 2055 convertunt·
522 1991 621 2053 omnia
643 1992 761 2071 quidem
782 1989 936 2070 apostolos
958 1989 1071 2063 scisse,
1096 1990 1235 2051 sednon
1257 1988 1356 2049 omnia
1378 1986 1482 2047 omni-

306 2092 363 2156 bus
386 2093 552 2165 tradidisse,
575 2092 756 2171 inutraque
779 2090 929 2152 Christum
949 2089 1179 2170 reprehensioni
1200 2089 1390 2161 ‘inicientem
1413 2087 1484 2167 ’qui

307 2202 358 2256 aut
378 2194 477 2255 minus
496 2193 660 2256 instructos
683 2200 733 2254 aut
753 2210 858 2271 parum
879 2191 1028 2271 simplices
1050 2191 1205 2270 apostolos
1227 2190 1349 2252 miserit.
1405 2188 1485 2261 Quis

306 2295 415 2375 ⁷igitur
435 2295 584 2374 ‘integrae
606 2292 714 2355 mentis
736 2293 857 2354 credere
883 2300 984 2373 potest
1011 2291 1120 2371 aliquid
1150 2310 1204 2352 eos
1227 2291 1381 2369 ignorasse
1403 2308 1484 2369 quos

306 2396 466 2476 magistros
489 2395 629 2457 dominus
647 2393 738 2467 dedit,
761 2392 931 2454 individuos
945 2392 1075 2454 ⁹habens
1090 2392 1121 2453 in
1137 2392 1287 2464 comitatu,
1311 2392 1342 2452 in
1357 2389 1483 2452 ¹⁰disci·

305 2496 419 2575 pulatu,
441 2496 472 2556 in
494 2496 640 2568 convictu,
669 2495 778 2575 quibus
801 2494 929 2556 obscura
957 2512 1090 2574 quaeque
1113 2493 1278 2554 ¹¹seorsum
1301 2492 1483 2566 disserebat,

305 2594 365 2657 illis
388 2595 491 2655 dicens
514 2596 614 2655 datum
636 2613 704 2656 esse
726 2612 908 2673 cognoscere
929 2613 1050 2668 arcana,
1080 2613 1155 2673 quac
1176 2594 1286 2673 populo
1308 2591 1485 2672 intellegere

307 2713 370 2757 non
391 2692 518 2757 liceret?
563 2693 663 2755 Latuit
683 2693 792 2773 aliquid
814 2693 935 2755 Petrum
958 2694 1182 2757 ¹²aedificandae
1204 2694 1346 2757 ecclesiae
1368 2701 1488 2771 petram

309 2796 435 2870 dictum,
470 2795 611 2856 ¹²lclaves
639 2796 723 2873 regni
751 2795 899 2856 caelorum
928 2803 1121 2858 consecutum
1150 2804 1180 2857 et
1209 2795 1342 2857 solvendi
1364 2801 1395 2855 et
1416 2792 1486 2855 alli·

308 2897 397 2977 gandi
419 2898 450 2959 in
472 2896 560 2959 caelis
590 2905 620 2958 ct
640 2896 672 2957 in
699 2896 787 2957 terris
815 2896 1019 2976 potestatem?
1061 2898 1163 2960 Latuit
1183 2905 1214 2959 ct
1235 2897 1403 2958 ¹³loannem
1426 2895 1486 2957 ali·

308 2997 397 3078 quid,
429 2997 656 3059 dilectissimum
689 2997 828 3072 domino,
861 2998 976 3078 pectori
1009 2998 1073 3060 cius
1101 2998 1306 3070 incubantem,
1344 2997 1390 3059 cui
1424 2995 1486 3057 soli

309 3098 448 3160 dominus
470 3098 572 3159 ludam
596 3098 767 3160 traditorem
791 3098 1082 3178 ¹⁴praemoustrarit,
1112 3119 1199 3180 quern
1221 3100 1287 3161 loco
1311 3117 1366 3160 suo
1389 3097 1487 3160 lilium

308 3199 417 3261 llariae
439 3198 650 3261 demandavit?
695 3200 772 3273 Quid
802 3218 856 3261 eos
884 3199 1039 3279 ignorasse
1061 3201 1154 3262 voluit
1175 3200 1283 3281 quibus
1306 3199 1394 3261 ctiam
1416 3199 1487 3278 glo-

308 3299 383 3361 riam
406 3319 489 3361 suam
506 3299 640 3362 exhibuit
655 3301 817 3380 etlloysen
834 3309 864 3362 et
879 3301 1010 3363 ¹⁶llelian
1032 3309 1062 3363 ct
1083 3302 1208 3381 insuper
1228 3302 1266 3362 de
1287 3300 1368 3362 caelo
1390 3298 1488 3379 patris

310 3399 463 3462 ¹⁶vocenri
496 3419 557 3461 non
579 3402 664 3480 quasi
687 3411 804 3461 ceteros
826 3402 1007 3479 reprobans,
1040 3402 1094 3462 sed
1117 3401 1302 3481 ¹⁰¹’quoniam
1329 3401 1360 3462 in
1388 3400 1491 3463 tribus

310 3518 351 3568 1³.
370 3519 458 3569 Christi
475 3519 519 3580 Αβ.
560 3527 584 3568 ct
602 3518 689 3568 Christi
707 3520 799 3583 reliqui
861 3518 901 3568 14.
919 3533 948 3567 sn
967 3518 1027 3569 haec
1051 3526 1134 3568 uestra
1151 3520 1238 3571 dated.
1280 3534 1309 3569 ιιι
1336 3525 1418 3567 ιοιιιι
1444 3519 1491 3570 sc.

310 3586 351 3636 tt.
370 3601 400 3633 an
419 3587 498 3634 camd.
552 3585 592 3634 16.
611 3587 671 3635 nulli
690 3589 723 3647 d.,
744 3587 776 3635 lo.
795 3601 810 3634 a
831 3585 939 3635 Wouuer.

379 3652 437 3713 Cap.
456 3650 525 3700 llllll.
575 3652 597 3699 1.
618 3661 667 3701 tum
687 3654 745 3702 lida.
797 3651 821 3701 2.
848 3652 1016 3702 infirmandum
1035 3654 1060 3702 o.
1082 3654 1214 3704 Vaticanus.
1275 3652 1298 3702 3.
1323 3652 1393 3703 etiem
1412 3666 1489 3716 prae·

309 3718 466 3781 scriptionem
484 3719 534 3780 lp.
586 3717 611 3766 t.
630 3733 712 3767 susum
731 3733 817 3768 rursus
840 3721 875 3780 l,
895 3726 915 3768 et
933 3720 1079 3770 divionensis
1097 3728 1154 3771 teste
1170 3722 1278 3785 llipaltio.
1313 3733 1409 3772 annum
1431 3734 1490 3770 rnr-

309 3798 353 3834 ιιι
371 3785 396 3833 li.
432 3797 517 3833 susum
535 3784 614 3833 iusum
632 3785 752 3847 iiipattius.
795 3800 880 3835 rursus
896 3788 989 3850 reliqui.
1042 3787 1066 3837 5.
1085 3789 1210 3838 inicientes
1226 3788 1288 3839 ABG.
1329 3787 1488 3838 subiicientes

308 3853 403 3916 reliqui.
456 3849 480 3900 6.
505 3852 560 3914 quis
580 3859 605 3900 ut
624 3851 647 3900 0.
670 3853 798 3902 Vaticanus.
840 3854 880 3916 qui
905 3861 931 3902 nt
949 3854 972 3902 li.
1026 3854 1050 3905 t.
1070 3856 1143 3917 igitur
1160 3857 1200 3905 lu.
1242 3857 1306 3903 enim
1324 3856 1417 3919 reliqui.
1460 3853 1486 3904 8.

309 3919 374 3968 inter
390 3925 499 3967 amentes
517 3919 542 3967 lt.
584 3919 608 3968 9.
628 3919 720 3968 habens
735 3921 776 3970 ild.
811 3920 908 3969 habitus
923 3921 946 3969 d.
983 3921 1079 3971 liabitas
1095 3924 1188 3987 reliqu.
1232 3921 1270 3970 10.
1289 3921 1488 3985 disciplinatnli.

311 3985 353 4035 11.
371 3998 481 4034 seorsum
499 3985 577 4035 isca.
612 3986 714 4034 seorsim
733 3990 784 4037 led.
839 3987 877 4036 tt.
896 3987 1038 4038 aedillcendi
1056 3990 1183 4039 eeclesiam
1201 3989 1228 4038 ll.
1272 3987 1334 4038 l2b.
1355 3989 1491 4050 stantano.

311 4051 353 4102 1³.
372 4051 503 4101 lohanncm
526 4053 561 4112 i,
586 4067 627 4116 pra
650 4069 721 4102 ancre.
780 4055 821 4103 14.
845 4059 1046 4119 praemonstravit
1066 4058 1189 4120 Aampicd.
1232 4057 1405 4106 demonstravit
1428 4056 1489 4107 tica.

313 4119 445 4236 i'stp’ieanps.
500 4118 539 4168 15.
558 4119 643 4170 llslian
661 4123 703 4170 la.
740 4121 834 4171 ileliam
850 4123 944 4188 reliqui.
997 4123 1037 4173 ld.
1055 4139 1137 4174 vocem
1156 4132 1252 4175 ceteros
1270 4125 1295 4173 li.
1341 4123 1373 4172 16
1382 4124 1405 4173 b.
1425 4137 1490 4187 qno·

311 4200 386 4236 mac
423 4222 430 4234 .

345 4282 527 4350 1.ιιιιιιιιιι]
557 4286 680 4349 originem
705 4289 799 4339 habeut.
836 4290 871 4341 ci.
924 4291 1034 4342 elevaris.
1060 4292 1104 4342 llls
1123 4293 1185 4342 enim
1203 4307 1303 4357 semper
1312 4306 1409 4342 sursum
1423 4292 1487 4343 sst“

312 4355 402 4405 adnott
421 4355 452 4404 ad
470 4355 504 4404 lle
522 4355 618 4406 Corona
636 4355 736 4420 cepld.
923 4358 952 4408 lit
970 4360 1049 4410 Tract.
1069 4360 1100 4409 10
1123 4360 1231 4421 „Susum
1250 4377 1288 4411 me
1306 4362 1421 4418 honores.
1448 4361 1487 4410 iu·

346 4422 488 4484 capxxtt.
512 4436 533 4472 ι.
553 4437 599 4486 qua
617 4437 871 4475 susumrarsascon-
922 4441 977 4477 snm
995 4427 1102 4477 missust
1136 4427 1220 4492 ltaque
1238 4430 1277 4478 hic
1294 4428 1422 4488 legendnm
1440 4443 1490 4492 pua

311 4486 418 4554 vertunt]
430 4490 457 4538 ln
468 4490 598 4554 exemplari
604 4490 724 4552 Agabardi
735 4491 873 4558 legiturque
922 4509 1003 4544 surum
1019 4497 1096 4545 iusum
1113 4503 1254 4546 conantunt.
1266 4492 1374 4556 (Rigalt.)
1405 4495 1487 4559 Repo-

312 4572 392 4606 susam
408 4573 498 4618 rursus,
518 4565 542 4607 ct
559 4559 714 4608 confirmatur
732 4560 873 4610 codltirio-
922 4561 960 4610 sni
978 4561 1088 4611 codicum
1112 4563 1265 4626 scripturam.
1301 4561 1386 4610 Susum
1402 4576 1485 4612 rursus

311 4625 390 4674 nensi.
403 4623 578 4685 Angustinnsin
586 4625 661 4688 Epist
669 4624 873 4678 lolrann‘lraotld
922 4634 1052 4679 conuertere
1069 4636 1106 4677 est
1124 4642 1168 4690 pro
1187 4642 1272 4676 rursus
1281 4636 1422 4678 convertere
1440 4643 1484 4677 su-

310 4691 400 4752 „Quod
418 4706 510 4751 susam,
529 4693 603 4743 iacias
618 4693 707 4753 insum,
724 4696 873 4758 qooddsar-
922 4707 976 4743 sam
994 4694 1059 4757 qaod
1076 4701 1128 4743 erat
1145 4694 1268 4745 deorsum.
1298 4694 1335 4744 ct.
1350 4694 1386 4744 [iu
1401 4695 1485 4757 cangii

310 4773 374 4816 sum,
393 4759 467 4809 lacius
484 4773 590 4808 sorsum.
625 4761 766 4811 insomnis
791 4765 872 4812 lacere
922 4760 1002 4812 cloia.
1021 4759 1081 4809 lled.
1101 4768 1125 4810 et
1142 4759 1188 4810 lnl.
1208 4761 1285 4813 Latin.
1302 4778 1359 4813 ι.ι.
1377 4761 1488 4813 tomil.

310 4825 392 4888 dsnm,
410 4834 434 4877 et
452 4835 475 4876 ts
492 4822 598 4877 susum?
626 4826 805 4892 Praecipitant,
823 4843 872 4880 non
921 4825 1014 4893 ptos.
1032 4827 1070 4878 sd.
1089 4827 1196 4879 sssuseli.
