3242 5775
579 604 619 647 ns
641 604 736 648 eunus
759 603 887 649 cuntsrr.
1257 594 1321 659 463

139 749 255 816 terum'
275 770 339 815 non
361 761 465 816 contra
479 753 558 815 illam
574 771 659 815 susm
675 753 895 837 simplicitatem
908 754 1134 834 pronuntiasset
1147 756 1320 835 uotiuum,

140 854 230 916 Esaia
253 854 387 929 dicente,
411 854 564 933 Concipiet
585 861 615 916 et
635 854 742 933 pariet.
1333 857 1426 913 turn,
1438 861 1470 904 tt.
1504 868 1510 879 ·

227 954 316 1027 Quod
340 955 418 1016 enim
440 954 544 1017 Esaias
567 955 712 1017 iaculatur
732 956 764 1016 iu
779 924 986 1035 suggillatione
1001 957 1217 1022 haereticorum
1232 960 1462 1040 ipso-cmxxiv.

140 1074 224 1130 rum,
248 1065 278 1117 et
294 1055 447 1135 inprimis,
470 1057 530 1119 Vae
551 1057 601 1136 qui
624 1056 734 1119 iaciunt
755 1056 840 1118 dulce
861 1075 994 1119 amarum
1013 1067 1043 1119 et
1057 1058 1197 1122 tenebras
1212 1060 1318 1138 lucem,
1332 1076 1447 1131 usurpo.

140 1157 216 1219 istos
239 1157 353 1218 seilicet
373 1165 458 1218 notat
479 1156 529 1236 qui
551 1175 606 1218 uec
628 1156 768 1220 voeabula
789 1158 847 1220 ista
870 1158 901 1218 in
923 1158 988 1220 luce
1010 1160 1224 1237 proprietatum
1246 1181 1319 1226 sue-

142 1277 207 1320 rum
229 1267 424 1331 conservant,
447 1266 481 1319 ut
502 1258 600 1319 anima
621 1277 682 1319 uon
705 1258 760 1320 aha
782 1259 822 1321 sit
843 1278 930 1339 quam
953 1278 1028 1338 quae
1042 1268 1181 1336 vocatur,
1204 1271 1235 1324 et
1249 1282 1319 1326 esro
1418 1272 1419 1276 ’

143 1376 203 1420 nou
226 1358 298 1420 ¹alia
319 1342 407 1439 quam
429 1378 505 1438 quae
527 1359 659 1433 videtur,
686 1366 717 1421 et
738 1360 812 1422 deus
835 1353 896 1422 nou
918 1360 994 1422 alius
1016 1378 1104 1440 quam
1127 1362 1177 1441 qui
1198 1364 1318 1443 praedi·

146 1467 235 1522 estur.
275 1460 346 1521 ldeo
370 1461 457 1521 etiam
480 1460 660 1522 Marcionem
681 1461 886 1541 prospiciens,
908 1461 971 1540 Ego
994 1480 1075 1536 sum,
1099 1448 1210 1542 inquit,
1233 1466 1319 1541 deus,
1332 1497 1471 1553 mm,

147 1560 268 1623 etalius
291 1561 403 1640 absque
426 1580 556 1624 menon
579 1571 635 1624 est
668 1562 706 1624 Et
727 1581 794 1625 cum
809 1561 903 1623 'alias
925 1562 955 1622 id
976 1563 1076 1642 ipsum
1099 1565 1205 1628 eodem
1228 1567 1318 1631 modo
1393 1633 1403 1638 ,,
1469 1617 1479 1640 ,

106 1719 108 1724 .
147 1663 227 1738 dicit,
259 1662 336 1724 Ante
363 1682 412 1724 mo
434 1663 508 1724 deus
531 1682 594 1724 non
620 1663 691 1734 luit,
725 1664 829 1725 nescio
859 1682 931 1742 quas
960 1663 1024 1725 illas
1049 1664 1471 1738 Valentinianorumtomvno.

147 1765 274 1826 leonum
297 1764 484 1843 genealogias
506 1764 614 1844 pulsat.
650 1764 704 1839 lit,
726 1764 793 1827 Non
817 1783 854 1826 ex
875 1764 1019 1843 sanguiue
1041 1783 1139 1845 neque
1162 1785 1196 1828 ex
1209 1769 1428 1838 ‘carnisumis

150 1865 247 1926 etvini
270 1864 436 1940 voluntate,
461 1866 513 1927 sed
537 1884 573 1927 ex
595 1866 651 1927 deo
675 1874 841 1939 natusest,
863 1866 1172 1945 Hebionirespondit.
1206 1870 1316 1948 Aeque,

151 1965 266 2027 Etiamsi
288 1966 410 2046 angelus
434 1966 470 2027 de
498 1966 603 2028 ³caelis
632 1967 718 2028 aliter
746 1967 989 2046 evangelizaverit
1017 1967 1104 2028 vohis
1133 1987 1221 2048 quam
1248 1989 1316 2047 uos,
1331 1985 1427 2041 cutte

151 2067 294 2130 mathema
316 2067 372 2141 sit,
396 2068 431 2128 ad
447 2067 621 2147 ⁴energema
636 2067 834 2146 ⁸Apelleiacae
849 2068 968 2147 virginis
984 2067 1193 2133 ⁶Philumenes
1208 2070 1318 2134 ⁷lilium
1364 2128 1369 2136 ,
1480 2057 1483 2062 ’

152 2167 251 2248 dirigit
285 2168 372 2230 Certe
388 2168 438 2247 qui
453 2176 542 2248 negat
557 2168 707 2230 Christum
731 2169 760 2229 in
779 2177 873 2231 'carno
894 2168 1030 2242 venisse,
1054 2169 1104 2231 hic
1124 2172 1318 2237 antichristus
1331 2188 1443 2244 tintus

152 2277 199 2330 est
240 2269 373 2331 'Nudam
395 2277 425 2330 et
446 2268 611 2331 absolutam
641 2278 671 2331 et
697 2268 823 2349 simplici
852 2269 973 2331 nomine
1001 2277 1124 2331 naturae
1147 2289 1220 2333 suae
1241 2292 1317 2352 pro-

154 2370 280 2431 nuntians
304 2389 421 2431 carnem
446 2388 551 2430 omnes
574 2370 791 2448 disceptatores
815 2369 880 2431 eius
902 2369 998 2431 feriis
1016 2370 1100 2432 Sicut
1121 2381 1151 2434 et
1172 2373 1317 2437 deliniens

152 2470 239 2548 ipsum
261 2489 380 2552 quoque
403 2470 553 2531 Christum
576 2489 667 2532 unum
697 2471 888 2532 multilormis
911 2471 1020 2533 Christi
1042 2481 1320 2551 argumentatores·

154 2572 249 2649 quatit,
282 2572 333 2651 qui
361 2571 450 2632 alium
479 2571 588 2632 faciunt
611 2572 778 2645 Christum,
807 2571 897 2633 alium
920 2572 1038 2647 lesum,
1068 2574 1156 2635 alium
1185 2574 1320 2654 elapsum

154 2670 183 2732 de
205 2673 310 2734 mediis
338 2671 467 2746 ⁹turbis,
500 2672 589 2733 alium
617 2673 786 2746 detentum,
820 2672 909 2734 alium
937 2672 969 2735 in
998 2692 1121 2736 secessu
1151 2675 1263 2737 montis
1287 2676 1318 2737 iu

156 2773 253 2834 ambitu
274 2773 362 2835 nubis
386 2774 441 2836 sub
464 2773 560 2834 trihus
584 2774 730 2835 ¹⁰arhitris
753 2774 879 2847 clarum,
903 2774 992 2835 alium
1010 2755 1117 2836 ceteris
1132 2776 1319 2855 passivumt,

155 2871 317 2951 ignobilem,
340 2874 429 2937 alium
452 2875 687 2955 magnanimum,
710 2874 798 2937 alium
821 2894 890 2937 reno
914 2876 1126 2956 trepidantem,
1154 2877 1319 2941 novissime

155 2975 229 3038 alium
250 2996 388 3057 passum,
412 2977 500 3038 alium
523 2976 748 3051 resuscitatum,
781 2996 837 3056 per
859 2977 937 3056 quod
960 2997 1044 3039 suam
1067 2997 1185 3058 quoque
1207 2981 1238 3041 in
1261 2980 1316 3041 alia

155 3094 229 3139 usne
250 3078 502 3140 resurrectionem
525 3078 711 3139 adseverant.
762 3077 821 3138 Sed
850 3077 926 3138 hene
956 3080 1034 3157 quod
1057 3079 1136 3140 idem
1158 3081 1257 3142 reniet
1279 3082 1442 3144 detor-tit·

154 3178 230 3240 uelis
252 3181 302 3259 qui
326 3188 373 3241 est
394 3198 520 3259 passus,
544 3178 621 3239 idem
645 3178 783 3239 omnibus
806 3177 959 3256 apparebit
982 3180 1032 3258 qui
1048 3188 1095 3240 est
1109 3181 1314 3242 resuscitatus.

154 3275 185 3338 Et
202 3279 340 3341 ridebunt
363 3291 392 3342 et
413 3288 575 3359 agnoscent
597 3280 645 3359 qui
663 3298 729 3341 eum
746 3280 947 3352 confixerunt,
971 3280 1069 3357 utique
1086 3279 1180 3357 ipsam
1197 3298 1315 3341 carnem
1326 3292 1455 3344 rourum.

154 3376 177 3437 in
196 3399 278 3458 quam
302 3382 486 3455 saevierunt,
510 3383 576 3442 sine
598 3400 654 3459 qua
677 3398 732 3440 nec
752 3380 817 3457 ipse
840 3398 908 3439 esse
930 3380 1040 3457 poterit
1054 3396 1110 3439 nec
1124 3380 1260 3456 agnosci:
1284 3389 1317 3441 ut

154 3488 176 3539 et
195 3481 230 3542 illi
253 3481 447 3544 erubescant·
470 3484 518 3562 qui
542 3483 697 3543 adfirmant
718 3498 835 3541 caruem
864 3480 893 3539 in
916 3479 1003 3541 caelis
1026 3498 1155 3540 vacuam·
1170 3499 1262 3541 seusu
1284 3490 1317 3541 ut

106 3700 107 3705 ,
210 3668 361 3731 Csp.XlllV.
407 3669 429 3717 1,
449 3668 494 3717 alia
513 3669 544 3717 sit
562 3683 633 3732 qnam
653 3682 714 3731 qrrae
732 3667 825 3715 ridetur
843 3667 867 3715 Β.
909 3666 955 3714 slia
980 3667 1011 3715 sit
1037 3667 1316 3729 quumridoturc.,cc

153 3736 215 3783 trites
235 3738 357 3786 Vaticanis.
411 3736 434 3784 2.
454 3737 514 3785 ulios
533 3753 561 3796 c.,
582 3739 702 3786 extribus
724 3737 846 3784 Voticonls.
890 3734 996 3782 oliusll.
1032 3735 1079 3782 alio
1101 3735 1173 3784 chat.
1218 3736 1241 3783 in
1266 3736 1313 3784 slio
1377 3776 1385 3786 ,

153 3803 242 3860 Coum
260 3806 340 3855 Fuluio
362 3805 452 3853 llrsino.
511 3803 534 3851 3.
563 3804 631 3852 coelo
655 3806 700 3864 cd„
721 3805 864 3852 cumtribus
886 3803 1008 3851 Vaticanis.
1066 3801 1088 3849 t.
1109 3816 1269 3861 emergemum
1289 3804 1316 3852 ll.

153 3873 311 3931 tergemamC.
359 3872 381 3920 5.
401 3872 536 3933 hpelliacae
552 3873 656 3921 BCllohc.
701 3870 724 3918 6.
743 3870 908 3933 philomonem
929 3871 971 3919 BC.
1008 3864 1313 3930 l.stliumerr’on(eucu

155 3935 181 3995 ί.)
201 3939 279 4001 dirigit
297 3939 340 3988 BC.
383 3937 407 3987 8.
427 3940 517 3988 liudem
539 3939 561 3988 C.
614 3939 637 3987 9.
657 3939 734 3986 turbis
752 3939 832 3987 omli.
880 3937 918 3984 10.
938 3937 1039 3987 testibus
1058 3938 1082 3985 tt.
1105 3939 1280 3988 Vuticonilres.

179 4073 193 4121 l.
210 4070 334 4136 Ceterum]
355 4074 381 4121 ld
401 4081 437 4121 est
455 4074 570 4136 alioquin.
604 4073 639 4122 ct.
659 4072 702 4121 ud·
753 4072 813 4120 Nsm
833 4071 862 4120 de
881 4086 952 4120 carne
971 4071 1059 4119 Christi
1084 4078 1133 4120 tres
1152 4072 1250 4120 omuino
1269 4087 1314 4135 po·

152 4147 201 4188 nott.
217 4143 246 4190 sd
264 4143 297 4189 lle
317 4143 381 4202 Fuga
400 4142 423 4189 in
443 4142 561 4189 Persecut.
581 4156 632 4203 cap.
648 4140 685 4188 ll.
753 4147 833 4188 terant
851 4154 905 4187 esss
923 4139 1064 4187 sententiae.
1102 4139 1189 4199 Primo,
1208 4154 1256 4187 non
1275 4155 1314 4188 re·

179 4208 231 4270 Cep.
255 4210 333 4258 XXlV.
380 4225 400 4255 a.
432 4210 587 4257 multilormis
613 4208 702 4256 Christi
751 4222 853 4268 surgere
872 4221 968 4255 curnem
987 4206 1076 4254 Christi
1103 4220 1180 4268 eoque
1199 4207 1221 4254 in
1241 4207 1315 4256 cuciis

151 4272 359 4338 argumentatores]
378 4276 563 4325 Valentinianos.
595 4276 702 4325 Chhdv.
753 4290 801 4322 non
830 4289 892 4333 esse,
929 4273 993 4336 quod
1022 4272 1239 4322 Valentinianorum
1270 4283 1315 4323 est.

152 4339 255 4393 Valentio.
275 4360 328 4407 cap.
340 4343 372 4392 25
384 4359 436 4406 sqq.
753 4342 879 4400 Secunda,
907 4355 1002 4390 curnem
1028 4341 1116 4389 Christi
1141 4356 1268 4402 resurgere
1293 4349 1316 4390 ct

177 4411 198 4456 b.
216 4413 289 4459 alium
308 4414 396 4461 ceteris
415 4407 548 4475 passivum]
568 4409 703 4470 Vulgarem,
754 4425 807 4458 oum
825 4410 920 4457 Christo
934 4423 997 4467 esse,
1016 4408 1039 4456 id
1058 4415 1094 4457 est
1113 4423 1166 4456 cum
1186 4409 1273 4457 deitate
1292 4409 1314 4456 iu

152 4490 302 4538 communem,
328 4480 419 4541 passim
446 4487 468 4526 ot
491 4479 702 4541 promiscuorum
755 4479 845 4525 unitate
864 4489 1150 4538 personuepermanere,
1170 4477 1233 4539 quod
1252 4475 1315 4524 reri-

152 4546 253 4594 omnibus
278 4548 504 4595 communicantem.
536 4548 584 4603 tl'r.
602 4546 704 4602 lunius.)
756 4552 791 4592 tas
808 4543 1129 4604 docetreligionisnostrae.
1154 4545 1243 4603 Tertia,
1262 4557 1316 4591 car·

152 4610 181 4659 tt.
197 4628 258 4676 quse
276 4616 385 4663 annotari
406 4615 434 4661 ad
456 4614 487 4661 lle
505 4617 599 4662 Corona
620 4611 704 4675 caph.
755 4627 808 4660 nem
820 4611 907 4660 Christi
927 4611 1088 4659 resurrexisse
1107 4619 1234 4673 „exempto
1245 4609 1315 4658 Cirri-

179 4696 197 4728 t.
215 4677 490 4744 utetillieruhesrant]
511 4681 704 4729 llinutsliabae-
755 4679 820 4736 sto,“
841 4679 918 4726 idest
941 4686 1005 4726 extra
1033 4681 1145 4727 unionem
1170 4692 1223 4727 curn
1241 4667 1315 4738 λόγῳ

152 4748 268 4797 reticomm
289 4750 703 4798 notatobscurelatentiumetsese
755 4755 778 4794 et
797 4747 873 4794 divina
893 4754 1046 4795 naturasua.
1090 4746 1165 4794 lluius
1184 4757 1238 4792 vero
1257 4757 1315 4790 sen·
1372 4788 1375 4795 Α

151 4810 324 4866 btectesism
354 4819 392 4866 dei
427 4818 487 4866 clam
521 4817 701 4866 insinuantium.
755 4816 844 4863 tentiae
870 4822 920 4864 tres
938 4816 998 4864 runi
1017 4812 1196 4878 quodammodo
1222 4809 1251 4859 ab
1270 4823 1315 4860 au·
