3242 5775
489 650 636 693 rovsssus
658 650 831 697 ιιιιιειοιιιιιι
852 651 931 698 amm
952 652 1092 705 omuons.
1350 635 1412 702 tua
1457 615 1478 712 ,’

139 804 196 857 abt
213 802 300 867 tepidis
317 816 401 852 emaus
418 802 512 852 utenti
528 802 608 854 sidere
625 809 700 867 potat
836 804 889 862 llus
900 804 1079 870 populilloses,
1097 805 1138 870 qul
1155 803 1239 856 limina
1254 804 1320 868 resia
1334 802 1413 871 liquit,

167 890 216 938 lam
233 895 336 952 possunt
346 894 429 951 gentes
442 887 561 937 Abrabam
573 887 677 938 clamare
689 901 777 952 parsu·
803 888 927 953 spernent
944 889 1036 940 divitias
1054 891 1167 942 horsutcs
1183 897 1293 954 tempors
1309 903 1389 954 patro,

471 979 528 1035 tem,
803 972 884 1023 llaluit
901 972 1011 1025 sillictus
1028 974 1111 1040 populi
1127 983 1224 1040 portus
1239 974 1336 1026 laboras
1420 974 1455 1026 tt)

166 1059 233 1116 Quae
251 1073 333 1109 vocem
351 1056 442 1107 domiui
458 1056 530 1106 simili
547 1057 641 1107 ratione
661 1064 759 1107 secutas
803 1057 908 1108 Subnixa
926 1060 1026 1123 cernes,
1042 1060 1115 1118 minis
1134 1073 1183 1110 noa
1199 1061 1297 1112 territus
1314 1060 1378 1124 ullis,

165 1144 251 1193 Omnia
269 1143 391 1207 liquerunt
407 1156 506 1205 peregre
523 1155 551 1192 ss
568 1143 654 1192 sistere
670 1142 740 1193 sisse
803 1143 880 1201 Quam
887 1143 932 1193 sibi
940 1142 1305 1210 aetisissnuttuqnsrunitters
1312 1153 1411 1210 pesnas,

163 1226 395 1290 Lsetare‚osterilis,
405 1227 548 1291 promissum
560 1228 660 1291 concipe
669 1227 773 1292 plebem3
802 1228 847 1277 Pro
865 1243 998 1293 magnaque
1016 1228 1071 1291 lltlc,
1088 1243 1132 1293 pro
1150 1236 1216 1280 unta
1233 1229 1309 1280 mirus
1320 1242 1411 1293 amore,

121 1312 269 1377 lerumpc
287 1320 311 1362 et
329 1310 413 1374 clarus,
433 1326 496 1376 quae
513 1311 578 1362 nulla
595 1311 663 1377 prole
681 1312 757 1375 besta,
801 1314 912 1363 Armatus
930 1314 1014 1364 uirtute
1031 1314 1070 1364 (lei
1087 1313 1204 1377 mandis
1219 1314 1301 1377 ausit,

163 1393 198 1447 lte
217 1412 265 1461 qua
282 1393 376 1446 dicebat
393 1411 437 1460 per
453 1404 518 1446 astes
535 1397 635 1460 spiritus
652 1396 725 1447 olim:
802 1396 923 1447 Percussit
937 1405 1032 1460 gentem
1048 1397 1133 1463 plagis,
1150 1404 1287 1463 terramque
1304 1397 1410 1464 reliquit,
1418 1398 1452 1450 hb

163 1482 228 1532 llaec
242 1482 324 1544 penult
335 1489 429 1543 gentem
440 1481 521 1531 multis
533 1481 681 1544 exgentibus
694 1495 773 1539 uuam.
801 1481 1017 1545 Conlunditreqcrn
1027 1482 1122 1546 durum,
1136 1482 1300 1549 populumque
1308 1483 1411 1547 redunt,

164 1568 239 1616 Cuius
251 1566 367 1630 principio
380 1581 476 1631 semper
486 1567 526 1631 pia
537 1567 644 1617 membra
657 1566 773 1623 laborant.
801 1565 903 1616 Calcarit
920 1568 1015 1631 linctus,
1033 1568 1116 1618 bostss
1131 1566 1246 1620 demersit
1261 1568 1286 1619 ia
1303 1567 1384 1632 andiu

106 1653 108 1720 J
197 1652 275 1701 liuius
283 1650 341 1700 hbel
350 1651 437 1714 iustus,
452 1657 535 1715 pastor
543 1650 711 1716 pecudumque
723 1663 773 1702 ms·
800 1651 866 1701 Fecit
875 1665 961 1715 aquam
970 1651 1065 1702 dulcem
1074 1652 1224 1717 perliqaum,
1240 1666 1410 1718 temperamu-

469 1736 550 1798 gister,
636 1793 641 1805 ,
778 1741 780 1746 ’
1105 1751 1164 1800 ram,

106 1805 152 1877 Ὶ’15
162 1824 290 1873 Fratsruse
297 1820 386 1871 occidit
399 1835 469 1884 ειιειιι
477 1818 534 1869 olim
543 1818 653 1869 rioleutis
668 1818 771 1870 dutrts.
800 1819 860 1869 Cum
871 1804 959 1870 Christi
972 1821 1063 1886 populu
1081 1821 1207 1873 manifeste
1218 1821 1293 1873 multa
1303 1821 1408 1886 locutus,

161 1906 336 1969 liuiuslinocb,
347 1906 440 1967 insigne
450 1905 532 1967 decus,
545 1903 686 1967 decorpore
698 1918 772 1954 mem·
800 1903 874 1954 Cuius
892 1904 922 1954 cle
939 1904 1000 1955 lacis
1017 1906 1058 1957 lux
1074 1912 1100 1956 et
1115 1907 1179 1956 nitor
1195 1891 1238 1957 ors
1254 1906 1356 1971 rslulsit,
1417 1903 1451 1956 80

466 1990 544 2051 hrum,
798 1991 926 2054 Acceptum
944 1990 1020 2052 legem
1037 2005 1081 2055 per
1097 2005 1188 2055 paucos
1204 1991 1266 2043 indit
1280 1990 1409 2055 inurbsm,
1466 2033 1469 2042 .

106 2064 110 2090 ⁷
158 2078 177 2127 h
191 2078 237 2127 deo
245 2077 365 2139 digressos
375 2074 477 2139 populos
485 2074 626 2138 facinusque
633 2079 771 2136 sequentes,
799 2072 911 2138 Exempla
925 2074 1040 2139 implicita
1051 2076 1203 2140 propriorum
1218 2084 1283 2128 certa
1292 2076 1409 2140 laborum,

158 2163 223 2212 Dum
235 2160 292 2211 lurit
302 2161 325 2210 in
336 2160 406 2210 terris
415 2160 549 2222 relugsrum
560 2157 629 2208 turba
644 2157 771 2219 latronum,
799 2158 918 2208 Percussit
927 2160 1408 2226 petram,iussusquoqucilumintlndit;
1435 2212 1443 2224 ‚

106 2243 107 2246 ’
158 2247 307 2307 Sacrilegum
316 2260 391 2309 genus
401 2252 426 2294 ut
435 2243 527 2306 lugeret
537 2242 634 2293 crudele
643 2242 771 2305 gigantum,
799 2242 957 2308 Extenditque
967 2258 1060 2307 manus,
1070 2251 1097 2294 ut
1110 2246 1178 2308 signo
1189 2246 1294 2296 rinusrct
1305 2246 1408 2297 bostem.

106 2330 146 2387 20
158 2332 268 2382 Consilio
285 2330 418 2393 reuocabat,
436 2329 460 2379 in
478 2328 590 2377 omnibus
608 2328 659 2392 lpse
677 2326 762 2377 hoelis.
799 2328 885 2377 Omnia
903 2327 932 2378 tle
951 2328 1054 2391 Christo,
1072 2343 1116 2393 per
1132 2329 1252 2380 Christum
1270 2337 1357 2382 cuneta
1373 2326 1451 2381 tout

155 2417 252 2479 lugenti
269 2415 357 2478 gemitu
374 2414 472 2479 placuit,
489 2414 623 2475 meritoque
641 2411 723 2461 labore
1103 2420 1217 2478 quuntm.

153 2502 308 2553 Translatum
325 2515 410 2561 magno
429 2500 514 2564 pignus
531 2504 637 2548 servatur
655 2498 754 2546 honore.
798 2496 940 2560 liieprobus
951 2505 974 2547 et
985 2512 1146 2560 maguuscum
1156 2497 1301 2564 laudispace
1311 2499 1408 2566 quierit.

155 2587 282 2638 Perfectus
299 2585 369 2635 laude
394 2592 417 2633 et
435 2585 487 2634 sine
505 2582 575 2646 culpa
593 2582 644 2632 Noe
661 2589 771 2646 repertus
797 2583 827 2631 st
844 2581 912 2632 lesus
928 2583 990 2634 liare
1007 2583 1078 2647 lilius,
1096 2586 1174 2634 Auses
1191 2591 1368 2649 enterocelas,

153 2671 311 2722 Testiheante
330 2671 375 2719 deo
393 2669 472 2740 iustus
486 2668 510 2716 iu
528 2666 636 2716 adultera
652 2666 731 2731 plebe,
798 2665 902 2729 Spiritus
928 2668 991 2717 hunc
1016 2675 1113 2717 sanctus
1131 2668 1225 2718 socium
1247 2668 1293 2718 tibi
1310 2669 1408 2720 nautius

105 2756 143 2813 25
155 2756 201 2807 Bis
219 2754 392 2820 quinquagenis
410 2767 490 2803 arcam
508 2751 549 2817 qui
568 2751 736 2814 temitanum,
1104 2754 1195 2803 inurit:

154 2844 290 2892 Venturum
308 2838 426 2890 escidium
443 2838 512 2889 lactis
530 2844 554 2888 et
570 2851 628 2887 roes
645 2835 752 2900 lerebat3
797 2834 959 2884 liincssurium
968 2836 1200 2902 scidiistpopuluru
1209 2837 1406 2903 uantuceoepit,

155 2926 293 2976 Promeruit
309 2927 382 2974 tantis
400 2932 496 2988 ereptus
514 2923 598 2973 mortis
616 2924 646 2971 ab
664 2923 743 2987 undis,
797 2919 923 2970 Distribuit
941 2929 1028 2970 terram
1046 2923 1127 2984 pratis,
1145 2925 1264 2987 promissa
1280 2930 1388 2987 paterna,
1415 2922 1448 2973 tu

154 3011 187 3061 Et
205 3025 261 3060 cum
277 3010 344 3074 prole
361 3024 406 3060 sua
423 3017 537 3059 seruatus.
565 3008 640 3057 Ceute
652 3014 770 3071 sequente
797 3005 879 3054 Solem
888 3020 943 3056 cum
953 3005 1010 3055 luna
1021 3008 1111 3070 statuit,
1122 3006 1179 3057 dum
1187 3009 1292 3058 vinceret
1303 3009 1406 3071 hostem,

154 3096 200 3146 list
212 3096 337 3159 hbraham,
355 3097 424 3145 cuius
441 3102 526 3156 gnatos
542 3108 583 3141 sos
601 3107 656 3142 esse
669 3094 769 3155 negatis,
796 3088 891 3153 Expulit
907 3098 1016 3140 externas
1034 3100 1116 3153 gentes
1129 3092 1270 3156 prolemque
1278 3092 1406 3154 gigantum,

105 3186 144 3236 to
156 3181 207 3240 Qui
217 3182 309 3244 primus
323 3179 521 3243 peuereetpatria
532 3178 672 3239 etpeuitore
684 3177 768 3227 relicto
796 3173 887 3223 Excidit
904 3174 981 3237 lucos,
999 3190 1053 3225 aras
1072 3184 1096 3227 et
1113 3177 1201 3241 templa
1218 3176 1320 3237 subegit,

155 3267 223 3315 i'occ
241 3265 279 3315 dei
297 3280 383 3314 suasus
401 3263 503 3313 secessit
521 3263 544 3311 in
564 3270 643 3312 extens
659 3276 739 3323 regua,
797 3258 882 3323 Ompiu
900 3258 1003 3320 legitima
1020 3260 1137 3309 solemnia
1154 3268 1233 3309 mente
1250 3260 1356 3323 pcrcqits

152 3352 246 3401 Tantos
265 3349 304 3399 dei
322 3351 409 3399 meruit
426 3348 535 3398 sublimis
553 3345 638 3407 (lignus
656 3347 769 3405 honores,
796 3342 905 3392 Nominis
923 3341 1056 3406 exemplum
1075 3343 1171 3405 Christi,
1187 3343 1279 3393 rirtutis
1296 3343 1382 3405 imugu.
1415 3342 1449 3393 ta

155 3435 276 3485 Gentibus
288 3442 314 3484 ut
323 3443 390 3498 pater
400 3443 422 3483 et
431 3432 526 3497 populis
533 3431 687 3480 credentibus
697 3437 769 3478 esset.
831 3425 894 3485 Quid
901 3425 931 3476 de
938 3426 1059 3477 ludicibus
1069 3427 1150 3490 populi
1160 3441 1202 3489 per
1210 3425 1301 3488 singula
1311 3425 1407 3477 dicsmt

155 3521 220 3570 Cum
231 3520 336 3583 patribus
347 3519 426 3580 laceb,
445 3531 546 3583 quorum
564 3523 632 3579 pater
649 3514 709 3577 ipse,
726 3528 770 3576 per
797 3512 905 3570 Quorum
922 3513 1019 3561 virtutes
1038 3512 1059 3560 si
1077 3511 1258 3560 conscribantur
1281 3511 1305 3560 in
1323 3524 1405 3570 unum,

466 3616 538 3652 omne
796 3594 1406 3659 Verborumspationumerosaroluminscomplsnh

105 3690 225 3744 tutitae
235 3704 293 3739 suae
310 3689 414 3753 spatium
423 3687 552 3736 laetissime
566 3693 672 3747 tempora
681 3681 768 3732 Christi
795 3683 904 3730 Attamen
923 3695 950 3730 er
967 3679 1048 3729 multis
1064 3693 1195 3743 pancarius
1213 3680 1293 3730 diuers
1309 3679 1380 3730 vitam

156 3774 306 3825 Praecesiuit
322 3775 407 3836 serbis,
425 3781 488 3834 actu,
505 3773 598 3833 uirtute,
617 3756 727 3818 laborc'
796 3764 909 3829 Corporis
928 3765 1037 3828 explendi
1054 3765 1178 3814 verborum
1197 3764 1302 3828 postulat
1318 3764 1387 3815 orsio.
1405 3766 1448 3818 '80

155 3862 228 3909 Hunc
253 3859 361 3922 sequitur
384 3858 483 3920 loseph,
511 3855 596 3904 laedas
622 3853 674 3902 sine
696 3851 768 3901 sorde
796 3850 829 3901 Er
846 3850 935 3914 quibus
953 3857 979 3899 ut
997 3849 1094 3900 Gedeoa
1112 3848 1157 3899 dur
1175 3850 1283 3913 agminis,
1306 3864 1363 3902 scer
1379 3849 1403 3900 in

464 3941 579 4001 iuuentae,
1100 3935 1202 3998 hostem,

156 4030 268 4080 Carceris
280 4036 303 4078 et
313 4028 386 4077 durae
404 4027 506 4075 conficta
524 4024 642 4073 calumnia
659 4035 767 4086 poenae:
795 4020 847 4069 Non
864 4020 948 4069 virtute
966 4034 1011 4069 sua
1028 4020 1125 4070 tutelam
1144 4020 1267 4083 acquirere
1285 4019 1357 4083 penti,

156 4115 240 4165 Gloria
252 4121 307 4177 post
319 4113 428 4174 gemitus,
435 4111 549 4174 regnique
559 4107 664 4158 secunda
672 4121 769 4168 corona,
795 4105 961 4168 Firmotusquc
978 4104 1025 4154 uae
1042 4106 1135 4167 siguum
1153 4105 1212 4167 petit
1229 4104 1304 4153 excita
1321 4104 1405 4165 menti,

105 4201 235 4263 uotaque
253 4199 314 4247 lame
332 4198 400 4260 panis
419 4195 537 4245 tribuendi
555 4194 619 4254 larga
636 4198 754 4256 potestas:
796 4190 849 4248 Quo
858 4188 893 4238 rel
902 4203 950 4238 uon
960 4197 1043 4252 posset
1051 4189 1086 4238 rel
1100 4196 1183 4253 posset
1198 4189 1292 4240 sincere
1307 4188 1403 4253 bellum,

154 4287 214 4335 Tam
232 4283 329 4347 propria
337 4281 433 4341 Christi,
451 4288 498 4328 tam
516 4279 595 4328 lucida
613 4279 672 4327 lucis
691 4277 768 4338 imago
795 4273 873 4324 Velius
884 4281 911 4322 ut
919 4274 943 4322 in
955 4280 1051 4323 noctem
1060 4274 1164 4336 positum
1180 4272 1210 4322 ds
1223 4287 1279 4323 rurs
1287 4272 1402 4337 maderet,
1412 4276 1445 4327 85

156 4370 277 4420 Omnibus
295 4375 333 4416 est
349 4365 482 4428 mauilestu,
500 4365 588 4427 quibus
606 4372 662 4413 sunt
678 4361 768 4412 luminu
795 4358 824 4409 Et
841 4359 911 4408 tellus
929 4359 1007 4408 omnis
1025 4358 1115 4408 circum
1133 4357 1222 4407 siccata
1238 4358 1335 4420 iaceret,

465 4449 547 4510 menti,
794 4446 846 4493 Hoc
864 4444 1013 4492 inimicorum
1032 4442 1134 4506 palmam
1151 4442 1288 4492 coalescere
1304 4441 1402 4502 mundo,

156 4541 188 4590 Ut
196 4536 295 4602 speculo
302 4535 476 4585 rultussrrmam
485 4549 551 4597 spem
559 4547 657 4582 cernere
666 4531 767 4596 possint.
794 4532 872 4593 Atque
889 4529 976 4578 iterum
993 4527 1046 4578 solo
1064 4528 1195 4577 remanenti
1211 4526 1296 4577 vellere
1314 4528 1389 4590 sicco,

157 4625 231 4674 ludas
249 4625 301 4685 ipse
318 4629 393 4685 pater,
411 4619 496 4681 regalis
515 4618 586 4667 sortis
604 4618 679 4679 oripo,
795 4616 846 4664 iloc
865 4612 948 4664 eadem
967 4612 1038 4663 tellus
1054 4618 1147 4662 roraret
1163 4618 1233 4662 nocte
1250 4611 1352 4674 liquore.
1510 4675 1513 4679 Ι

116 4709 226 4764 zonae
245 4708 319 4756 duces
337 4706 417 4769 geniti,
441 4704 509 4753 cuius
526 4703 556 4751 de
573 4702 666 4751 semine
682 4715 752 4763 repes
795 4701 847 4749 lloc
864 4698 1028 4760 etenimsipno
1042 4696 1189 4760 praedonum
1206 4697 1286 4747 stravit
1298 4697 1446 4758 secusque

156 4798 293 4856 Numquam
310 4791 444 4851 defuerunt,
462 4789 540 4837 donec
552 4793 650 4847 venturu
661 4793 768 4850 potestas
796 4783 945 4845 Conpressas
953 4780 1043 4847 populo
1054 4781 1150 4844 Christi,
1167 4782 1219 4829 sine
1233 4781 1306 4830 milite
1318 4779 1401 4840 multo,

157 4879 276 4930 Gentibus
294 4882 416 4939 expectata
434 4875 475 4925 diu
492 4872 611 4937 promissa
626 4870 724 4920 reniret.
795 4869 943 4918 'sescenteno
950 4864 1296 4932 equitctuuuserus'laulittera
1303 4866 1403 4923 Crescat
