<?xml version="1.0" encoding="UTF-8"?>
<!DOCTYPE html PUBLIC "-//W3C//DTD XHTML 1.0 Transitional//EN"
    "http://www.w3.org/TR/xhtml1/DTD/xhtml1-transitional.dtd">
<html xmlns="http://www.w3.org/1999/xhtml" xml:lang="en" lang="en">
 <head>
  <title>
</title>
<meta http-equiv="Content-Type" content="text/html;charset=utf-8" />
  <meta name='ocr-system' content='tesseract 3.04.00' />
  <meta name='ocr-capabilities' content='ocr_page ocr_carea ocr_par ocr_line ocrx_word'/>
</head>
<body>
  <div class='ocr_page' id='page_1' title='image "./quaesupersuntom00oehlgoog_0077.png"; bbox 0 0 3242 5775; ppageno 0'>
   <div class='ocr_carea' id='block_1_1' title="bbox 263 620 1180 683">
    <p class='ocr_par' dir='ltr' id='par_1_1' title="bbox 263 620 1180 683">
     <span class='ocr_line' id='line_1_1' title="bbox 263 620 1180 683; baseline -0.016 -1"><span class='ocrx_word' id='word_1_1' title='bbox 263 620 304 682; x_wconf 90' lang='grc'><strong>70</strong></span> <span class='ocrx_word' id='word_1_2' title='bbox 519 629 621 683; x_wconf 80' lang='lat' dir='ltr'><strong>aarum</strong></span> <span class='ocrx_word' id='word_1_3' title='bbox 643 629 773 674; x_wconf 82' lang='lat' dir='ltr'><strong>ssrrmu</strong></span> <span class='ocrx_word' id='word_1_4' title='bbox 794 625 961 672; x_wconf 74' lang='lat' dir='ltr'><strong>nanuum</strong></span> <span class='ocrx_word' id='word_1_5' title='bbox 984 621 1180 670; x_wconf 78' lang='lat' dir='ltr'><strong>macutum</strong></span> 
     </span>
    </p>
   </div>
   <div class='ocr_carea' id='block_1_2' title="bbox 104 771 1477 4277">
    <p class='ocr_par' dir='ltr' id='par_1_2' title="bbox 104 771 1439 2146">
     <span class='ocr_line' id='line_1_2' title="bbox 262 771 1438 860; baseline -0.009 -15"><span class='ocrx_word' id='word_1_6' title='bbox 262 780 460 845; x_wconf 80' lang='lat' dir='ltr'><strong>mmcidimini</strong></span> <span class='ocrx_word' id='word_1_7' title='bbox 481 778 635 860; x_wconf 90' lang='lat' dir='ltr'><strong>praeputia</strong></span> <span class='ocrx_word' id='word_1_8' title='bbox 656 777 756 839; x_wconf 90' lang='lat' dir='ltr'><strong>cordis</strong></span> <span class='ocrx_word' id='word_1_9' title='bbox 778 776 879 838; x_wconf 90' lang='lat' dir='ltr'><strong>vestri.</strong></span> <span class='ocrx_word' id='word_1_10' title='bbox 913 775 996 836; x_wconf 82' lang='lat' dir='ltr'><strong>lianc</strong></span> <span class='ocrx_word' id='word_1_11' title='bbox 1016 791 1088 853; x_wconf 88' lang='lat' dir='ltr'><strong>ergo</strong></span> <span class='ocrx_word' id='word_1_12' title='bbox 1103 771 1367 835; x_wconf 81' lang='lat' dir='ltr'><strong>circumcisionem</strong></span> <span class='ocrx_word' id='word_1_13' title='bbox 1380 772 1438 835; x_wconf 85' lang='lat' dir='ltr'><strong>ism</strong></span> 
     </span>
     <span class='ocr_line' id='line_1_3' title="bbox 262 876 1437 961; baseline -0.009 -15"><span class='ocrx_word' id='word_1_14' title='bbox 262 884 374 946; x_wconf 90' lang='lat' dir='ltr'><strong>sistens</strong></span> <span class='ocrx_word' id='word_1_15' title='bbox 396 880 551 961; x_wconf 89' lang='lat' dir='ltr'><strong>apostolus</strong></span> <span class='ocrx_word' id='word_1_16' title='bbox 574 888 603 941; x_wconf 91' lang='lat' dir='ltr'><strong>et</strong></span> <span class='ocrx_word' id='word_1_17' title='bbox 624 880 683 940; x_wconf 91' lang='lat' dir='ltr'><strong>boc</strong></span> <span class='ocrx_word' id='word_1_18' title='bbox 703 895 849 939; x_wconf 82' lang='lat' dir='ltr'><strong>novamen</strong></span> <span class='ocrx_word' id='word_1_19' title='bbox 871 876 936 939; x_wconf 92' lang='lat' dir='ltr'><strong>illas</strong></span> <span class='ocrx_word' id='word_1_20' title='bbox 958 893 1076 955; x_wconf 92' lang='lat' dir='ltr'><strong>quoque</strong></span> <span class='ocrx_word' id='word_1_21' title='bbox 1095 881 1258 936; x_wconf 79' lang='lat' dir='ltr'><strong>vetustates</strong></span> <span class='ocrx_word' id='word_1_22' title='bbox 1281 892 1437 936; x_wconf 88' lang='lat' dir='ltr'><strong>caeremo-</strong></span> 
     </span>
     <span class='ocr_line' id='line_1_4' title="bbox 260 974 1437 1058; baseline -0.007 -13"><span class='ocrx_word' id='word_1_23' title='bbox 260 983 377 1045; x_wconf 88' lang='lat' dir='ltr'><strong>niarum</strong></span> <span class='ocrx_word' id='word_1_24' title='bbox 397 980 604 1053; x_wconf 81' lang='lat' dir='ltr'><strong>dissuadebat,</strong></span> <span class='ocrx_word' id='word_1_25' title='bbox 628 979 664 1041; x_wconf 90' lang='lat' dir='ltr'><strong>de</strong></span> <span class='ocrx_word' id='word_1_26' title='bbox 686 979 794 1058; x_wconf 92' lang='lat' dir='ltr'><strong>quibus</strong></span> <span class='ocrx_word' id='word_1_27' title='bbox 809 978 887 1040; x_wconf 88' lang='lat' dir='ltr'><strong>idem</strong></span> <span class='ocrx_word' id='word_1_28' title='bbox 903 976 1040 1040; x_wconf 89' lang='lat' dir='ltr'><strong>conditor</strong></span> <span class='ocrx_word' id='word_1_29' title='bbox 1054 993 1155 1037; x_wconf 91' lang='lat' dir='ltr'><strong>earum</strong></span> <span class='ocrx_word' id='word_1_30' title='bbox 1172 974 1355 1054; x_wconf 83' lang='lat' dir='ltr'><strong>quandoque</strong></span> <span class='ocrx_word' id='word_1_31' title='bbox 1370 994 1437 1037; x_wconf 88' lang='lat' dir='ltr'><strong>ces·</strong></span> 
     </span>
     <span class='ocr_line' id='line_1_5' title="bbox 104 1073 1438 1163; baseline -0.004 -20"><span class='ocrx_word' id='word_1_32' title='bbox 104 1084 373 1152; x_wconf 75' lang='lat' dir='ltr'><strong>&#39;uu.u,1r.satnris</strong></span> <span class='ocrx_word' id='word_1_33' title='bbox 393 1080 604 1163; x_wconf 83' lang='lat' dir='ltr'><strong>profitebatur,</strong></span> <span class='ocrx_word' id='word_1_34' title='bbox 625 1098 680 1161; x_wconf 90' lang='lat' dir='ltr'><strong>per</strong></span> <span class='ocrx_word' id='word_1_35' title='bbox 695 1080 789 1151; x_wconf 84' lang='lat' dir='ltr'><strong>Osee,</strong></span> <span class='ocrx_word' id='word_1_36' title='bbox 810 1079 849 1140; x_wconf 90' lang='lat' dir='ltr'><strong>Et</strong></span> <span class='ocrx_word' id='word_1_37' title='bbox 869 1086 998 1140; x_wconf 88' lang='lat' dir='ltr'><strong>avertam</strong></span> <span class='ocrx_word' id='word_1_38' title='bbox 1020 1093 1125 1137; x_wconf 91' lang='lat' dir='ltr'><strong>omnes</strong></span> <span class='ocrx_word' id='word_1_39' title='bbox 1147 1073 1349 1137; x_wconf 87' lang='lat' dir='ltr'><strong>iocunditates</strong></span> <span class='ocrx_word' id='word_1_40' title='bbox 1369 1076 1438 1138; x_wconf 87' lang='lat' dir='ltr'><strong>eius</strong></span> 
     </span>
     <span class='ocr_line' id='line_1_6' title="bbox 147 1175 1438 1268; baseline -0.006 -22"><span class='ocrx_word' id='word_1_41' title='bbox 147 1261 150 1268; x_wconf 26' lang='grc' dir='ltr'>Ι</span> <span class='ocrx_word' id='word_1_42' title='bbox 262 1190 293 1245; x_wconf 88' lang='lat' dir='ltr'><strong>ct</strong></span> <span class='ocrx_word' id='word_1_43' title='bbox 313 1184 377 1245; x_wconf 89' lang='lat' dir='ltr'><strong>dies</strong></span> <span class='ocrx_word' id='word_1_44' title='bbox 399 1184 493 1244; x_wconf 81' lang='lat' dir='ltr'><strong>festos</strong></span> <span class='ocrx_word' id='word_1_45' title='bbox 516 1182 580 1243; x_wconf 89' lang='lat' dir='ltr'><strong>eius</strong></span> <span class='ocrx_word' id='word_1_46' title='bbox 602 1190 632 1242; x_wconf 90' lang='lat' dir='ltr'><strong>et</strong></span> <span class='ocrx_word' id='word_1_47' title='bbox 652 1181 839 1242; x_wconf 87' lang='lat' dir='ltr'><strong>neomenias·</strong></span> <span class='ocrx_word' id='word_1_48' title='bbox 854 1185 885 1240; x_wconf 89' lang='lat' dir='ltr'><strong>et</strong></span> <span class='ocrx_word' id='word_1_49' title='bbox 905 1175 1025 1239; x_wconf 89' lang='lat' dir='ltr'><strong>sabbata</strong></span> <span class='ocrx_word' id='word_1_50' title='bbox 1053 1185 1084 1238; x_wconf 90' lang='lat' dir='ltr'><strong>et</strong></span> <span class='ocrx_word' id='word_1_51' title='bbox 1104 1194 1208 1237; x_wconf 88' lang='lat' dir='ltr'><strong>omnes</strong></span> <span class='ocrx_word' id='word_1_52' title='bbox 1231 1176 1438 1238; x_wconf 88' lang='lat' dir='ltr'><strong>caeremonias</strong></span> 
     </span>
     <span class='ocr_line' id='line_1_7' title="bbox 145 1276 1439 1362; baseline -0.004 -17"><span class='ocrx_word' id='word_1_53' title='bbox 145 1298 250 1353; x_wconf 60' lang='lat' dir='ltr'><strong>tunm</strong></span> <span class='ocrx_word' id='word_1_54' title='bbox 265 1283 340 1345; x_wconf 87' lang='lat' dir='ltr'><strong>cius.</strong></span> <span class='ocrx_word' id='word_1_55' title='bbox 376 1282 425 1345; x_wconf 88' lang='lat' dir='ltr'><strong>Sic</strong></span> <span class='ocrx_word' id='word_1_56' title='bbox 446 1281 525 1344; x_wconf 93' lang='lat' dir='ltr'><strong>enim</strong></span> <span class='ocrx_word' id='word_1_57' title='bbox 546 1301 601 1362; x_wconf 87' lang='lat' dir='ltr'><strong>per</strong></span> <span class='ocrx_word' id='word_1_58' title='bbox 615 1282 750 1355; x_wconf 85' lang='lat' dir='ltr'><strong>Esaiam,</strong></span> <span class='ocrx_word' id='word_1_59' title='bbox 772 1279 950 1344; x_wconf 81' lang='lat' dir='ltr'><strong>Neomenias</strong></span> <span class='ocrx_word' id='word_1_60' title='bbox 972 1285 1088 1339; x_wconf 87' lang='lat' dir='ltr'><strong>vestras</strong></span> <span class='ocrx_word' id='word_1_61' title='bbox 1109 1285 1140 1338; x_wconf 92' lang='lat' dir='ltr'><strong>et</strong></span> <span class='ocrx_word' id='word_1_62' title='bbox 1161 1276 1282 1338; x_wconf 87' lang='lat' dir='ltr'><strong>sabbata</strong></span> <span class='ocrx_word' id='word_1_63' title='bbox 1306 1286 1338 1340; x_wconf 89' lang='lat' dir='ltr'><strong>et</strong></span> <span class='ocrx_word' id='word_1_64' title='bbox 1359 1277 1439 1340; x_wconf 87' lang='lat' dir='ltr'><strong>diem</strong></span> 
     </span>
     <span class='ocr_line' id='line_1_8' title="bbox 260 1377 1439 1462; baseline -0.004 -17"><span class='ocrx_word' id='word_1_65' title='bbox 260 1401 399 1462; x_wconf 86' lang='lat' dir='ltr'><strong>magnum</strong></span> <span class='ocrx_word' id='word_1_66' title='bbox 421 1401 483 1444; x_wconf 94' lang='lat' dir='ltr'><strong>non</strong></span> <span class='ocrx_word' id='word_1_67' title='bbox 504 1382 656 1455; x_wconf 84' lang='lat' dir='ltr'><strong>sustineo,</strong></span> <span class='ocrx_word' id='word_1_68' title='bbox 677 1382 766 1443; x_wconf 84' lang='lat' dir='ltr'><strong>serias</strong></span> <span class='ocrx_word' id='word_1_69' title='bbox 789 1389 820 1442; x_wconf 88' lang='lat' dir='ltr'><strong>et</strong></span> <span class='ocrx_word' id='word_1_70' title='bbox 840 1379 981 1442; x_wconf 90' lang='lat' dir='ltr'><strong>ieiunium</strong></span> <span class='ocrx_word' id='word_1_71' title='bbox 1003 1386 1034 1439; x_wconf 88' lang='lat' dir='ltr'><strong>et</strong></span> <span class='ocrx_word' id='word_1_72' title='bbox 1048 1377 1112 1439; x_wconf 91' lang='lat' dir='ltr'><strong>dies</strong></span> <span class='ocrx_word' id='word_1_73' title='bbox 1128 1379 1221 1439; x_wconf 79' lang='lat' dir='ltr'><strong>festos</strong></span> <span class='ocrx_word' id='word_1_74' title='bbox 1235 1386 1359 1440; x_wconf 85' lang='lat' dir='ltr'><strong>vestros</strong></span> <span class='ocrx_word' id='word_1_75' title='bbox 1374 1378 1439 1440; x_wconf 90' lang='lat' dir='ltr'><strong>odit</strong></span> 
     </span>
     <span class='ocr_line' id='line_1_9' title="bbox 261 1461 1437 1557; baseline -0.005 -11"><span class='ocrx_word' id='word_1_76' title='bbox 261 1483 358 1546; x_wconf 89' lang='lat' dir='ltr'><strong>anima</strong></span> <span class='ocrx_word' id='word_1_77' title='bbox 379 1501 455 1546; x_wconf 90' lang='lat' dir='ltr'><strong>mea.</strong></span> <span class='ocrx_word' id='word_1_78' title='bbox 500 1482 589 1556; x_wconf 83' lang='lat' dir='ltr'><strong>Quod</strong></span> <span class='ocrx_word' id='word_1_79' title='bbox 611 1482 666 1542; x_wconf 89' lang='lat' dir='ltr'><strong>¹⁰si</strong></span> <span class='ocrx_word' id='word_1_80' title='bbox 688 1489 718 1543; x_wconf 90' lang='lat' dir='ltr'><strong>et</strong></span> <span class='ocrx_word' id='word_1_81' title='bbox 740 1492 857 1543; x_wconf 89' lang='lat' dir='ltr'><strong>creator</strong></span> <span class='ocrx_word' id='word_1_82' title='bbox 878 1480 976 1542; x_wconf 92' lang='lat' dir='ltr'><strong>omnia</strong></span> <span class='ocrx_word' id='word_1_83' title='bbox 997 1479 1072 1540; x_wconf 83' lang='lat' dir='ltr'><strong>liaeo</strong></span> <span class='ocrx_word' id='word_1_84' title='bbox 1091 1478 1149 1539; x_wconf 90' lang='lat' dir='ltr'><strong>iam</strong></span> <span class='ocrx_word' id='word_1_85' title='bbox 1172 1478 1288 1557; x_wconf 87' lang='lat' dir='ltr'><strong>pridem</strong></span> <span class='ocrx_word' id='word_1_86' title='bbox 1311 1461 1437 1541; x_wconf 77' lang='lat' dir='ltr'><strong>recusa-</strong></span> 
     </span>
     <span class='ocr_line' id='line_1_10' title="bbox 260 1578 1437 1663; baseline -0.003 -18"><span class='ocrx_word' id='word_1_87' title='bbox 260 1592 358 1659; x_wconf 87' lang='lat' dir='ltr'><strong>verat,</strong></span> <span class='ocrx_word' id='word_1_88' title='bbox 390 1591 421 1645; x_wconf 88' lang='lat' dir='ltr'><strong>ct</strong></span> <span class='ocrx_word' id='word_1_89' title='bbox 445 1583 599 1663; x_wconf 89' lang='lat' dir='ltr'><strong>apostolus</strong></span> <span class='ocrx_word' id='word_1_90' title='bbox 628 1601 663 1644; x_wconf 90' lang='lat' dir='ltr'><strong>ea</strong></span> <span class='ocrx_word' id='word_1_91' title='bbox 690 1584 748 1643; x_wconf 91' lang='lat' dir='ltr'><strong>iam</strong></span> <span class='ocrx_word' id='word_1_92' title='bbox 770 1581 934 1643; x_wconf 90' lang='lat' dir='ltr'><strong>recusanda</strong></span> <span class='ocrx_word' id='word_1_93' title='bbox 962 1578 1187 1660; x_wconf 77' lang='lat' dir='ltr'><strong>pronuntiabat,</strong></span> <span class='ocrx_word' id='word_1_94' title='bbox 1220 1579 1285 1658; x_wconf 89' lang='lat' dir='ltr'><strong>ipsa</strong></span> <span class='ocrx_word' id='word_1_95' title='bbox 1306 1579 1437 1659; x_wconf 88' lang='lat' dir='ltr'><strong>apostoli</strong></span> 
     </span>
     <span class='ocr_line' id='line_1_11' title="bbox 261 1679 1437 1761; baseline -0.004 -15"><span class='ocrx_word' id='word_1_96' title='bbox 261 1684 407 1746; x_wconf 84' lang='lat' dir='ltr'><strong>sententia</strong></span> <span class='ocrx_word' id='word_1_97' title='bbox 428 1691 627 1745; x_wconf 90' lang='lat' dir='ltr'><strong>consentanea</strong></span> <span class='ocrx_word' id='word_1_98' title='bbox 649 1682 775 1744; x_wconf 91' lang='lat' dir='ltr'><strong>decretis</strong></span> <span class='ocrx_word' id='word_1_99' title='bbox 798 1682 940 1744; x_wconf 90' lang='lat' dir='ltr'><strong>creatoris</strong></span> <span class='ocrx_word' id='word_1_100' title='bbox 960 1680 1067 1761; x_wconf 92' lang='lat' dir='ltr'><strong>probat</strong></span> <span class='ocrx_word' id='word_1_101' title='bbox 1091 1698 1152 1741; x_wconf 91' lang='lat' dir='ltr'><strong>non</strong></span> <span class='ocrx_word' id='word_1_102' title='bbox 1174 1680 1265 1741; x_wconf 94' lang='lat' dir='ltr'><strong>alium</strong></span> <span class='ocrx_word' id='word_1_103' title='bbox 1287 1679 1386 1741; x_wconf 90' lang='lat' dir='ltr'><strong>deum·</strong></span> <span class='ocrx_word' id='word_1_104' title='bbox 1399 1679 1437 1741; x_wconf 88' lang='lat' dir='ltr'><strong>ab</strong></span> 
     </span>
     <span class='ocr_line' id='line_1_12' title="bbox 260 1780 1437 1863; baseline -0.002 -18"><span class='ocrx_word' id='word_1_105' title='bbox 260 1784 397 1863; x_wconf 89' lang='lat' dir='ltr'><strong>apostolo</strong></span> <span class='ocrx_word' id='word_1_106' title='bbox 419 1783 619 1863; x_wconf 88' lang='lat' dir='ltr'><strong>praedicatum</strong></span> <span class='ocrx_word' id='word_1_107' title='bbox 641 1802 729 1861; x_wconf 92' lang='lat' dir='ltr'><strong>quam</strong></span> <span class='ocrx_word' id='word_1_108' title='bbox 753 1784 837 1844; x_wconf 91' lang='lat' dir='ltr'><strong>cuius</strong></span> <span class='ocrx_word' id='word_1_109' title='bbox 860 1783 977 1844; x_wconf 90' lang='lat' dir='ltr'><strong>decreta</strong></span> <span class='ocrx_word' id='word_1_110' title='bbox 992 1780 1199 1861; x_wconf 90' lang='lat' dir='ltr'><strong>cupiebatiam</strong></span> <span class='ocrx_word' id='word_1_111' title='bbox 1218 1781 1357 1859; x_wconf 82' lang='lat' dir='ltr'><strong>agnosci,</strong></span> <span class='ocrx_word' id='word_1_112' title='bbox 1380 1780 1437 1843; x_wconf 86' lang='lat' dir='ltr'><strong>lal-</strong></span> 
     </span>
     <span class='ocr_line' id='line_1_13' title="bbox 260 1881 1436 1963; baseline -0.002 -17"><span class='ocrx_word' id='word_1_113' title='bbox 260 1902 313 1946; x_wconf 88' lang='lat' dir='ltr'><strong>sos</strong></span> <span class='ocrx_word' id='word_1_114' title='bbox 336 1892 367 1945; x_wconf 90' lang='lat' dir='ltr'><strong>et</strong></span> <span class='ocrx_word' id='word_1_115' title='bbox 387 1884 540 1963; x_wconf 90' lang='lat' dir='ltr'><strong>apostolos</strong></span> <span class='ocrx_word' id='word_1_116' title='bbox 563 1892 593 1945; x_wconf 91' lang='lat' dir='ltr'><strong>et</strong></span> <span class='ocrx_word' id='word_1_117' title='bbox 618 1884 725 1946; x_wconf 82' lang='lat' dir='ltr'><strong>iratres</strong></span> <span class='ocrx_word' id='word_1_118' title='bbox 753 1893 861 1945; x_wconf 91' lang='lat' dir='ltr'><strong>notans</strong></span> <span class='ocrx_word' id='word_1_119' title='bbox 889 1884 921 1945; x_wconf 89' lang='lat' dir='ltr'><strong>iu</strong></span> <span class='ocrx_word' id='word_1_120' title='bbox 949 1885 1005 1945; x_wconf 88' lang='lat' dir='ltr'><strong>bac</strong></span> <span class='ocrx_word' id='word_1_121' title='bbox 1032 1900 1139 1956; x_wconf 90' lang='lat' dir='ltr'><strong>causa,</strong></span> <span class='ocrx_word' id='word_1_122' title='bbox 1172 1882 1222 1960; x_wconf 92' lang='lat' dir='ltr'><strong>qui</strong></span> <span class='ocrx_word' id='word_1_123' title='bbox 1250 1881 1436 1962; x_wconf 84' lang='lat' dir='ltr'><strong>evangelium</strong></span> 
     </span>
     <span class='ocr_line' id='line_1_14' title="bbox 260 1982 1436 2063; baseline -0.001 -18"><span class='ocrx_word' id='word_1_124' title='bbox 260 1983 370 2045; x_wconf 80' lang='lat' dir='ltr'><strong>Christi</strong></span> <span class='ocrx_word' id='word_1_125' title='bbox 392 1983 535 2045; x_wconf 88' lang='lat' dir='ltr'><strong>creatoris</strong></span> <span class='ocrx_word' id='word_1_126' title='bbox 558 1985 752 2046; x_wconf 82' lang='lat' dir='ltr'><strong>transferrent</strong></span> <span class='ocrx_word' id='word_1_127' title='bbox 780 2004 797 2046; x_wconf 91' lang='lat' dir='ltr'><strong>a</strong></span> <span class='ocrx_word' id='word_1_128' title='bbox 819 1985 948 2045; x_wconf 85' lang='lat' dir='ltr'><strong>novitate</strong></span> <span class='ocrx_word' id='word_1_129' title='bbox 969 1982 1174 2063; x_wconf 89' lang='lat' dir='ltr'><strong>praenuntiata</strong></span> <span class='ocrx_word' id='word_1_130' title='bbox 1202 2000 1219 2044; x_wconf 91' lang='lat' dir='ltr'><strong>a</strong></span> <span class='ocrx_word' id='word_1_131' title='bbox 1240 1989 1377 2044; x_wconf 90' lang='lat' dir='ltr'><strong>creatore</strong></span> <span class='ocrx_word' id='word_1_132' title='bbox 1398 1982 1436 2044; x_wconf 89' lang='lat' dir='ltr'><strong>ad</strong></span> 
     </span>
     <span class='ocr_line' id='line_1_15' title="bbox 259 2091 834 2146; baseline -0.002 0"><span class='ocrx_word' id='word_1_133' title='bbox 259 2092 436 2146; x_wconf 87' lang='lat' dir='ltr'><strong>vetustatem</strong></span> <span class='ocrx_word' id='word_1_134' title='bbox 457 2092 621 2146; x_wconf 86' lang='lat' dir='ltr'><strong>recusatam</strong></span> <span class='ocrx_word' id='word_1_135' title='bbox 643 2104 660 2146; x_wconf 93' lang='lat' dir='ltr'><strong>a</strong></span> <span class='ocrx_word' id='word_1_136' title='bbox 682 2091 834 2146; x_wconf 67' lang='lat' dir='ltr'><strong>creatore:</strong></span> 
     </span>
    </p>

    <p class='ocr_par' dir='ltr' id='par_1_3' title="bbox 125 2182 1437 2365">
     <span class='ocr_line' id='line_1_16' title="bbox 125 2182 1437 2264; baseline 0.002 -21"><span class='ocrx_word' id='word_1_137' title='bbox 125 2195 244 2256; x_wconf 72' lang='lat' dir='ltr'><strong>capul.</strong></span> <span class='ocrx_word' id='word_1_138' title='bbox 347 2185 484 2246; x_wconf 82' lang='lat' dir='ltr'><strong>Ceterum</strong></span> <span class='ocrx_word' id='word_1_139' title='bbox 513 2185 555 2246; x_wconf 86' lang='lat' dir='ltr'><strong>¹si</strong></span> <span class='ocrx_word' id='word_1_140' title='bbox 583 2203 640 2263; x_wconf 90' lang='lat' dir='ltr'><strong>qua</strong></span> <span class='ocrx_word' id='word_1_141' title='bbox 666 2203 775 2246; x_wconf 89' lang='lat' dir='ltr'><strong>novum</strong></span> <span class='ocrx_word' id='word_1_142' title='bbox 804 2185 892 2246; x_wconf 90' lang='lat' dir='ltr'><strong>deum</strong></span> <span class='ocrx_word' id='word_1_143' title='bbox 920 2184 1094 2264; x_wconf 89' lang='lat' dir='ltr'><strong>praedicans</strong></span> <span class='ocrx_word' id='word_1_144' title='bbox 1125 2182 1234 2244; x_wconf 89' lang='lat' dir='ltr'><strong>veteris</strong></span> <span class='ocrx_word' id='word_1_145' title='bbox 1262 2182 1309 2244; x_wconf 90' lang='lat' dir='ltr'><strong>dei</strong></span> <span class='ocrx_word' id='word_1_146' title='bbox 1338 2183 1437 2262; x_wconf 88' lang='lat' dir='ltr'><strong>legem</strong></span> 
     </span>
     <span class='ocr_line' id='line_1_17' title="bbox 260 2283 1435 2365; baseline -0.002 -17"><span class='ocrx_word' id='word_1_147' title='bbox 260 2284 394 2365; x_wconf 77' lang='lat' dir='ltr'><strong>eripiebat</strong></span> <span class='ocrx_word' id='word_1_148' title='bbox 423 2285 593 2360; x_wconf 87' lang='lat' dir='ltr'><strong>excludere,</strong></span> <span class='ocrx_word' id='word_1_149' title='bbox 630 2303 720 2364; x_wconf 91' lang='lat' dir='ltr'><strong>quare</strong></span> <span class='ocrx_word' id='word_1_150' title='bbox 749 2284 785 2345; x_wconf 91' lang='lat' dir='ltr'><strong>de</strong></span> <span class='ocrx_word' id='word_1_151' title='bbox 814 2285 870 2346; x_wconf 91' lang='lat' dir='ltr'><strong>deo</strong></span> <span class='ocrx_word' id='word_1_152' title='bbox 898 2285 1017 2364; x_wconf 89' lang='lat' dir='ltr'><strong>quidem</strong></span> <span class='ocrx_word' id='word_1_153' title='bbox 1046 2301 1124 2345; x_wconf 90' lang='lat' dir='ltr'><strong>novo</strong></span> <span class='ocrx_word' id='word_1_154' title='bbox 1151 2283 1224 2344; x_wconf 90' lang='lat' dir='ltr'><strong>nibil</strong></span> <span class='ocrx_word' id='word_1_155' title='bbox 1244 2284 1435 2363; x_wconf 89' lang='lat' dir='ltr'><strong>praescribit,</strong></span> 
     </span>
    </p>

    <p class='ocr_par' dir='ltr' id='par_1_4' title="bbox 260 2384 1469 2465">
     <span class='ocr_line' id='line_1_18' title="bbox 260 2384 1469 2465; baseline 0.001 -19"><span class='ocrx_word' id='word_1_156' title='bbox 260 2386 315 2447; x_wconf 88' lang='lat' dir='ltr'><strong>sed</strong></span> <span class='ocrx_word' id='word_1_157' title='bbox 337 2386 373 2448; x_wconf 89' lang='lat' dir='ltr'><strong>de</strong></span> <span class='ocrx_word' id='word_1_158' title='bbox 395 2395 494 2449; x_wconf 90' lang='lat' dir='ltr'><strong>vetere</strong></span> <span class='ocrx_word' id='word_1_159' title='bbox 515 2386 580 2465; x_wconf 90' lang='lat' dir='ltr'><strong>lege</strong></span> <span class='ocrx_word' id='word_1_160' title='bbox 602 2385 806 2461; x_wconf 87' lang='lat' dir='ltr'><strong>solummodo,</strong></span> <span class='ocrx_word' id='word_1_161' title='bbox 828 2386 886 2448; x_wconf 92' lang='lat' dir='ltr'><strong>nisi</strong></span> <span class='ocrx_word' id='word_1_162' title='bbox 908 2386 1048 2465; x_wconf 92' lang='lat' dir='ltr'><strong>quoniam</strong></span> <span class='ocrx_word' id='word_1_163' title='bbox 1071 2384 1127 2445; x_wconf 83' lang='lat' dir='ltr'><strong>tide</strong></span> <span class='ocrx_word' id='word_1_164' title='bbox 1150 2392 1287 2445; x_wconf 89' lang='lat' dir='ltr'><strong>manente</strong></span> <span class='ocrx_word' id='word_1_165' title='bbox 1301 2385 1332 2445; x_wconf 93' lang='lat' dir='ltr'><strong>in</strong></span> <span class='ocrx_word' id='word_1_166' title='bbox 1349 2404 1436 2447; x_wconf 88' lang='lat' dir='ltr'><strong>crea-</strong></span> <span class='ocrx_word' id='word_1_167' title='bbox 1465 2457 1469 2464; x_wconf 29' lang='lat'><strong>¹</strong></span> 
     </span>
    </p>

    <p class='ocr_par' dir='ltr' id='par_1_5' title="bbox 104 2485 1477 4277">
     <span class='ocr_line' id='line_1_19' title="bbox 258 2485 1477 2568; baseline 0.002 -22"><span class='ocrx_word' id='word_1_168' title='bbox 258 2493 355 2546; x_wconf 88' lang='lat' dir='ltr'><strong>torem</strong></span> <span class='ocrx_word' id='word_1_169' title='bbox 377 2487 441 2548; x_wconf 91' lang='lat' dir='ltr'><strong>sola</strong></span> <span class='ocrx_word' id='word_1_170' title='bbox 463 2485 509 2547; x_wconf 86' lang='lat' dir='ltr'><strong>lex</strong></span> <span class='ocrx_word' id='word_1_171' title='bbox 532 2486 595 2547; x_wconf 92' lang='lat' dir='ltr'><strong>eius</strong></span> <span class='ocrx_word' id='word_1_172' title='bbox 617 2500 812 2548; x_wconf 72' lang='lat' dir='ltr'><strong>concessare·¹</strong></span> <span class='ocrx_word' id='word_1_173' title='bbox 834 2486 980 2548; x_wconf 74' lang='lat' dir='ltr'><strong>debebat?</strong></span> <span class='ocrx_word' id='word_1_174' title='bbox 1002 2486 1041 2547; x_wconf 92' lang='lat' dir='ltr'><strong>Ut</strong></span> <span class='ocrx_word' id='word_1_175' title='bbox 1062 2494 1092 2547; x_wconf 91' lang='lat' dir='ltr'><strong>et</strong></span> <span class='ocrx_word' id='word_1_176' title='bbox 1113 2487 1246 2565; x_wconf 89' lang='lat' dir='ltr'><strong>psalmus</strong></span> <span class='ocrx_word' id='word_1_177' title='bbox 1261 2485 1311 2546; x_wconf 92' lang='lat' dir='ltr'><strong>ille</strong></span> <span class='ocrx_word' id='word_1_178' title='bbox 1325 2485 1436 2565; x_wconf 73' lang='lat' dir='ltr'><strong>&#39;prm-</strong></span> <span class='ocrx_word' id='word_1_179' title='bbox 1472 2551 1477 2568; x_wconf 36' lang='lat'><strong>¹</strong></span> 
     </span>
     <span class='ocr_line' id='line_1_20' title="bbox 104 2584 1437 2664; baseline 0.004 -19"><span class='ocrx_word' id='word_1_180' title='bbox 104 2584 408 2646; x_wconf 65' lang='lat' dir='ltr'><strong>nnus-aetnaeos:</strong></span> <span class='ocrx_word' id='word_1_181' title='bbox 434 2586 659 2664; x_wconf 83' lang='lat' dir='ltr'><strong>Disrumpamus</strong></span> <span class='ocrx_word' id='word_1_182' title='bbox 681 2587 795 2648; x_wconf 91' lang='lat' dir='ltr'><strong>vincula</strong></span> <span class='ocrx_word' id='word_1_183' title='bbox 817 2607 834 2647; x_wconf 91' lang='lat' dir='ltr'><strong>a</strong></span> <span class='ocrx_word' id='word_1_184' title='bbox 856 2586 944 2649; x_wconf 93' lang='lat' dir='ltr'><strong>nobis</strong></span> <span class='ocrx_word' id='word_1_185' title='bbox 967 2604 1071 2648; x_wconf 90' lang='lat' dir='ltr'><strong>eorum</strong></span> <span class='ocrx_word' id='word_1_186' title='bbox 1094 2594 1124 2647; x_wconf 89' lang='lat' dir='ltr'><strong>et</strong></span> <span class='ocrx_word' id='word_1_187' title='bbox 1145 2585 1304 2648; x_wconf 88' lang='lat' dir='ltr'><strong>abiciamus</strong></span> <span class='ocrx_word' id='word_1_188' title='bbox 1328 2601 1437 2650; x_wconf 87' lang='lat' dir='ltr'><strong>eorum</strong></span> 
     </span>
     <span class='ocr_line' id='line_1_21' title="bbox 257 2684 1435 2769; baseline 0.005 -24"><span class='ocrx_word' id='word_1_189' title='bbox 257 2684 357 2762; x_wconf 87' lang='lat' dir='ltr'><strong>iugum</strong></span> <span class='ocrx_word' id='word_1_190' title='bbox 380 2702 397 2746; x_wconf 90' lang='lat' dir='ltr'><strong>a</strong></span> <span class='ocrx_word' id='word_1_191' title='bbox 418 2685 522 2759; x_wconf 86' lang='lat' dir='ltr'><strong>nobis;</strong></span> <span class='ocrx_word' id='word_1_192' title='bbox 556 2704 592 2746; x_wconf 86' lang='lat' dir='ltr'><strong>ex</strong></span> <span class='ocrx_word' id='word_1_193' title='bbox 619 2704 678 2764; x_wconf 92' lang='lat' dir='ltr'><strong>quo</strong></span> <span class='ocrx_word' id='word_1_194' title='bbox 701 2687 812 2749; x_wconf 89' lang='lat' dir='ltr'><strong>scilicet</strong></span> <span class='ocrx_word' id='word_1_195' title='bbox 835 2688 1026 2749; x_wconf 87' lang='lat' dir='ltr'><strong>tumultuatae</strong></span> <span class='ocrx_word' id='word_1_196' title='bbox 1055 2695 1125 2749; x_wconf 90' lang='lat' dir='ltr'><strong>sunt</strong></span> <span class='ocrx_word' id='word_1_197' title='bbox 1153 2695 1256 2765; x_wconf 86' lang='lat' dir='ltr'><strong>gentes</strong></span> <span class='ocrx_word' id='word_1_198' title='bbox 1278 2696 1308 2748; x_wconf 90' lang='lat' dir='ltr'><strong>et</strong></span> <span class='ocrx_word' id='word_1_199' title='bbox 1328 2690 1435 2769; x_wconf 89' lang='lat' dir='ltr'><strong>populi</strong></span> 
     </span>
     <span class='ocr_line' id='line_1_22' title="bbox 257 2783 1435 2867; baseline 0.004 -21"><span class='ocrx_word' id='word_1_200' title='bbox 257 2783 389 2846; x_wconf 90' lang='lat' dir='ltr'><strong>meditati</strong></span> <span class='ocrx_word' id='word_1_201' title='bbox 416 2794 487 2848; x_wconf 91' lang='lat' dir='ltr'><strong>suut</strong></span> <span class='ocrx_word' id='word_1_202' title='bbox 513 2785 629 2859; x_wconf 84' lang='lat' dir='ltr'><strong>inania3</strong></span> <span class='ocrx_word' id='word_1_203' title='bbox 662 2788 821 2849; x_wconf 89' lang='lat' dir='ltr'><strong>astiterunt</strong></span> <span class='ocrx_word' id='word_1_204' title='bbox 848 2807 935 2867; x_wconf 87' lang='lat' dir='ltr'><strong>reges</strong></span> <span class='ocrx_word' id='word_1_205' title='bbox 958 2797 1055 2849; x_wconf 90' lang='lat' dir='ltr'><strong>terrae</strong></span> <span class='ocrx_word' id='word_1_206' title='bbox 1077 2796 1107 2848; x_wconf 91' lang='lat' dir='ltr'><strong>et</strong></span> <span class='ocrx_word' id='word_1_207' title='bbox 1128 2788 1317 2866; x_wconf 80' lang='lat' dir='ltr'><strong>magistratus</strong></span> <span class='ocrx_word' id='word_1_208' title='bbox 1340 2788 1435 2851; x_wconf 76' lang='lat' dir='ltr'><strong>&#39;con-</strong></span> 
     </span>
     <span class='ocr_line' id='line_1_23' title="bbox 205 2886 1436 2967; baseline 0.006 -21"><span class='ocrx_word' id='word_1_209' title='bbox 205 2937 209 2945; x_wconf 96' lang='lat'><strong>.</strong></span> <span class='ocrx_word' id='word_1_210' title='bbox 256 2894 402 2947; x_wconf 79' lang='lat' dir='ltr'><strong>venerumt</strong></span> <span class='ocrx_word' id='word_1_211' title='bbox 428 2887 458 2948; x_wconf 93' lang='lat' dir='ltr'><strong>in</strong></span> <span class='ocrx_word' id='word_1_212' title='bbox 486 2905 578 2948; x_wconf 91' lang='lat' dir='ltr'><strong>unum</strong></span> <span class='ocrx_word' id='word_1_213' title='bbox 606 2886 747 2967; x_wconf 73' lang='lat' dir='ltr'><strong>adversus</strong></span> <span class='ocrx_word' id='word_1_214' title='bbox 777 2889 931 2952; x_wconf 91' lang='lat' dir='ltr'><strong>dominum</strong></span> <span class='ocrx_word' id='word_1_215' title='bbox 959 2899 989 2951; x_wconf 90' lang='lat' dir='ltr'><strong>et</strong></span> <span class='ocrx_word' id='word_1_216' title='bbox 1017 2890 1159 2951; x_wconf 89' lang='lat' dir='ltr'><strong>adversus</strong></span> <span class='ocrx_word' id='word_1_217' title='bbox 1183 2889 1334 2951; x_wconf 83' lang='lat' dir='ltr'><strong>Christum</strong></span> <span class='ocrx_word' id='word_1_218' title='bbox 1357 2891 1436 2954; x_wconf 86' lang='lat' dir='ltr'><strong>eius.</strong></span> 
     </span>
     <span class='ocr_line' id='line_1_24' title="bbox 255 2985 1436 3071; baseline 0.006 -24"><span class='ocrx_word' id='word_1_219' title='bbox 255 2985 293 3047; x_wconf 76' lang='lat' dir='ltr'><strong>lit</strong></span> <span class='ocrx_word' id='word_1_220' title='bbox 314 2987 431 3065; x_wconf 91' lang='lat' dir='ltr'><strong>utique,</strong></span> <span class='ocrx_word' id='word_1_221' title='bbox 464 2987 491 3048; x_wconf 93' lang='lat' dir='ltr'><strong>si</strong></span> <span class='ocrx_word' id='word_1_222' title='bbox 513 2987 586 3049; x_wconf 92' lang='lat' dir='ltr'><strong>alius</strong></span> <span class='ocrx_word' id='word_1_223' title='bbox 615 2987 689 3048; x_wconf 90' lang='lat' dir='ltr'><strong>deus</strong></span> <span class='ocrx_word' id='word_1_224' title='bbox 718 2990 939 3068; x_wconf 89' lang='lat' dir='ltr'><strong>praedicaretur</strong></span> <span class='ocrx_word' id='word_1_225' title='bbox 966 3011 983 3051; x_wconf 93' lang='lat' dir='ltr'><strong>a</strong></span> <span class='ocrx_word' id='word_1_226' title='bbox 1009 2988 1117 3063; x_wconf 88' lang='lat' dir='ltr'><strong>Paulo,</strong></span> <span class='ocrx_word' id='word_1_227' title='bbox 1148 2990 1228 3051; x_wconf 90' lang='lat' dir='ltr'><strong>nulla</strong></span> <span class='ocrx_word' id='word_1_228' title='bbox 1256 2990 1436 3071; x_wconf 86' lang='lat' dir='ltr'><strong>disceptatio</strong></span> 
     </span>
     <span class='ocr_line' id='line_1_25' title="bbox 256 3086 1435 3170; baseline 0.006 -23"><span class='ocrx_word' id='word_1_229' title='bbox 256 3094 340 3148; x_wconf 90' lang='lat' dir='ltr'><strong>esset</strong></span> <span class='ocrx_word' id='word_1_230' title='bbox 360 3086 523 3149; x_wconf 89' lang='lat' dir='ltr'><strong>servandae</strong></span> <span class='ocrx_word' id='word_1_231' title='bbox 543 3087 617 3166; x_wconf 89' lang='lat' dir='ltr'><strong>legis</strong></span> <span class='ocrx_word' id='word_1_232' title='bbox 638 3106 748 3163; x_wconf 89' lang='lat' dir='ltr'><strong>necne,</strong></span> <span class='ocrx_word' id='word_1_233' title='bbox 782 3110 844 3152; x_wconf 92' lang='lat' dir='ltr'><strong>non</strong></span> <span class='ocrx_word' id='word_1_234' title='bbox 872 3091 1064 3170; x_wconf 72' lang='lat' dir='ltr'><strong>⁴pertinentis</strong></span> <span class='ocrx_word' id='word_1_235' title='bbox 1087 3091 1199 3152; x_wconf 90' lang='lat' dir='ltr'><strong>scilicet</strong></span> <span class='ocrx_word' id='word_1_236' title='bbox 1219 3091 1255 3152; x_wconf 92' lang='lat' dir='ltr'><strong>ad</strong></span> <span class='ocrx_word' id='word_1_237' title='bbox 1278 3091 1435 3154; x_wconf 88' lang='lat' dir='ltr'><strong>dominum</strong></span> 
     </span>
     <span class='ocr_line' id='line_1_26' title="bbox 255 3188 1435 3271; baseline 0.007 -23"><span class='ocrx_word' id='word_1_238' title='bbox 255 3205 364 3248; x_wconf 89' lang='lat' dir='ltr'><strong>novum</strong></span> <span class='ocrx_word' id='word_1_239' title='bbox 386 3195 417 3249; x_wconf 91' lang='lat' dir='ltr'><strong>et</strong></span> <span class='ocrx_word' id='word_1_240' title='bbox 437 3188 585 3250; x_wconf 91' lang='lat' dir='ltr'><strong>aemulum</strong></span> <span class='ocrx_word' id='word_1_241' title='bbox 611 3189 695 3269; x_wconf 85' lang='lat' dir='ltr'><strong>legis.</strong></span> <span class='ocrx_word' id='word_1_242' title='bbox 748 3190 816 3271; x_wconf 89' lang='lat' dir='ltr'><strong>lpsa</strong></span> <span class='ocrx_word' id='word_1_243' title='bbox 846 3192 924 3253; x_wconf 91' lang='lat' dir='ltr'><strong>enim</strong></span> <span class='ocrx_word' id='word_1_244' title='bbox 952 3192 999 3253; x_wconf 90' lang='lat' dir='ltr'><strong>dei</strong></span> <span class='ocrx_word' id='word_1_245' title='bbox 1029 3192 1143 3252; x_wconf 90' lang='lat' dir='ltr'><strong>novitas</strong></span> <span class='ocrx_word' id='word_1_246' title='bbox 1165 3200 1253 3271; x_wconf 93' lang='lat' dir='ltr'><strong>atque</strong></span> <span class='ocrx_word' id='word_1_247' title='bbox 1276 3192 1435 3256; x_wconf 84' lang='lat' dir='ltr'><strong>diversitas</strong></span> 
     </span>
     <span class='ocr_line' id='line_1_27' title="bbox 254 3286 1435 3370; baseline 0.007 -22"><span class='ocrx_word' id='word_1_248' title='bbox 254 3286 428 3351; x_wconf 88' lang='lat' dir='ltr'><strong>abstulisset</strong></span> <span class='ocrx_word' id='word_1_249' title='bbox 448 3308 510 3351; x_wconf 92' lang='lat' dir='ltr'><strong>non</strong></span> <span class='ocrx_word' id='word_1_250' title='bbox 533 3289 622 3351; x_wconf 93' lang='lat' dir='ltr'><strong>modo</strong></span> <span class='ocrx_word' id='word_1_251' title='bbox 646 3291 852 3369; x_wconf 89' lang='lat' dir='ltr'><strong>quaestionem</strong></span> <span class='ocrx_word' id='word_1_252' title='bbox 874 3291 983 3353; x_wconf 90' lang='lat' dir='ltr'><strong>veteris</strong></span> <span class='ocrx_word' id='word_1_253' title='bbox 1012 3299 1042 3353; x_wconf 89' lang='lat' dir='ltr'><strong>et</strong></span> <span class='ocrx_word' id='word_1_254' title='bbox 1063 3292 1175 3353; x_wconf 90' lang='lat' dir='ltr'><strong>alienae</strong></span> <span class='ocrx_word' id='word_1_255' title='bbox 1197 3292 1289 3370; x_wconf 89' lang='lat' dir='ltr'><strong>legis,</strong></span> <span class='ocrx_word' id='word_1_256' title='bbox 1326 3302 1435 3356; x_wconf 84' lang='lat' dir='ltr'><strong>verum</strong></span> 
     </span>
     <span class='ocr_line' id='line_1_28' title="bbox 255 3390 1433 3471; baseline 0.005 -21"><span class='ocrx_word' id='word_1_257' title='bbox 255 3407 374 3452; x_wconf 90' lang='lat' dir='ltr'><strong>omnem</strong></span> <span class='ocrx_word' id='word_1_258' title='bbox 410 3390 474 3453; x_wconf 92' lang='lat' dir='ltr'><strong>eius</strong></span> <span class='ocrx_word' id='word_1_259' title='bbox 507 3392 699 3453; x_wconf 88' lang='lat' dir='ltr'><strong>mentionem.</strong></span> <span class='ocrx_word' id='word_1_260' title='bbox 755 3390 814 3452; x_wconf 89' lang='lat' dir='ltr'><strong>Sed</strong></span> <span class='ocrx_word' id='word_1_261' title='bbox 843 3392 893 3455; x_wconf 82' lang='lat' dir='ltr'><strong>laic</strong></span> <span class='ocrx_word' id='word_1_262' title='bbox 921 3402 985 3453; x_wconf 87' lang='lat' dir='ltr'><strong>erat</strong></span> <span class='ocrx_word' id='word_1_263' title='bbox 1012 3399 1093 3453; x_wconf 88' lang='lat' dir='ltr'><strong>totus</strong></span> <span class='ocrx_word' id='word_1_264' title='bbox 1116 3400 1211 3453; x_wconf 88' lang='lat' dir='ltr'><strong>status</strong></span> <span class='ocrx_word' id='word_1_265' title='bbox 1234 3393 1433 3471; x_wconf 89' lang='lat' dir='ltr'><strong>quaestionis,</strong></span> 
     </span>
     <span class='ocr_line' id='line_1_29' title="bbox 253 3490 1453 3577; baseline 0.004 -25"><span class='ocrx_word' id='word_1_266' title='bbox 253 3491 351 3569; x_wconf 92' lang='lat' dir='ltr'><strong>quod,</strong></span> <span class='ocrx_word' id='word_1_267' title='bbox 384 3511 451 3554; x_wconf 89' lang='lat' dir='ltr'><strong>cum</strong></span> <span class='ocrx_word' id='word_1_268' title='bbox 482 3493 559 3553; x_wconf 90' lang='lat' dir='ltr'><strong>idem</strong></span> <span class='ocrx_word' id='word_1_269' title='bbox 588 3492 660 3554; x_wconf 89' lang='lat' dir='ltr'><strong>deus</strong></span> <span class='ocrx_word' id='word_1_270' title='bbox 692 3490 765 3571; x_wconf 91' lang='lat' dir='ltr'><strong>legis</strong></span> <span class='ocrx_word' id='word_1_271' title='bbox 793 3493 825 3553; x_wconf 88' lang='lat' dir='ltr'><strong>iu</strong></span> <span class='ocrx_word' id='word_1_272' title='bbox 848 3492 966 3555; x_wconf 84' lang='lat' dir='ltr'><strong>Cbristo</strong></span> <span class='ocrx_word' id='word_1_273' title='bbox 994 3493 1227 3577; x_wconf 73' lang='lat' dir='ltr'><strong>praedicaretug,</strong></span> <span class='ocrx_word' id='word_1_274' title='bbox 1262 3493 1337 3572; x_wconf 63' lang='lat' dir='ltr'><strong>‘legi</strong></span> <span class='ocrx_word' id='word_1_275' title='bbox 1366 3495 1453 3557; x_wconf 70' lang='lat' dir='ltr'><strong>eius·</strong></span> 
     </span>
     <span class='ocr_line' id='line_1_30' title="bbox 253 3589 1432 3671; baseline 0.005 -20"><span class='ocrx_word' id='word_1_276' title='bbox 253 3589 456 3668; x_wconf 80' lang='lat' dir='ltr'><strong>derogaretur.</strong></span> <span class='ocrx_word' id='word_1_277' title='bbox 491 3592 594 3654; x_wconf 88' lang='lat' dir='ltr'><strong>Stabat</strong></span> <span class='ocrx_word' id='word_1_278' title='bbox 616 3593 705 3671; x_wconf 89' lang='lat' dir='ltr'><strong>igitur</strong></span> <span class='ocrx_word' id='word_1_279' title='bbox 726 3593 799 3653; x_wconf 87' lang='lat' dir='ltr'><strong>fides</strong></span> <span class='ocrx_word' id='word_1_280' title='bbox 823 3610 943 3671; x_wconf 88' lang='lat' dir='ltr'><strong>semper</strong></span> <span class='ocrx_word' id='word_1_281' title='bbox 965 3593 995 3653; x_wconf 94' lang='lat' dir='ltr'><strong>in</strong></span> <span class='ocrx_word' id='word_1_282' title='bbox 1018 3601 1151 3655; x_wconf 90' lang='lat' dir='ltr'><strong>creatore</strong></span> <span class='ocrx_word' id='word_1_283' title='bbox 1173 3601 1202 3654; x_wconf 88' lang='lat' dir='ltr'><strong>et</strong></span> <span class='ocrx_word' id='word_1_284' title='bbox 1217 3592 1336 3655; x_wconf 84' lang='lat' dir='ltr'><strong>Cbristo</strong></span> <span class='ocrx_word' id='word_1_285' title='bbox 1352 3593 1432 3670; x_wconf 87' lang='lat' dir='ltr'><strong>eius,</strong></span> 
     </span>
     <span class='ocr_line' id='line_1_31' title="bbox 253 3689 1432 3775; baseline 0.007 -26"><span class='ocrx_word' id='word_1_286' title='bbox 253 3689 308 3750; x_wconf 88' lang='lat' dir='ltr'><strong>sed</strong></span> <span class='ocrx_word' id='word_1_287' title='bbox 329 3690 516 3751; x_wconf 90' lang='lat' dir='ltr'><strong>conversatio</strong></span> <span class='ocrx_word' id='word_1_288' title='bbox 540 3701 569 3752; x_wconf 87' lang='lat' dir='ltr'><strong>et</strong></span> <span class='ocrx_word' id='word_1_289' title='bbox 591 3693 745 3773; x_wconf 91' lang='lat' dir='ltr'><strong>disciplina</strong></span> <span class='ocrx_word' id='word_1_290' title='bbox 774 3690 906 3752; x_wconf 89' lang='lat' dir='ltr'><strong>nutabat.</strong></span> <span class='ocrx_word' id='word_1_291' title='bbox 960 3693 1034 3754; x_wconf 88' lang='lat' dir='ltr'><strong>Nam</strong></span> <span class='ocrx_word' id='word_1_292' title='bbox 1064 3701 1094 3755; x_wconf 89' lang='lat' dir='ltr'><strong>et</strong></span> <span class='ocrx_word' id='word_1_293' title='bbox 1122 3693 1170 3754; x_wconf 92' lang='lat' dir='ltr'><strong>alii</strong></span> <span class='ocrx_word' id='word_1_294' title='bbox 1198 3692 1236 3754; x_wconf 88' lang='lat' dir='ltr'><strong>dc</strong></span> <span class='ocrx_word' id='word_1_295' title='bbox 1264 3693 1432 3775; x_wconf 76' lang='lat' dir='ltr'><strong>idolothyto</strong></span> 
     </span>
     <span class='ocr_line' id='line_1_32' title="bbox 253 3789 1433 3874; baseline 0.006 -24"><span class='ocrx_word' id='word_1_296' title='bbox 253 3789 386 3863; x_wconf 84' lang='lat' dir='ltr'><strong>edendo,</strong></span> <span class='ocrx_word' id='word_1_297' title='bbox 409 3789 457 3851; x_wconf 91' lang='lat' dir='ltr'><strong>alii</strong></span> <span class='ocrx_word' id='word_1_298' title='bbox 481 3789 519 3850; x_wconf 90' lang='lat' dir='ltr'><strong>de</strong></span> <span class='ocrx_word' id='word_1_299' title='bbox 541 3790 714 3853; x_wconf 71' lang='lat' dir='ltr'><strong>“mulierum</strong></span> <span class='ocrx_word' id='word_1_300' title='bbox 736 3793 919 3865; x_wconf 88' lang='lat' dir='ltr'><strong>velamento,</strong></span> <span class='ocrx_word' id='word_1_301' title='bbox 948 3793 996 3855; x_wconf 91' lang='lat' dir='ltr'><strong>alii</strong></span> <span class='ocrx_word' id='word_1_302' title='bbox 1019 3794 1056 3855; x_wconf 92' lang='lat' dir='ltr'><strong>de</strong></span> <span class='ocrx_word' id='word_1_303' title='bbox 1079 3794 1192 3874; x_wconf 90' lang='lat' dir='ltr'><strong>nuptiis</strong></span> <span class='ocrx_word' id='word_1_304' title='bbox 1214 3794 1260 3855; x_wconf 89' lang='lat' dir='ltr'><strong>vel</strong></span> <span class='ocrx_word' id='word_1_305' title='bbox 1284 3795 1433 3874; x_wconf 87' lang='lat' dir='ltr'><strong>repudiis,</strong></span> 
     </span>
     <span class='ocr_line' id='line_1_33' title="bbox 230 3889 1432 3973; baseline 0.007 -23"><span class='ocrx_word' id='word_1_306' title='bbox 230 3889 386 3951; x_wconf 84' lang='lat' dir='ltr'><strong>&#39;nonnulli</strong></span> <span class='ocrx_word' id='word_1_307' title='bbox 409 3898 438 3951; x_wconf 92' lang='lat' dir='ltr'><strong>et</strong></span> <span class='ocrx_word' id='word_1_308' title='bbox 459 3890 496 3950; x_wconf 91' lang='lat' dir='ltr'><strong>de</strong></span> <span class='ocrx_word' id='word_1_309' title='bbox 517 3908 575 3969; x_wconf 86' lang='lat' dir='ltr'><strong>spe</strong></span> <span class='ocrx_word' id='word_1_310' title='bbox 594 3893 822 3955; x_wconf 88' lang='lat' dir='ltr'><strong>resurrectionis</strong></span> <span class='ocrx_word' id='word_1_311' title='bbox 845 3893 1064 3973; x_wconf 89' lang='lat' dir='ltr'><strong>disceptabant,</strong></span> <span class='ocrx_word' id='word_1_312' title='bbox 1087 3894 1124 3956; x_wconf 88' lang='lat' dir='ltr'><strong>de</strong></span> <span class='ocrx_word' id='word_1_313' title='bbox 1146 3895 1203 3956; x_wconf 94' lang='lat' dir='ltr'><strong>deo</strong></span> <span class='ocrx_word' id='word_1_314' title='bbox 1218 3913 1316 3958; x_wconf 91' lang='lat' dir='ltr'><strong>nemo.</strong></span> <span class='ocrx_word' id='word_1_315' title='bbox 1355 3896 1432 3959; x_wconf 89' lang='lat' dir='ltr'><strong>Nam</strong></span> 
     </span>
     <span class='ocr_line' id='line_1_34' title="bbox 251 3987 1431 4075; baseline 0.008 -26"><span class='ocrx_word' id='word_1_316' title='bbox 251 3987 297 4050; x_wconf 84' lang='lat' dir='ltr'><strong>⁷si</strong></span> <span class='ocrx_word' id='word_1_317' title='bbox 317 3989 425 4050; x_wconf 85' lang='lat' dir='ltr'><strong>luisset</strong></span> <span class='ocrx_word' id='word_1_318' title='bbox 445 3990 519 4051; x_wconf 89' lang='lat' dir='ltr'><strong>baec</strong></span> <span class='ocrx_word' id='word_1_319' title='bbox 540 4009 658 4071; x_wconf 90' lang='lat' dir='ltr'><strong>quoque</strong></span> <span class='ocrx_word' id='word_1_320' title='bbox 682 3993 817 4073; x_wconf 86' lang='lat' dir='ltr'><strong>quaestio</strong></span> <span class='ocrx_word' id='word_1_321' title='bbox 840 3993 1017 4073; x_wconf 89' lang='lat' dir='ltr'><strong>disceptata,</strong></span> <span class='ocrx_word' id='word_1_322' title='bbox 1040 4003 1071 4055; x_wconf 90' lang='lat' dir='ltr'><strong>et</strong></span> <span class='ocrx_word' id='word_1_323' title='bbox 1089 3996 1153 4074; x_wconf 91' lang='lat' dir='ltr'><strong>ipsa</strong></span> <span class='ocrx_word' id='word_1_324' title='bbox 1168 3997 1244 4075; x_wconf 90' lang='lat' dir='ltr'><strong>apud</strong></span> <span class='ocrx_word' id='word_1_325' title='bbox 1260 3997 1431 4075; x_wconf 90' lang='lat' dir='ltr'><strong>apostolum</strong></span> 
     </span>
     <span class='ocr_line' id='line_1_35' title="bbox 250 4087 1430 4176; baseline 0.008 -28"><span class='ocrx_word' id='word_1_326' title='bbox 250 4087 447 4161; x_wconf 87' lang='lat' dir='ltr'><strong>inveniretur,</strong></span> <span class='ocrx_word' id='word_1_327' title='bbox 480 4089 527 4149; x_wconf 89' lang='lat' dir='ltr'><strong>vel</strong></span> <span class='ocrx_word' id='word_1_328' title='bbox 564 4101 674 4169; x_wconf 89' lang='lat' dir='ltr'><strong>quanto</strong></span> <span class='ocrx_word' id='word_1_329' title='bbox 706 4094 910 4176; x_wconf 64' lang='lat' dir='ltr'><strong>principalisl.</strong></span> <span class='ocrx_word' id='word_1_330' title='bbox 967 4095 1083 4168; x_wconf 86' lang='lat' dir='ltr'><strong>Quodsi</strong></span> <span class='ocrx_word' id='word_1_331' title='bbox 1105 4104 1187 4175; x_wconf 74' lang='lat' dir='ltr'><strong>‚post</strong></span> <span class='ocrx_word' id='word_1_332' title='bbox 1221 4096 1430 4176; x_wconf 90' lang='lat' dir='ltr'><strong>apostolorum</strong></span> 
     </span>
     <span class='ocr_line' id='line_1_36' title="bbox 251 4190 1431 4277; baseline 0.008 -27"><span class='ocrx_word' id='word_1_333' title='bbox 251 4195 386 4269; x_wconf 89' lang='lat' dir='ltr'><strong>tempora</strong></span> <span class='ocrx_word' id='word_1_334' title='bbox 407 4190 582 4253; x_wconf 86' lang='lat' dir='ltr'><strong>adulterium</strong></span> <span class='ocrx_word' id='word_1_335' title='bbox 603 4195 713 4256; x_wconf 92' lang='lat' dir='ltr'><strong>veritas</strong></span> <span class='ocrx_word' id='word_1_336' title='bbox 735 4213 826 4275; x_wconf 89' lang='lat' dir='ltr'><strong>passa</strong></span> <span class='ocrx_word' id='word_1_337' title='bbox 848 4203 895 4256; x_wconf 92' lang='lat' dir='ltr'><strong>est</strong></span> <span class='ocrx_word' id='word_1_338' title='bbox 917 4195 993 4258; x_wconf 92' lang='lat' dir='ltr'><strong>circa</strong></span> <span class='ocrx_word' id='word_1_339' title='bbox 1015 4196 1062 4265; x_wconf 85' lang='lat' dir='ltr'><strong>dei</strong></span> <span class='ocrx_word' id='word_1_340' title='bbox 1085 4198 1233 4275; x_wconf 90' lang='lat' dir='ltr'><strong>regulam,</strong></span> <span class='ocrx_word' id='word_1_341' title='bbox 1267 4215 1339 4277; x_wconf 90' lang='lat' dir='ltr'><strong>ergo</strong></span> <span class='ocrx_word' id='word_1_342' title='bbox 1372 4197 1431 4259; x_wconf 89' lang='lat' dir='ltr'><strong>iam</strong></span> 
     </span>
    </p>
   </div>
   <div class='ocr_carea' id='block_1_3' title="bbox 249 4339 1431 4604">
    <p class='ocr_par' dir='ltr' id='par_1_6' title="bbox 252 4339 916 4411">
     <span class='ocr_line' id='line_1_37' title="bbox 252 4339 916 4411; baseline 0.009 -22"><span class='ocrx_word' id='word_1_343' title='bbox 252 4339 291 4389; x_wconf 85' lang='lat'><strong>10.</strong></span> <span class='ocrx_word' id='word_1_344' title='bbox 310 4341 331 4391; x_wconf 87' lang='lat' dir='ltr'><strong>si</strong></span> <span class='ocrx_word' id='word_1_345' title='bbox 350 4350 373 4391; x_wconf 88' lang='lat' dir='ltr'><strong>et</strong></span> <span class='ocrx_word' id='word_1_346' title='bbox 390 4342 444 4393; x_wconf 78' lang='lat' dir='ltr'><strong>lca.</strong></span> <span class='ocrx_word' id='word_1_347' title='bbox 467 4345 588 4394; x_wconf 81' lang='lat' dir='ltr'><strong>Vaticanus</strong></span> <span class='ocrx_word' id='word_1_348' title='bbox 605 4353 707 4409; x_wconf 85' lang='lat' dir='ltr'><strong>uterque.</strong></span> <span class='ocrx_word' id='word_1_349' title='bbox 744 4355 767 4395; x_wconf 87' lang='lat' dir='ltr'><strong>et</strong></span> <span class='ocrx_word' id='word_1_350' title='bbox 785 4347 805 4395; x_wconf 85' lang='lat' dir='ltr'><strong>si</strong></span> <span class='ocrx_word' id='word_1_351' title='bbox 823 4347 916 4411; x_wconf 85' lang='lat' dir='ltr'><strong>reliqui.</strong></span> 
     </span>
    </p>

    <p class='ocr_par' dir='ltr' id='par_1_7' title="bbox 249 4408 1431 4604">
     <span class='ocr_line' id='line_1_38' title="bbox 319 4408 1431 4480; baseline 0.007 -23"><span class='ocrx_word' id='word_1_352' title='bbox 319 4408 376 4472; x_wconf 83' lang='lat' dir='ltr'><strong>Cap.</strong></span> <span class='ocrx_word' id='word_1_353' title='bbox 395 4409 452 4458; x_wconf 88' lang='lat' dir='ltr'><strong>lllll.</strong></span> <span class='ocrx_word' id='word_1_354' title='bbox 491 4411 512 4459; x_wconf 89' lang='lat' dir='ltr'><strong>l.</strong></span> <span class='ocrx_word' id='word_1_355' title='bbox 530 4412 550 4460; x_wconf 87' lang='lat' dir='ltr'><strong>si</strong></span> <span class='ocrx_word' id='word_1_356' title='bbox 570 4414 637 4475; x_wconf 88' lang='lat' dir='ltr'><strong>quasi</strong></span> <span class='ocrx_word' id='word_1_357' title='bbox 656 4415 679 4461; x_wconf 87' lang='lat' dir='ltr'><strong>d.</strong></span> <span class='ocrx_word' id='word_1_358' title='bbox 715 4415 783 4476; x_wconf 86' lang='lat' dir='ltr'><strong>quasi</strong></span> <span class='ocrx_word' id='word_1_359' title='bbox 796 4415 861 4464; x_wconf 80' lang='lat' dir='ltr'><strong>Folo.</strong></span> <span class='ocrx_word' id='word_1_360' title='bbox 872 4415 978 4466; x_wconf 80' lang='lat' dir='ltr'><strong>Ursinus.</strong></span> <span class='ocrx_word' id='word_1_361' title='bbox 1023 4413 1049 4465; x_wconf 77' lang='grc'><strong>2.</strong></span> <span class='ocrx_word' id='word_1_362' title='bbox 1067 4417 1249 4480; x_wconf 87' lang='lat' dir='ltr'><strong>praececinerat</strong></span> <span class='ocrx_word' id='word_1_363' title='bbox 1266 4414 1351 4477; x_wconf 60' lang='grc'><strong>(1.,3.</strong></span> <span class='ocrx_word' id='word_1_364' title='bbox 1371 4430 1431 4467; x_wconf 89' lang='lat' dir='ltr'><strong>cou-</strong></span> 
     </span>
     <span class='ocr_line' id='line_1_39' title="bbox 249 4478 1429 4548; baseline 0.008 -26"><span class='ocrx_word' id='word_1_365' title='bbox 249 4484 365 4524; x_wconf 82' lang='lat' dir='ltr'><strong>venerant</strong></span> <span class='ocrx_word' id='word_1_366' title='bbox 382 4479 417 4526; x_wconf 87' lang='lat' dir='ltr'><strong>cd.</strong></span> <span class='ocrx_word' id='word_1_367' title='bbox 440 4478 681 4543; x_wconf 82' lang='lat' dir='ltr'><strong>Vaticanus&#39;uterque.</strong></span> <span class='ocrx_word' id='word_1_368' title='bbox 723 4481 931 4533; x_wconf 86' lang='lat' dir='ltr'><strong>circumvenerunt</strong></span> <span class='ocrx_word' id='word_1_369' title='bbox 956 4485 1049 4548; x_wconf 84' lang='lat' dir='ltr'><strong>reliqui.</strong></span> <span class='ocrx_word' id='word_1_370' title='bbox 1110 4483 1135 4532; x_wconf 79' lang='lat' dir='ltr'><strong>l.</strong></span> <span class='ocrx_word' id='word_1_371' title='bbox 1159 4484 1309 4545; x_wconf 85' lang='lat' dir='ltr'><strong>pertinentes</strong></span> <span class='ocrx_word' id='word_1_372' title='bbox 1327 4485 1365 4534; x_wconf 86' lang='lat' dir='ltr'><strong>bc.</strong></span> <span class='ocrx_word' id='word_1_373' title='bbox 1406 4483 1429 4533; x_wconf 80' lang='lat'><strong>5.</strong></span> 
     </span>
     <span class='ocr_line' id='line_1_40' title="bbox 250 4540 874 4604; baseline 0.011 -14"><span class='ocrx_word' id='word_1_374' title='bbox 250 4540 303 4604; x_wconf 83' lang='lat' dir='ltr'><strong>lege</strong></span> <span class='ocrx_word' id='word_1_375' title='bbox 321 4545 358 4592; x_wconf 85' lang='lat' dir='ltr'><strong>ob.</strong></span> <span class='ocrx_word' id='word_1_376' title='bbox 411 4542 435 4592; x_wconf 87' lang='lat'><strong>6.</strong></span> <span class='ocrx_word' id='word_1_377' title='bbox 455 4545 563 4594; x_wconf 86' lang='lat' dir='ltr'><strong>mulieris</strong></span> <span class='ocrx_word' id='word_1_378' title='bbox 580 4546 625 4595; x_wconf 76' lang='lat' dir='ltr'><strong>Aa.</strong></span> <span class='ocrx_word' id='word_1_379' title='bbox 677 4546 700 4596; x_wconf 81' lang='lat' dir='ltr'><strong>i.</strong></span> <span class='ocrx_word' id='word_1_380' title='bbox 719 4548 739 4597; x_wconf 86' lang='lat' dir='ltr'><strong>si</strong></span> <span class='ocrx_word' id='word_1_381' title='bbox 758 4564 803 4598; x_wconf 85' lang='lat' dir='ltr'><strong>om.</strong></span> <span class='ocrx_word' id='word_1_382' title='bbox 812 4548 874 4599; x_wconf 81' lang='lat' dir='ltr'><strong>ABG.</strong></span> 
     </span>
    </p>
   </div>
   <div class='ocr_carea' id='block_1_4' title="bbox 249 4673 1428 4881">
    <p class='ocr_par' dir='ltr' id='par_1_8' title="bbox 249 4673 1428 4881">
     <span class='ocr_line' id='line_1_41' title="bbox 284 4673 1428 4750; baseline 0.008 -24"><span class='ocrx_word' id='word_1_383' title='bbox 284 4675 342 4740; x_wconf 81' lang='lat' dir='ltr'><strong>Cap.</strong></span> <span class='ocrx_word' id='word_1_384' title='bbox 359 4677 419 4726; x_wconf 79' lang='lat' dir='ltr'><strong>xxt.</strong></span> <span class='ocrx_word' id='word_1_385' title='bbox 454 4695 475 4727; x_wconf 83' lang='lat' dir='ltr'><strong>a.</strong></span> <span class='ocrx_word' id='word_1_386' title='bbox 495 4673 650 4742; x_wconf 86' lang='lat' dir='ltr'><strong>concessare]</strong></span> <span class='ocrx_word' id='word_1_387' title='bbox 669 4680 809 4731; x_wconf 77' lang='lat' dir='ltr'><strong>Ciadnott.</strong></span> <span class='ocrx_word' id='word_1_388' title='bbox 863 4682 939 4743; x_wconf 79' lang='lat' dir='ltr'><strong>magis</strong></span> <span class='ocrx_word' id='word_1_389' title='bbox 963 4680 1173 4744; x_wconf 87' lang='lat' dir='ltr'><strong>est-principalis.</strong></span> <span class='ocrx_word' id='word_1_390' title='bbox 1217 4683 1252 4730; x_wconf 84' lang='lat' dir='ltr'><strong>lle</strong></span> <span class='ocrx_word' id='word_1_391' title='bbox 1276 4683 1323 4734; x_wconf 86' lang='lat' dir='ltr'><strong>bac</strong></span> <span class='ocrx_word' id='word_1_392' title='bbox 1347 4684 1428 4750; x_wconf 82' lang='lat' dir='ltr'><strong>ellipsi</strong></span> 
     </span>
     <span class='ocr_line' id='line_1_42' title="bbox 249 4744 1428 4814; baseline 0.006 -21"><span class='ocrx_word' id='word_1_393' title='bbox 249 4744 280 4794; x_wconf 79' lang='lat' dir='ltr'><strong>ad</strong></span> <span class='ocrx_word' id='word_1_394' title='bbox 297 4745 331 4792; x_wconf 84' lang='lat' dir='ltr'><strong>lie</strong></span> <span class='ocrx_word' id='word_1_395' title='bbox 349 4744 412 4807; x_wconf 81' lang='lat' dir='ltr'><strong>Fuga</strong></span> <span class='ocrx_word' id='word_1_396' title='bbox 431 4746 454 4794; x_wconf 91' lang='lat' dir='ltr'><strong>in</strong></span> <span class='ocrx_word' id='word_1_397' title='bbox 474 4745 596 4796; x_wconf 86' lang='lat' dir='ltr'><strong>Persecnt.</strong></span> <span class='ocrx_word' id='word_1_398' title='bbox 615 4747 699 4809; x_wconf 83' lang='lat' dir='ltr'><strong>capb.</strong></span> <span class='ocrx_word' id='word_1_399' title='bbox 863 4763 882 4798; x_wconf 89' lang='lat' dir='ltr'><strong>v.</strong></span> <span class='ocrx_word' id='word_1_400' title='bbox 907 4762 969 4813; x_wconf 88' lang='lat' dir='ltr'><strong>quae</strong></span> <span class='ocrx_word' id='word_1_401' title='bbox 986 4748 1096 4797; x_wconf 85' lang='lat' dir='ltr'><strong>adnotavi</strong></span> <span class='ocrx_word' id='word_1_402' title='bbox 1126 4749 1156 4798; x_wconf 88' lang='lat' dir='ltr'><strong>ad</strong></span> <span class='ocrx_word' id='word_1_403' title='bbox 1181 4749 1215 4798; x_wconf 85' lang='lat' dir='ltr'><strong>lic</strong></span> <span class='ocrx_word' id='word_1_404' title='bbox 1239 4749 1302 4814; x_wconf 79' lang='lat' dir='ltr'><strong>Virg.</strong></span> <span class='ocrx_word' id='word_1_405' title='bbox 1327 4751 1428 4802; x_wconf 79' lang='lat' dir='ltr'><strong>leland.</strong></span> 
     </span>
     <span class='ocr_line' id='line_1_43' title="bbox 283 4810 971 4881; baseline 0.009 -22"><span class='ocrx_word' id='word_1_406' title='bbox 283 4810 306 4861; x_wconf 90' lang='lat' dir='ltr'><strong>b.</strong></span> <span class='ocrx_word' id='word_1_407' title='bbox 325 4813 360 4862; x_wconf 92' lang='lat' dir='ltr'><strong>vel</strong></span> <span class='ocrx_word' id='word_1_408' title='bbox 379 4822 467 4878; x_wconf 87' lang='lat' dir='ltr'><strong>quanto</strong></span> <span class='ocrx_word' id='word_1_409' title='bbox 485 4810 647 4880; x_wconf 82' lang='lat' dir='ltr'><strong>principalis]</strong></span> <span class='ocrx_word' id='word_1_410' title='bbox 661 4815 700 4865; x_wconf 84' lang='lat' dir='ltr'><strong>Vel</strong></span> <span class='ocrx_word' id='word_1_411' title='bbox 719 4822 808 4881; x_wconf 87' lang='lat' dir='ltr'><strong>quanto</strong></span> <span class='ocrx_word' id='word_1_412' title='bbox 862 4830 915 4881; x_wconf 85' lang='lat' dir='ltr'><strong>cap.</strong></span> <span class='ocrx_word' id='word_1_413' title='bbox 930 4815 971 4866; x_wconf 78' lang='lat'><strong>17.</strong></span> 
     </span>
    </p>
   </div>
   <div class='ocr_carea' id='block_1_5' title="bbox 0 0 1626 5775">
    <p class='ocr_par' dir='ltr' id='par_1_9' title="bbox 0 0 1626 5775">
     <span class='ocr_line' id='line_1_44' title="bbox 0 0 1626 5775; baseline 0 4"><span class='ocrx_word' id='word_1_414' title='bbox 0 0 1626 5775; x_wconf 95' lang='lat' dir='ltr'><strong> </strong></span> 
     </span>
    </p>
   </div>
  </div>
 </body>
</html>
