3242 5775
548 647 697 709 sumasne
720 622 893 712 mucrones}
914 671 971 714 mn.
988 672 1020 715 u.
1315 668 1378 733 117

195 819 284 871 ome
308 828 368 872 nna
392 830 462 873 orm
486 812 533 874 eis
547 813 718 892 impendet.
752 815 929 882 'lliserandi
951 838 1006 882 ros
1029 840 1147 902 quoque
1169 843 1237 887 oum
1251 830 1376 909 popula,

195 911 235 990 pri
254 911 413 975 Christum
434 931 498 974 non
526 915 706 994 agnoscitis,
737 916 768 977 in
796 937 927 998 persona
956 921 1050 1002 Mopsi
1078 924 1251 1003 figuramur,
1278 932 1373 1009 pau-ig

196 1013 425 1093 deprentorem·
442 1024 474 1077 et
501 1015 666 1078 oblatorem
694 1018 810 1080 animae
838 1039 910 1082 suae
935 1039 991 1102 pro
1019 1005 1122 1103 populi
1150 1026 1255 1090 salute.
1310 1030 1372 1094 Sed

197 1114 292 1177 suum
313 1116 343 1177 si
366 1126 400 1177 et
413 1116 511 1198 llopsi
531 1117 654 1197 proprie
676 1116 804 1208 donatus
827 1128 874 1182 est
898 1123 1026 1202 populus
1041 1124 1077 1185 ad
1092 1127 1246 1203 pr'aesens.
1281 1129 1370 1202 Quod

196 1226 223 1276 st
239 1217 367 1279 tammus
389 1217 547 1297 postulare
568 1227 675 1297 posset
696 1237 712 1280 a
734 1218 872 1295 domino,
896 1223 925 1285 id
948 1223 1087 1286 domiuus
1109 1244 1126 1287 a
1149 1244 1182 1288 se
1196 1229 1368 1307 postulavit.

197 1316 231 1377 tt
249 1318 306 1379 hoc
328 1318 412 1381 enim
434 1319 546 1381 tamulo
568 1319 658 1393 dixit,
689 1320 762 1382 Sine
782 1340 847 1395 me,
871 1324 928 1386 ¹⁰et
949 1323 1118 1404 disperdam
1139 1326 1223 1401 illos,
1256 1338 1290 1390 ut
1317 1330 1367 1392 illo
1399 1388 1404 1398 ,
1470 1336 1474 1344 “

200 1419 365 1497 pssodaudo
388 1421 639 1501 etsemetipsum
661 1422 816 1484 ollerendo
833 1442 894 1485 non
910 1424 1038 1498 sineret,
1061 1434 1151 1506 atque
1171 1426 1212 1489 ita
1234 1427 1366 1493 disemos

203 1530 328 1598 putum
350 1520 439 1582 liceat
459 1520 538 1582 fideli
561 1530 591 1603 et
611 1524 775 1603 prophetae
796 1524 874 1604 apud
896 1524 995 1586 deum.

271 1621 332 1683 lam
355 1639 450 1694 nunc,
473 1629 507 1684 ut
529 1631 559 1684 et
580 1632 678 1685 cetera
700 1623 876 1704 compendio
899 1624 1064 1699 absolvam,
1093 1644 1286 1707 quoecumque
1308 1630 1520 1696 ert-comm

208 1720 253 1782 tue
269 1730 301 1783 nt
327 1723 449 1802 ¹pusilla
478 1732 509 1785 et
535 1723 651 1785 infirma
679 1732 709 1785 et
735 1724 856 1805 indigna
883 1724 1037 1805 ¹colligitis
1065 1725 1101 1787 ad
1130 1725 1364 1790 destructionem

212 1823 348 1897 nestoris,
375 1824 501 1903 simplici
525 1833 555 1886 et
575 1834 654 1886 certa
675 1826 791 1887 ratione
811 1844 995 1905 proponam:
1027 1826 1116 1888 deum
1142 1844 1204 1887 non
1224 1826 1364 1906 potuisse

214 1921 337 1984 hunos
354 1944 536 2005 congressus
559 1925 651 2000 inire,
678 1926 735 1987 nisi
757 1926 905 1989 humanos
929 1935 960 1988 et
980 1945 1088 1988 sensus
1110 1935 1140 1987 et
1160 1928 1284 1989 edemus
1306 1945 1361 1989 su-

219 2026 351 2103 opnor,
377 2043 431 2105 per
452 2044 531 2106 qnos
552 2026 610 2086 vim
632 2027 795 2089 maiestatis
817 2047 907 2101 suae,
936 2026 1152 2089 intolerabilem
1180 2026 1280 2106 utique
1301 2026 1362 2089 hu·

222 2141 302 2186 nse
327 2127 534 2200 mediocritati,
567 2127 731 2190 humilitate
765 2136 957 2209 temperaret,
992 2127 1049 2188 sibi
1078 2125 1198 2205 quidem
1231 2127 1361 2206 indigne,

226 2222 314 2287 hini
331 2237 422 2289 autem
450 2228 635 2301 necessaria,
671 2236 700 2290 et
727 2229 767 2289 ita
795 2229 853 2290 iam
885 2229 941 2290 deo
970 2229 1073 2307 digna,
1107 2228 1176 2307 quia
1206 2226 1280 2288 nihil
1301 2233 1363 2287 tsm

230 2323 320 2404 Qum
339 2329 390 2389 deo
410 2347 499 2408 quam
521 2329 601 2391 salus
623 2330 762 2392 hominis.
798 2330 842 2390 De
864 2330 923 2390 isto
945 2328 1082 2408 pluribus
1105 2334 1312 2399 retractarem,
1333 2325 1363 2387 si

235 2441 280 2487 ι
300 2429 409 2491 ethnicis
434 2449 572 2509 egerem,
604 2450 779 2511 quamquam
809 2430 855 2492 ³et
883 2448 949 2492 cnm
975 2430 1133 2491 haereticis
1161 2428 1240 2489 ⁴uon
1267 2426 1364 2488 multo

237 2524 319 2589 ficas
340 2539 392 2591 stet
415 2532 601 2609 congressio.
655 2532 826 2604 ‘Quatenus
854 2540 885 2592 et
911 2531 969 2611 ipsi
996 2530 1084 2592 deum
1112 2529 1143 2590 in
1164 2528 1258 2608 ligura
1278 2535 1309 2589 et
1328 2525 1361 2589 in

242 2625 321 2705 *quo
343 2631 437 2692 ordine
463 2632 610 2694 humanae
637 2633 834 2694 conditionis·
863 2632 1061 2694 ‘diversatum
1093 2630 1151 2692 iam
1179 2627 1359 2704 credidistis,

242 2739 282 2787 Ι
295 2730 394 2810 erigetis
407 2733 508 2813 ntique
522 2733 633 2795 diutius
647 2733 821 2813 persuaderi
836 2734 924 2793 deum
938 2733 1143 2795 conformasse
1163 2730 1359 2810 semetipsum

245 2823 383 2908 hamt,
403 2837 454 2897 sed
478 2836 515 2897 de
535 2843 635 2896 vestra
657 2834 714 2896 lide
736 2833 928 2896 revincimini.
970 2833 1001 2895 Si
1024 2833 1103 2895 enim
1125 2831 1214 2906 deus,
1238 2837 1269 2892 et
1289 2828 1359 2910 qui·

246 2924 290 2990 h
303 2933 445 3009 sublimior,
468 2945 548 2998 tauta
569 2936 731 2997 humilitate
753 2935 902 3014 fastigium
925 2935 1086 2996 maiestatis
1101 2952 1173 2995 suae
1187 2932 1304 3004 strauit,
1326 2937 1360 2992 ut

249 3027 390 3099 fluum
409 3038 589 3110 'subiceret,
623 3045 652 3097 et
679 3036 767 3096 morti
796 3037 909 3109 crucis,
939 3036 1009 3097 'cnr
1030 3054 1089 3096 non
1117 3034 1229 3115 putetis
1251 3039 1358 3093 nostro

251 3144 328 3210 ”t
343 3136 387 3197 deo
408 3140 519 3219 aliquas
541 3134 716 3218 pusillitates
739 3137 929 3216 congruisse,
952 3136 1169 3198 tolerabiliores
1194 3144 1291 3194 tamen
1304 3132 1357 3193 lu·

252 3225 310 3293 fl
324 3241 489 3301 mutumeliis
511 3250 541 3301 et
562 3238 698 3318 patibulis
721 3246 751 3298 et
772 3235 942 3317 sepulcris?
985 3237 1030 3297 hu
1057 3237 1112 3297 hae
1142 3242 1213 3296 sunt
1239 3232 1358 3312 pusilli-

255 3334 313 3403 Β,
327 3354 383 3414 usas
402 3342 456 3402 iam
479 3340 567 3401 'hinc
587 3339 790 3420 praeiudicare
806 3337 957 3398 debebunt
968 3336 1119 3397 Christum
1133 3334 1271 3395 humanis
1284 3350 1358 3410 pns-

256 3425 341 3495 ᾖ
357 3439 492 3502 obiectum
516 3441 581 3501 eius
604 3440 651 3501 dei
673 3458 741 3501 esse
764 3438 840 3498 ¹⁰cui
861 3436 1059 3496 humanitates
1076 3431 1322 3510 “uprobrantur
1343 3448 1359 3490 a

257 3526 323 3594 ffli
352 3538 412 3601 Nam
432 3551 463 3602 et
482 3541 657 3621 profitemur
678 3539 829 3601 Christum
858 3553 977 3613 semper
1006 3532 1105 3612 egisse
1132 3531 1164 3592 in
1190 3529 1239 3591 dei
1264 3527 1361 3609 patrie

260 3632 343 3709 Es,
357 3640 440 3719 ipsum
461 3641 498 3703 ab
520 3641 604 3702 initio
627 3648 848 3710 conversatum,
878 3637 976 3716 ipsum
999 3650 1191 3712 congressum
1214 3649 1281 3692 cum
1302 3647 1358 3710 ps·

262 3724 383 3800 fimet
399 3741 568 3821 prophetis,
597 3742 688 3802 filium
711 3739 870 3810 creatoris,
905 3754 1075 3797 sermonem
1097 3734 1180 3804 eius,
1213 3750 1301 3811 quem
1323 3747 1360 3791 ex

263 3834 363 3914 *luto
389 3843 565 3920 proferendo
594 3842 685 3903 lilium
714 3841 796 3909 lecit,
832 3838 890 3899 ¹¹et
917 3835 1022 3899 exinde
1055 3834 1136 3896 omui
1169 3830 1360 3911 dispositioni
1452 3860 1455 3866 <
1512 3864 1520 3898 ‚

262 3937 479 4021 *somnoque
502 3942 657 4021 praeierit,
685 3940 854 4002 diminuens
882 3938 964 3998 illum
986 3936 1103 3997 modico
1132 3933 1204 3995 citra
1226 3930 1359 4010 angelos,
1373 3953 1497 4009 muge,

199 4074 201 4086 ·
250 4022 372 4114 'huod
390 4042 501 4104 uDavid
524 4042 666 4121 scriptum
689 4051 751 4114 est3
774 4058 830 4120 qua
847 4037 1046 4126 ¹diminutione
1067 4035 1098 4096 in
1120 4034 1220 4095 ¹‘haec
1241 4049 1360 4112 quoquo

199 4216 202 4292 J
267 4205 446 4279 *wlco
480 4226 632 4277 llissrandos
651 4229 786 4277 fulcoius.
841 4224 880 4273 10.
899 4222 985 4272 usto.
1435 4276 1440 4282 ,

301 4282 1361 4361 fflffllmfflmffl.mwmdbmmmmm
1513 4337 1520 4348 ‚

268 4340 370 4409 *flunt
414 4363 435 4412 4.
454 4379 502 4412 uon
522 4363 598 4411 multo
617 4364 710 4411 diversa
729 4363 764 4411 cd.
787 4362 908 4410 Vaticanus
925 4372 993 4406 unus.
1029 4370 1073 4404 osc
1092 4353 1167 4403 multo
1186 4353 1278 4401 diversa
1296 4349 1361 4398 folo.

200 4420 205 4463 ἵ
269 4406 1362 4491 fimmmfflffl.mmmhbmmwnmmmmm

199 4472 1362 4563 2²“mffmmmm.bmwmmMRQMmmm3fflm

199 4589 208 4629 ¹,
266 4540 298 4596 Ι
318 4559 365 4609 t'us
383 4565 470 4629 reliqui.
524 4566 563 4615 ll.
588 4564 749 4628 exprobantur
772 4562 826 4621 tu,
849 4575 891 4624 pro
908 4573 978 4609 more.
1033 4555 1071 4605 12.
1091 4562 1115 4605 ct
1137 4555 1169 4615 d„
1187 4554 1301 4604 mercem.
1335 4554 1371 4605 nt,

267 4610 324 4669 Ιᾱ
360 4629 394 4678 o.
410 4631 479 4682 unu
497 4635 530 4693 a,
550 4633 664 4681 corneas.
698 4645 754 4679 aum
772 4628 877 4679 sensa.
930 4625 969 4675 rr.
987 4624 1033 4674 hac
1049 4622 1111 4674 ruo.

200 4789 213 4834 ²
284 4778 405 4861 *wel
432 4799 514 4849 rarae.
551 4799 587 4849 cr.
606 4800 697 4849 aaron
722 4798 750 4846 aa
838 4794 896 4858 cap.
915 4793 1002 4843 rnru.
1038 4777 1362 4848 ..carricandum

270 4844 321 4914 ἦ
333 4876 372 4925 ¹¹9·
381 4865 417 4914 ⁴⁴·
803 4870 863 4912 nott
882 4861 911 4910 ad
929 4861 962 4911 ue
981 4860 1076 4911 Corone
1095 4871 1149 4919 usp.
1157 4854 1181 4904 6.
1365 4867 1370 4881 ·
