3242 5775
422 640 431 658 ’
456 666 463 672 ’
556 681 595 723 nn
616 681 860 726 ussumsorrous
883 684 996 728 enanis.
1092 644 1098 653 ¹
1299 667 1362 740 533

197 846 313 907 egnum
336 828 372 889 ad
395 829 652 891 conversationem
675 831 850 910 rediguntur
870 832 1064 896 ”vetustatis
1117 834 1208 897 Plane
1234 837 1259 898 si
1282 856 1362 902 nun-

197 948 275 1008 pram
299 930 452 1007 apostolus
475 949 530 1009 pro
554 931 696 1010 operibus
712 932 907 995 substantiam
924 935 1040 1014 posuit,
1064 953 1119 997 nec
1135 935 1184 998 bic
1198 936 1238 998 ita
1251 946 1362 1003 utatur.

197 1031 216 1090 u
241 1049 314 1091 vero
338 1030 367 1090 in
391 1049 478 1092 carne
500 1031 596 1092 adhoc
617 1034 798 1094 constitutos
822 1035 938 1113 negavit
952 1054 1021 1097 esse
1035 1036 1066 1097 iu
1084 1054 1182 1109 carne,
1205 1037 1237 1098 in
1259 1040 1361 1118 operi-
1435 1042 1441 1050 '

197 1149 243 1192 us
266 1130 365 1191 carnis
387 1149 499 1210 negans
528 1150 614 1206 esse,
648 1135 772 1194 lormam
800 1134 865 1196 eius
895 1134 1039 1197 subruere
1068 1154 1128 1196 non
1158 1137 1265 1212 debes,
1300 1157 1360 1201 non

199 1231 400 1303 obstantiam,
425 1233 477 1293 sed
501 1252 591 1311 opera
614 1233 798 1295 substantiae
821 1234 975 1296 alienantis
997 1255 1013 1297 a
1036 1236 1083 1297 dei
1105 1254 1209 1315 regno.
1243 1237 1360 1311 Quibus

199 1332 275 1393 tiam
299 1333 334 1393 ad
358 1333 475 1422 Galatas
497 1333 720 1395 ¹'manifestatis
742 1334 912 1413 praedicere
934 1355 967 1397 se
990 1345 1020 1396 et
1033 1336 1218 1416 praedixisse
1232 1339 1359 1417 prolite·
1373 1354 1489 1409 suras.

197 1451 231 1493 rr
264 1434 343 1511 qood
379 1434 429 1514 qui
463 1434 527 1493 talia
555 1433 674 1512 ²'agunt
705 1454 829 1513 reguum
864 1436 911 1496 dei
945 1454 1004 1496 non
1041 1436 1140 1498 ¹'sont
1178 1438 1360 1503 haereditata

198 1535 389 1604 ousecoturi,
412 1554 473 1594 non
496 1544 650 1613 portantes
674 1535 785 1596 scilicet
807 1538 964 1615 imaginem
983 1538 1135 1611 caelestis,
1159 1538 1236 1600 sicot
1257 1539 1359 1619 '⁰.por-

197 1644 319 1695 arenant
340 1634 450 1707 choici,
473 1635 600 1713 ideoque
623 1655 657 1695 ex
680 1644 778 1697 vetere
800 1638 1024 1698 conversatione
1045 1637 1118 1698 nibil
1136 1637 1214 1700 aliud
1236 1638 1360 1720 ''depu-

197 1735 265 1794 andi
289 1753 375 1813 quiam
399 1754 467 1795 caro
484 1744 512 1795 et
528 1737 658 1813 sanguis.
692 1737 764 1796 Nam
787 1738 864 1797 etsi
887 1737 987 1798 subito
1009 1737 1038 1797 in
1061 1737 1137 1800 haue
1157 1738 1360 1801 definitionem

199 1834 336 1914 rupisset
357 1837 528 1915 apostema,
552 1837 756 1897 eliminandam
780 1855 897 1898 carnem
922 1846 950 1898 et
970 1838 1143 1916 sanguinem
1159 1857 1174 1898 a
1191 1838 1238 1900 dei
1254 1856 1358 1917 regno,

198 1936 250 1997 ine
271 1936 360 1997 ullius
383 1953 471 2015 supra
495 1956 603 1997 sensus
625 1938 876 2016 praestructione,
899 1956 1000 1999 nonne
1023 1939 1096 1999 duos
1118 1939 1192 1999 istas
1215 1938 1358 2000 substan-

197 2037 239 2097 ias
262 2036 416 2116 ”proinde
437 2038 589 2097 hominem
611 2048 740 2098 veterem
761 2038 1053 2115 ”interpretaremur
1075 2038 1155 2100 carui
1177 2046 1207 2100 et
1222 2039 1359 2119 sanguini

197 2136 333 2209 leditum,
358 2138 386 2197 id
410 2146 455 2197 est
478 2138 540 2197 esui
565 2147 595 2197 ot
614 2139 713 2216 potoi,
745 2139 829 2198 cuius
852 2138 891 2198 sit
913 2138 1012 2199 dicere
1033 2139 1174 2199 adversus
1195 2138 1284 2201 fidem
1305 2156 1355 2201 re-

198 2237 400 2309 ¹orrectionis,
429 2238 638 2299 Manducemus
661 2246 691 2299 et
711 2238 863 2309 bibamus,
893 2256 957 2298 cras
987 2238 1065 2299 enim
1091 2236 1278 2300 moriemur?
1321 2239 1512 2319 Eucaerus,

197 2354 242 2396 ιοο
263 2337 342 2396 enirn
365 2337 521 2398 inlulciens
550 2339 705 2417 apostolus
726 2338 874 2398 “carnem
904 2346 932 2398 et
960 2338 1132 2416 sauguinem
1155 2338 1192 2399 de
1213 2336 1358 2400 lructibos

197 2453 320 2514 psorum
344 2437 538 2498 manducandi
562 2448 591 2498 et
613 2438 731 2498 bibendi
755 2437 928 2516 suggillavit

270 2536 330 2597 Sed
354 2546 382 2598 et
405 2539 524 2599 omissis
546 2538 717 2599 huiusmodi
743 2538 1052 2615 interpretationibus,
1086 2536 1198 2599 'caruis
1226 2547 1256 2600 st
1284 2555 1355 2600 san·
1374 2552 1467 2611 capt.

197 2636 282 2713 pinis
307 2655 396 2716 opera
418 2637 602 2709 taxantibus,
632 2638 712 2716 ipsas
735 2655 854 2715 quoque
877 2637 1059 2699 substantias
1081 2655 1142 2698 non
1165 2638 1250 2700 alitor
1270 2657 1357 2718 quarn

197 2747 257 2798 rant
278 2737 440 2799 intellectas
463 2737 562 2798 licebit
583 2737 812 2798 ’resurrectioni
842 2737 1000 2798 vindicare.
1049 2736 1116 2797 Non
1145 2738 1224 2799 enim
1250 2756 1356 2801 resur·

197 2837 277 2900 ectio
301 2838 382 2900 carni
405 2848 435 2899 et
457 2837 592 2916 sanguini
613 2837 724 2899 directo
746 2837 958 2916 ll’denegatum
983 2837 1035 2898 sed
1051 2837 1098 2898 dei
1113 2856 1253 2917 reguum,
1277 2838 1357 2918 quod

197 2939 305 3000 obvenit
325 2940 538 3000 resurrectioni
562 2942 620 3008 (est
642 2947 739 2999 autem
763 2947 792 2999 et
815 2940 843 3000 in
867 2939 1005 2999 iudicium
1029 2939 1236 3015 resurrectio),
1264 2940 1356 3001 immo

197 3049 214 3100 rt
235 3041 427 3101 confirmator
449 3040 547 3101 carnis
570 3040 749 3099 resurrectio
773 3040 933 3118 generalis,
957 3058 1022 3101 cum
1047 3040 1182 3117 specialis
1202 3039 1355 3120 excipitur.

197 3140 258 3201 lum
282 3141 359 3201 enirn
384 3141 413 3200 in
437 3159 523 3219 quem
547 3147 654 3200 statum
678 3158 738 3199 non
761 3149 897 3218 resurgat
912 3141 1051 3210 edicitur,
1075 3139 1103 3199 in
1120 3158 1206 3217 quern
1221 3147 1357 3218 resurgat

197 3241 369 3303 ubauditur.
382 3229 494 3318 'Alone
511 3239 549 3299 ita
566 3240 634 3299 doru
650 3258 705 3317 pro
727 3240 842 3300 inuritis
865 3240 1102 3299 'distinctionem
1125 3238 1355 3299 resurrectionis

197 3362 260 3421 rpus
283 3341 484 3412 substantiae,
507 3359 566 3399 non
589 3357 699 3416 genos,
723 3340 846 3417 patitur,
869 3349 988 3417 apparet
1010 3338 1078 3397 binc
1100 3355 1218 3415 quoquo
1236 3355 1355 3397 caruem

197 3450 215 3501 rt
236 3441 409 3520 sauguinem
433 3442 552 3501 nomine
575 3441 692 3517 culpae,
717 3457 775 3498 non
800 3438 1001 3510 substantiae,
1024 3436 1117 3497 arceri
1140 3454 1155 3497 a
1179 3435 1225 3495 dei
1250 3453 1354 3514 regno,

197 3544 304 3603 romine
327 3551 426 3603 tamen
449 3545 560 3602 lormae
583 3558 739 3617 resurgere
768 3540 796 3598 in
826 3539 983 3610 iudicium,
1013 3536 1080 3614 quia
1110 3553 1170 3595 non
1198 3541 1356 3613 resurgant

197 3659 218 3701 o
236 3662 370 3722 reguum.
403 3644 505 3702 Adhuc
520 3641 629 3700 dicam:
653 3640 728 3700 Caro
751 3649 779 3699 et
801 3639 922 3716 sanguis
944 3655 1067 3715 reguum
1090 3635 1137 3695 dei
1158 3634 1511 3709 ‘haereoiuteioosmro

197 3745 341 3804 ›ossidere
362 3762 422 3803 nou
451 3751 586 3820 possunt.
641 3741 743 3800 Merito
775 3740 839 3799 sola
862 3750 891 3799 et
912 3757 966 3817 per
989 3736 1166 3815 semetipsa,
1195 3743 1229 3796 ut
1250 3745 1355 3796 osten-

197 3839 266 3904 leret
288 3845 385 3905 adbuc
408 3843 543 3920 spiritum
568 3841 607 3900 illi
632 3841 842 3901 necessarium.
887 3839 1016 3918 Spiritus
1039 3837 1116 3898 enim
1139 3844 1186 3898 est
1207 3835 1257 3914 qui
1278 3836 1352 3896 vivt-
1367 3854 1483 3906 tantm.

197 3937 250 4003 icat
270 3945 299 4004 in
322 3963 445 4022 regnum
470 3943 532 4011 dci,
558 3961 625 4001 caro
649 3941 721 4000 nibil
743 3940 878 4019 prodest.
909 3938 1060 3999 Prodesse
1084 3947 1180 3998 tamen
1203 3935 1261 3997 ‘illi
1277 3935 1357 3996 aliod

197 4051 298 4115 potest,
322 4045 351 4104 id
375 4051 422 4103 est
444 4043 583 4120 spiritus,
607 4052 636 4102 et
657 4061 711 4121 per
734 4040 869 4119 spiritum
886 4058 975 4118 opera
991 4056 1110 4116 quoque
1126 4036 1261 4116 spiritns.
1293 4034 1357 4095 Re·

198 4154 308 4222 nurgum
331 4145 428 4222 itaque
450 4145 503 4201 “ex
526 4162 619 4221 aequo
643 4141 739 4201 omnis
768 4158 836 4199 caro
866 4150 895 4200 et
923 4138 1044 4216 sanguis
1073 4138 1103 4197 in
1132 4136 1269 4215 qualitate
1291 4152 1354 4195 soa.

199 4237 246 4303 led
266 4264 392 4326 quorum
414 4245 479 4304 ⁷est
501 4244 582 4303 adire
605 4260 726 4320 regnum
751 4241 815 4313 dei,
838 4240 978 4300 'induere
1001 4237 1150 4318 oportebit
1171 4235 1230 4296 rim
1254 4235 1355 4296 incor-

197 4457 229 4509 lb.
246 4464 367 4512 uetustatis
386 4466 453 4513 obed.
494 4464 599 4511 ueritatis
616 4461 729 4520 blideno.
788 4458 829 4507 27.
849 4459 1015 4505 manifestatos
1032 4456 1076 4506 ts.
1133 4453 1174 4503 28.
1193 4461 1263 4515 agant
1281 4451 1356 4526 Addo

197 4527 370 4579 29.sontbcd.
406 4531 547 4578 sumini.
582 4528 782 4589 sintiurelr‘qoi.
828 4525 867 4574 30.
887 4531 1041 4587 portaverunt
1058 4523 1101 4572 tlt.
1146 4520 1187 4570 31.
1206 4517 1356 4569 existimandi

197 4599 259 4646 odeo
276 4599 308 4646 lo.
321 4599 449 4647 Clementis.
510 4597 550 4644 32.
568 4595 669 4659 pcriuds
688 4596 712 4641 B.
773 4592 814 4641 33.
833 4593 1046 4655 interpretaremur
1063 4590 1166 4652 ompbrd.
1211 4589 1356 4648 interpreta-

197 4672 250 4713 stor
268 4666 344 4714 rota.
399 4665 439 4713 34.
458 4680 554 4712 carnem
575 4672 598 4711 et
616 4662 755 4722 sanguinem
774 4661 856 4709 emal.

253 4732 312 4795 Cap.
331 4733 357 4780 L.
395 4733 558 4792 l.sanguiuis
577 4731 742 4778 steornisl.
783 4728 806 4776 2.
826 4723 1063 4775 resurrectionem.
1108 4721 1153 4771 2b.
1173 4716 1356 4794 denegatortbs·

197 4801 396 4862 regaturreliqui.
454 4799 478 4847 3.
498 4799 683 4846 discinctionem
703 4799 727 4844 t.
785 4795 809 4842 d.
829 4794 969 4842 haereditati
994 4793 1036 4841 Att.
1058 4791 1168 4840 Vaticani.
1226 4784 1251 4833 b.
1270 4783 1318 4831 rllrs
1336 4795 1359 4830 c.

197 4867 208 4914 i.
226 4881 349 4930 exaequo
368 4868 472 4929 omgteit.
508 4881 534 4915 ex
554 4880 582 4914 eo
602 4863 743 4927 quonum.
795 4861 820 4909 t,
840 4869 877 4910 ost
895 4860 1024 4910 omlddo.
1076 4856 1099 4906 8.
1119 4855 1233 4907 iuducere
1250 4851 1292 4899 ild.
