3242 5775
315 665 378 736 534
554 673 676 725 enutri
698 671 830 717 serrum
850 668 1016 713 rnoncvrvs
1037 666 1234 712 rsnrnucmvr

315 824 517 908 ruptibilitatis
540 833 570 884 et
591 822 836 893 immortalitatis,
858 819 942 882 'sine
964 837 1021 900 qua
1037 836 1159 897 regnum
1178 816 1226 878 dei
1242 816 1326 878 adire
1341 835 1403 879 non
1417 835 1477 897 pos·

316 935 386 992 suut
407 936 563 1003 antequam
586 923 729 1002 consequi
752 940 817 983 eam
839 921 967 1000 possint.
1003 919 1109 980 blerito
1133 936 1205 996 ergo
1227 936 1298 980 caro
1315 926 1348 978 et
1362 919 1479 997 sanguis,

163 1022 354 1097 tonsurandi
373 1027 518 1098 diximus,
550 1023 613 1087 sola
635 1042 759 1102 regnum
782 1023 829 1082 dei
853 1040 958 1101 capere
980 1019 1128 1080 deliciunt.
1173 1019 1232 1079 lam
1256 1037 1328 1080 vero
1351 1037 1416 1081 eum
1435 1020 1480 1079 de-

316 1127 413 1190 vorari
435 1126 543 1187 habeat
563 1124 764 1202 corruptivum
787 1122 867 1184 istud
890 1123 925 1183 ab
948 1120 1243 1199 incorruptibilitate,
1277 1119 1307 1180 id
1338 1127 1387 1181 est
1413 1138 1479 1190 caro,

317 1236 347 1289 et
369 1227 493 1288 mortale
516 1226 595 1286 istud
618 1225 654 1285 ab
677 1224 913 1294 immortalitate,
936 1221 966 1283 id
983 1229 1029 1282 est
1045 1220 1182 1298 sanguis,
1205 1230 1277 1298 post
1293 1219 1477 1284 resurreetio·

317 1345 386 1390 nem
408 1346 444 1388 ex
466 1326 682 1396 demutatione,
706 1324 811 1385 merito
837 1324 1012 1384 ¹⁰demutata
1035 1322 1097 1382 ''ac
1114 1322 1255 1382 devorata
1277 1339 1347 1382 earo
1371 1331 1399 1383 et
1419 1337 1477 1381 san-

318 1428 384 1508 guis
407 1445 530 1505 regnum
554 1426 602 1486 dei
626 1426 830 1487 ¹²haereditate
847 1423 1002 1510 possidere
1020 1421 1186 1500 ¹³possunt,
1208 1441 1271 1483 non
1290 1431 1390 1483 minen
1406 1421 1477 1481 “nou

318 1527 504 1589 resuscitata.
550 1526 625 1587 Sunt
647 1528 697 1605 qui
720 1544 838 1586 carnem
862 1532 891 1585 et
913 1523 1086 1601 sanguinem
1108 1522 1290 1584 ludaismnm
1326 1522 1416 1584 velint
1438 1540 1476 1581 ac·

319 1627 378 1706 cipi
399 1636 523 1706 proptor
544 1626 816 1698 circumcisionem,
848 1625 975 1685 alienum
998 1632 1028 1684 et
1049 1624 1147 1701 ipsum
1170 1643 1186 1685 a
1209 1623 1257 1684 dei
1280 1642 1395 1702 regno,
1421 1621 1476 1701 quia

320 1737 350 1791 et
371 1728 419 1789 ille
442 1726 607 1788 ¹⁶vetustati
630 1727 801 1805 deputetur,
836 1735 866 1785 el
887 1726 945 1786 hoc
965 1724 1050 1785 titulo
1074 1724 1131 1785 iam
1155 1732 1184 1784 et
1206 1724 1274 1784 alibi
1297 1722 1336 1784 ab
1358 1721 1477 1803 apostolo

194 1843 303 1895 cneco.
321 1828 521 1898 ¹⁶denotetur,
554 1827 604 1906 qui
633 1836 703 1906 post
731 1826 893 1887 revelatum
921 1827 951 1886 in
981 1844 1014 1885 se
1043 1824 1134 1885 lilium
1158 1824 1204 1885 dei
1227 1824 1264 1885 ad
1288 1824 1477 1904 evangelizan-

320 1928 390 1989 dum
413 1948 480 1989 eum
503 1928 534 1987 in
555 1927 724 1988 nationibus
749 1926 848 1987 statim
872 1945 931 1987 non
952 1913 1088 1987 'retulerit
1119 1925 1154 1984 ad
1177 1943 1296 1985 carnem
1320 1935 1351 1986 et
1372 1922 1480 2002 sangni-

320 2045 406 2100 nem,
440 2028 469 2088 id
493 2037 538 2087 cst
560 2028 595 2088 ad
624 2026 957 2108 circumcisionem,‘id
986 2037 1034 2086 est
1062 2026 1098 2086 ad
1120 2025 1319 2098 Iudaismum,
1356 2025 1429 2087 siout
1452 2019 1482 2084 ad

322 2127 439 2189 Galatas
463 2128 576 2188 scribit.

203 2246 300 2305 emur.
406 2227 465 2289 Sed
486 2246 542 2307 pro
566 2227 704 2288 omnibus
727 2228 785 2288 iam
808 2227 898 2288 stabit
919 2229 998 2308 quod
1020 2227 1065 2286 ‘in
1093 2227 1251 2288 clausulam
1267 2226 1494 2292 reservavimus,

321 2328 409 2390 etiam
433 2348 486 2407 pro
509 2328 645 2407 apostolo
669 2327 754 2405 ipso,
783 2347 887 2389 revera
916 2328 1059 2388 maximae
1080 2326 1367 2388 'inconsiderantiae
1394 2327 1504 2387 revin‘

322 2428 432 2501 condo,
466 2429 573 2489 sitam
602 2429 743 2508 abrupte,
778 2438 810 2490 ut
839 2428 957 2507 quidam
986 2428 1101 2499 volunt,
1136 2428 1262 2500 clausis,
1295 2428 1376 2506 quod
1404 2427 1517 2490 aiontq

322 2527 445 2601 oculis·,
469 2529 533 2589 sine
555 2528 761 2600 distinctione,
784 2528 869 2587 ³sine
891 2528 1081 2600 colidicione,
1106 2547 1224 2588 omnem
1245 2528 1362 2606 passim
1377 2536 1528 2589 carnea)

322 2636 352 2689 et
374 2627 549 2710 sanguinem
571 2647 587 2687 a
609 2647 701 2705 regno
724 2628 771 2688 dci
793 2628 953 2699 ‘extrusit,
983 2628 1084 2707 utique
1106 2630 1154 2689 let
1176 2629 1212 2689 ab
1235 2629 1301 2706 ipsa
1325 2628 1403 2707 regia
1426 2643 1528 2689 caes

216 2721 436 2823 xbffipdorum,
470 2745 536 2787 cum
566 2727 624 2788 illic
644 2729 740 2788 adbuc
760 2729 883 2789 ⁰sedeat
903 2728 989 2788 lesus
1012 2728 1047 2789 ad
1070 2728 1219 2789 dexteram
1248 2729 1359 2807 patris,
1394 2730 1528 2800 bomo,

169 2826 396 2890 leonata-'etsi
419 2827 510 2900 deus,
532 2825 623 2888 Adam
648 2828 845 2901 novissimus,
875 2828 932 2891 etsi
954 2848 1052 2890 sermo
1075 2829 1250 2908 primarius,
1280 2848 1349 2892 earo
1373 2839 1401 2892 et
1423 2848 1528 2892 saur

324 2926 406 3005 guis,
422 2927 487 2986 etsi
510 2927 621 2987 nostris
643 2929 778 3005 puriora,
808 2929 886 2990 idem
910 2940 1006 2991 tamen
1029 2939 1059 2991 et
1080 2930 1246 2991 substantia
1268 2941 1300 2990 et
1321 2932 1418 2993 forma
1439 2936 1528 3011 qud

169 3040 210 3082 aci
224 3025 466 3096 vasioasoemit,
490 3025 556 3086 talis
580 3028 668 3088 etiam
691 3028 902 3102 descensurus,
925 3041 956 3092 ut
970 3032 1065 3109 angeli
1082 3033 1247 3102 adfirmant,
1270 3030 1528 3108 'agnoscendufl

177 3137 310 3188 lomat-
326 3125 438 3187 scilicet
466 3126 583 3206 eisqui
611 3127 692 3187 illum
720 3130 1017 3211 convulneraverunt,
1068 3132 1122 3193 Hic
1150 3141 1305 3210 sequester
1332 3132 1382 3193 dei
1409 3140 1528 3212 atqu&

178 3226 480 3289 manuspretium
507 3227 669 3307 appellatus
699 3248 734 3289 ex
766 3231 922 3309 utriusque
950 3232 1044 3311 partis
1077 3232 1213 3312 deposito
1248 3225 1411 3294 commisso
1440 3222 1528 3295 sibi

323 3329 419 3390 carnia
442 3347 560 3408 quoque
582 3329 752 3408 depositum
775 3339 873 3392 servat
901 3332 930 3392 in
954 3332 1134 3411 semetipso,
1162 3333 1339 3394 arrabonem
1362 3346 1528 3395 summa&

179 3437 310 3490 11⁶⁰an-
325 3430 428 3492 totius.
465 3430 720 3502 Quemadmodum
744 3432 822 3492 enim
845 3432 932 3492 nobis
955 3433 1130 3494 arrabonem
1153 3434 1277 3512 spiritus
1299 3434 1436 3512 reliquit,
1459 3435 1528 3496 itu

322 3530 374 3591 'et
395 3548 411 3590 a
434 3530 521 3592 nobis
544 3531 719 3593 arrabonem
742 3532 838 3594 carnis
862 3533 989 3613 accepit,
1022 3545 1052 3594 et
1079 3533 1156 3594 vexit
1188 3534 1217 3594 in
1246 3535 1358 3595 caelum
1387 3534 1528 3614 pignosa

323 3629 415 3691 totius
438 3649 571 3692 summae
593 3632 662 3693 illue
683 3634 858 3713 quandoque
881 3633 1067 3712 redigendae.
1112 3635 1268 3696 ¹⁰Securae
1290 3643 1405 3708 estote,
1428 3654 1498 3696 earo
1524 3660 1528 3665 ·

323 3736 353 3790 ct
375 3731 512 3807 sanguis,
534 3734 703 3811 usurpastis
726 3743 756 3793 el
777 3734 890 3795 caelum
913 3742 943 3793 et
964 3752 1087 3812 regnum
1110 3735 1158 3795 dei
1180 3736 1210 3796 in
1226 3735 1355 3796 Christo.
1387 3736 1448 3796 dut
1469 3735 1496 3795 si

323 3838 432 3906 negent
454 3848 507 3890 vos
530 3830 560 3889 in
584 3830 720 3903 Christo,
755 3843 864 3911 negent
884 3842 914 3895 et
942 3834 973 3895 in
1002 3835 1083 3895 caelo
1106 3836 1269 3908 Christum,
1302 3835 1353 3915 qui
1382 3836 1401 3866 ¹¹
1411 3835 1499 3897 vobis

325 3977 475 4055 &aedona
493 3978 535 4028 ΑΒ.
583 3979 619 4029 to.
639 3996 685 4030 non
705 3983 824 4034 demutata
844 3987 876 4046 d,
896 4001 947 4036 cum
965 3987 1044 4036 Fuluio
1059 3987 1149 4037 Ursino.
1194 3987 1231 4036 11.
1250 3986 1285 4035 vel
1304 3988 1329 4036 A.
1380 3985 1419 4035 12.
1440 3986 1500 4035 baon

323 4045 418 4094 reditan
436 4045 491 4094 libri
508 4048 553 4095 mei
571 4063 656 4109 omnes,
676 4057 697 4098 et
708 4051 810 4101 Vaticani
823 4054 922 4104 codices.
967 4053 1005 4101 13.
1025 4062 1128 4116 pessunt
1146 4056 1182 4104 bc.
1218 4054 1498 4116 nonpossunttlided,

323 4111 387 4160 fala.
402 4111 507 4160 Ursinus.
563 4114 600 4163 tt.
620 4130 667 4164 non
686 4120 765 4167 ona.d.
821 4119 858 4167 15.
878 4128 994 4170 vetustate
1012 4122 1037 4169 A.
1093 4121 1131 4170 16.
1150 4123 1277 4170 denotatur
1295 4122 1320 4170 B.

340 4244 364 4255 ..
392 4177 506 4240 Cap.Ll.
545 4179 565 4229 1.
585 4181 757 4233 inomlllCn.
810 4184 834 4233 2.
853 4186 1055 4237 inconsiderantia
1075 4189 1217 4237 revineende
1236 4189 1278 4237 AB.
1320 4186 1498 4237 baiocenc-

322 4243 413 4322 drtvone
431 4248 498 4295 abed.
532 4262 584 4297 arne
603 4251 754 4299 condictione
772 4268 831 4315 amp.
862 4255 923 4305 llaec
940 4258 1008 4304 verbe
1026 4271 1085 4318 qnae
1103 4258 1264 4305 desiderantur
1279 4257 1304 4304 in
1317 4254 1379 4305 ABG.
1398 4260 1500 4319 privem

323 4313 352 4361 de
369 4326 419 4360 aare
436 4314 503 4362 libris
528 4317 620 4365 addidit
639 4318 775 4380 denuncias.
834 4320 857 4368 4.
883 4324 983 4371 extruxit
1001 4323 1076 4372 neca.
1111 4324 1158 4371 ·5.
1178 4332 1199 4371 et
1219 4326 1304 4371 omi.
1363 4321 1389 4370 6.
1414 4324 1498 4371 sedeat

323 4379 377 4427 edil.
396 4379 499 4438 Semleri,
518 4385 595 4432 neseio
614 4386 682 4432 unde.
735 4385 758 4434 7.
777 4386 797 4434 si
817 4395 840 4434 et
857 4388 882 4435 A.
935 4388 958 4438 8.
978 4390 1138 4449 agnoscendis
1155 4391 1217 4440 And.
1267 4389 1291 4439 9.
1310 4396 1334 4437 et
1352 4390 1498 4438 nobisedd.

323 4444 419 4494 Scmleri
436 4454 457 4495 et
475 4446 593 4511 leopoldi,
613 4453 704 4500 vitiose.
758 4453 796 4500 ll).
816 4454 899 4504 Securi
920 4455 942 4505 C.
996 4456 1035 4505 11.
1055 4459 1125 4506 nobis
1143 4460 1167 4506 l.

333 4577 414 4653 ¹(lap.
434 4578 471 4627 Ll.
501 4595 521 4628 a.
541 4582 638 4640 clausis,
652 4585 716 4645 qnod
730 4586 803 4645 aiunt,
822 4601 882 4637 ocu·
932 4591 1099 4640 andabatarum
1116 4607 1178 4640 more
1195 4604 1304 4652 pugnare
1317 4604 1391 4652 qoam
1405 4589 1499 4639 directa

321 4640 364 4706 lis]
383 4644 432 4693 llac
451 4648 594 4707 proverbiali
609 4650 729 4701 locutione
743 4668 790 4702 non
804 4654 880 4703 semel
932 4657 1024 4720 spicula
1044 4658 1127 4720 clypeo
1156 4673 1203 4706 non
1224 4657 1342 4720 repellere
1361 4655 1501 4706 veritatis.“

323 4726 380 4760 usus
399 4720 444 4760 cat.
479 4714 514 4762 Cl.
534 4713 567 4761 lle
587 4715 662 4764 Pallio
682 4733 733 4782 cop.
742 4719 765 4768 2.
785 4721 881 4782 etalpo·
932 4723 968 4773 Ci.
989 4740 1050 4786 quoe
1068 4726 1114 4773 dvxi
1133 4727 1162 4774 ad
1181 4726 1209 4773 ll.
1224 4726 1250 4774 T.
1265 4724 1378 4773 Varronis
1397 4725 1500 4773 Satura·

321 4777 460 4856 lupe-apd.
480 4779 881 4848 Eunieronymauntovto.ted:
920 4800 985 4840 ‘rum
1003 4790 1183 4856 Meuippoorum
1201 4792 1323 4856 Reliquias
1341 4806 1365 4855 p.
1381 4791 1425 4842 95.

320 4845 424 4904 „llelvus
443 4855 480 4897 eat
498 4850 592 4911 clausis,
613 4855 675 4915 qaod
693 4856 786 4917 dicitur,
806 4857 881 4906 oculis
