3242 5775
320 647 385 711 690
562 657 664 709 oomrt
687 654 819 699 ssrrrsur
841 652 1007 696 rconsnrrs
1031 642 1228 695 rsnruucnut

320 829 408 893 quam
432 805 642 870 ¹⁸substantiva
664 822 729 876 res,
759 821 819 863 non
842 801 899 863 erit
921 800 1013 880 ”ipse
1041 800 1133 871 deus,
1166 799 1218 861 sed
1247 800 1395 865 hactenus
1420 806 1499 877 deus.

281 897 287 980 ⁵,
322 912 405 991 ”qua
429 908 582 988 exipsius
606 906 653 967 dei
676 903 857 975 substantia,
892 900 975 981 ¹'qua
1000 909 1029 962 et
1057 900 1268 962 ²⁰substantiva
1299 921 1351 965 res
1383 918 1448 982 est,
1476 922 1500 975 et

319 1020 354 1074 ut
375 1010 473 1091 portio
496 1008 591 1086 aliqua
613 1007 717 1067 totius.
760 1003 852 1065 Multo
874 1002 967 1081 magis
989 1001 1082 1062 virtus
1105 1002 1242 1062 altissimi
1271 1021 1335 1065 non
1360 1008 1420 1071 erit
1440 1011 1501 1092 ipse

254 1174 256 1177 ,
320 1111 497 1183 altissimus,
518 1108 614 1188 ²'quia
637 1126 693 1169 nec
715 1104 899 1167 substantiva
922 1122 971 1165 res
995 1110 1056 1175 est,
1080 1103 1158 1182 quod
1181 1111 1228 1164 est
1248 1105 1392 1184 spiritus,
1428 1115 1501 1178 siem

319 1231 376 1276 nec
397 1210 556 1291 sapientia,
580 1226 635 1269 nec
655 1206 858 1285 providentia3
881 1213 911 1266 et
932 1205 1005 1266 baec
1026 1205 1104 1266 enim
1127 1203 1311 1265 substantiae
1333 1223 1398 1265 non
1423 1213 1500 1276 sunt,

288 1285 373 1382 ised
402 1311 565 1375 accidentia
594 1298 1048 1386 uniuscuiusque'substantiao.
1103 1304 1202 1367 Virtus
1236 1305 1355 1384 spiritui
1387 1306 1499 1377 accidit,

234 1433 246 1452 ³
299 1389 376 1476 ¹u'oc
396 1412 462 1491 ipsa
484 1410 541 1472 erit
562 1408 697 1487 spiritus.
741 1407 796 1468 llis
819 1407 917 1485 itaque
940 1406 1046 1478 rebus,
1069 1405 1296 1485 ”quodcunque
1320 1414 1411 1480 sunt,
1440 1407 1500 1484 spi·

319 1513 380 1576 ritu
401 1510 449 1572 dei
471 1520 501 1571 et
522 1527 663 1571 sermone
686 1519 716 1568 et
736 1509 861 1581 virtute,
896 1506 1020 1568 conlatis
1050 1506 1080 1566 in
1103 1507 1265 1585 virginem,
1299 1508 1384 1586 quod
1408 1508 1448 1569 de
1470 1526 1500 1569 ca

319 1611 467 1684 nascitur,
490 1610 568 1671 filius
583 1608 631 1670 dei
648 1615 717 1670 est*
741 1607 835 1669 ”Hoc
855 1627 890 1669 se
913 1615 942 1669 et
965 1608 995 1669 in
1017 1608 1085 1669 istis
1108 1607 1267 1685 evangeliis
1290 1608 1357 1687 ipse
1374 1616 1501 1670 testatur

179 1737 306 1789 toenio.
320 1713 420 1775 statim
444 1730 460 1772 a
482 1728 586 1791 puero.
629 1708 696 1769 Non
724 1709 823 1781 scitis,
858 1709 968 1787 inquit,
1002 1708 1080 1787 quod
1109 1708 1138 1768 in
1160 1708 1253 1786 patris
1276 1708 1334 1769 mei
1360 1728 1410 1770 me
1436 1729 1501 1772 esse

189 1853 193 1863 ·
218 1804 301 1908 ,ἓξὲξ
321 1810 463 1894 oportet?
499 1811 564 1872 Hoc
585 1817 615 1871 et
636 1819 754 1871 satanas
777 1827 845 1869 eum
868 1808 897 1870 in
914 1808 1158 1887 temptationibus
1174 1809 1270 1869 norit:
1294 1809 1326 1871 Si
1350 1810 1433 1871 filius
1456 1811 1502 1873 dei

179 1906 365 1999 'ufipffbes
405 1913 470 1973 Hoc
490 1911 550 1973 ²*ct
570 1910 676 1972 exinde
698 1909 852 1971 daemonia
876 1910 1070 1971 confitentur:
1099 1909 1216 1970 Scimus
1246 1910 1296 1988 qui
1326 1910 1389 1983 sis,
1424 1911 1501 1973 filius

216 2006 380 2076 v¹¹¹·²⁹·dci.
418 2013 536 2074 Patrem
564 2020 594 2072 et
620 2011 687 2090 ipse
713 2010 827 2072 adorat.
871 2009 1021 2071 Christum
1051 2029 1084 2070 se
1112 2010 1158 2070 dci
1187 2029 1203 2070 a
1226 2010 1315 2071 Petro
1338 2009 1502 2090 ”agnitum

161 2085 165 2095 A
201 2056 307 2201 'iffi
321 2131 383 2177 uos
397 2120 494 2193 negat.
527 2111 705 2173 ”insultans
726 2111 758 2172 iu
780 2110 886 2189 spiritu
908 2111 943 2171 ad
965 2119 1097 2191 patrem,
1120 2110 1286 2183 Confiteor,
1310 2110 1426 2190 inquit,
1450 2112 1502 2174 tibi

259 2188 266 2209 ’
301 2186 421 2296 pater,
454 2212 534 2292 quod
557 2210 750 2274 absconderis
771 2211 844 2273 baec
871 2229 888 2271 a
911 2211 1104 2290 sapientibus.
1156 2211 1210 2272 llic
1237 2230 1357 2291 quoque
1386 2222 1501 2292 patrem

152 2314 434 2394 ''muuxmncmini
455 2322 559 2375 notum
582 2313 640 2374 nisi
667 2312 728 2372 filio
756 2312 899 2385 allirmat,
934 2319 963 2373 et
989 2311 1010 2343 ²⁷
1019 2311 1111 2390 patris
1140 2311 1230 2374 filium
1258 2312 1501 2377 ”consessurum

319 2416 510 2479 confessores
533 2421 563 2474 et
583 2413 785 2491 ²”negaturum
809 2420 966 2491 negatores
991 2431 1064 2472 snos
1086 2414 1163 2491 apud
1186 2422 1317 2492 patrem,
1352 2415 1499 2478 inducens

165 2507 307 2612 „¹2¹5ss
318 2514 489 2595 parabolam
507 2513 665 2593 'filinam
686 2513 795 2593 patris,
818 2513 849 2574 in
871 2514 986 2575 vineam
1009 2513 1093 2574 missi
1115 2523 1186 2593 post
1200 2514 1313 2593 aliquot
1328 2533 1447 2589 servos,
1472 2525 1500 2578 et

195 2609 304 2709 ffffiq
318 2613 411 2676 occisi
432 2632 449 2674 a
471 2612 555 2674 malis
577 2613 712 2684 rusticis,
743 2621 773 2674 et
793 2632 808 2674 a
832 2623 916 2692 patre
938 2614 1069 2686 dolensi,
1104 2616 1244 2693 ignorans
1273 2623 1303 2676 et
1331 2616 1399 2694 ipse
1422 2618 1499 2680 diem

315 2713 474 2785 ethoram
497 2712 628 2773 ultimam
651 2712 707 2776 soli
730 2713 806 2792 patri
829 2723 945 2787 nomm,
970 2714 1134 2794 disponens
1156 2733 1280 2793 reguum
1302 2716 1497 2796 ”discipulis

203 2790 306 2911 ubisit.
320 2812 472 2894 quomodo
495 2820 525 2873 et
546 2811 604 2873 sibi
626 2812 805 2892 dispositum
822 2812 892 2874 dicit
911 2824 1042 2894 apatre,
1064 2815 1177 2876 habens
1198 2825 1378 2894 potestatem
1402 2818 1497 2898 legio·

196 2911 305 3010 ¹}prss
319 2932 374 2978 nes
397 2912 568 2993 angelorum
591 2912 760 2990 postulandi
783 2913 819 2973 ad
842 2913 980 2974 auxilium
1004 2934 1019 2975 a
1042 2923 1125 2994 patre
1148 2917 1173 2978 si
1196 2917 1304 2990 velletr
1329 2919 1497 2981 exclamans

187 3010 401 3104 ”mmcd
424 3032 457 3075 se
480 3012 553 3073 deus
576 3011 760 3090 reliquisset,
794 3013 824 3074 in
854 3013 946 3092 patris
975 3016 1110 3078 manibus
1139 3017 1276 3097 spiritum
1298 3037 1436 3098 ponens,
1470 3030 1500 3083 et

192 3110 306 3205 fflbssj
319 3121 391 3196 post
412 3113 662 3175 resurrectionem
685 3112 836 3192 spondens
859 3114 1021 3176 missurum
1044 3135 1077 3178 se
1096 3117 1247 3196 discipulis
1263 3120 1497 3198 promissionem

179 3211 307 3314 afflig·
320 3214 431 3295 putris,
461 3223 492 3275 et
512 3213 675 3274 novissime
697 3213 840 3277 mandans
863 3222 896 3275 ut
917 3215 1084 3294 tinguerent
1113 3218 1142 3279 in
1164 3227 1277 3297 patrem
1301 3221 1447 3283 etlilium
1469 3231 1497 3284 et

319 3314 457 3396 spiritum
481 3323 632 3385 sanctum,
665 3331 726 3374 nou
749 3315 778 3374 in
807 3332 910 3375 unum.
960 3316 1032 3377 Nam
1062 3337 1117 3387 nec
1143 3320 1250 3391 semel,
1284 3321 1336 3382 sed
1366 3333 1427 3395 ter,
1462 3322 1497 3385 ad

285 3450 289 3461 ·
317 3414 433 3495 singula
455 3415 575 3476 nomina
598 3415 628 3475 in
650 3432 796 3497 personas
818 3415 950 3495 singulas
973 3416 1144 3496 tinguimur.

167 3535 311 3595 cipxxrn.
402 3515 441 3575 Et
466 3515 535 3594 quid
565 3533 620 3594 ego
647 3516 677 3576 in
707 3523 765 3576 tam
796 3516 977 3578 'manifestis
1006 3518 1178 3589 'morabom
1217 3539 1282 3581 cum
1312 3538 1347 3582 ea
1376 3523 1496 3603 aggredi

318 3615 440 3677 debeam
463 3615 629 3695 dequibus
652 3616 806 3678 manifesta
840 3616 1018 3678 obumbrare
1046 3618 1215 3698 quaeruut?
1259 3620 1394 3701 Undique
1417 3625 1496 3685 cuim

318 3715 437 3777 obducti
460 3714 514 3778 'de
534 3714 742 3777 distinctione·
763 3716 856 3797 patris
879 3726 909 3778 et
931 3716 998 3789 lilii,
1022 3736 1109 3797 quarn
1131 3730 1269 3782 manente
1284 3722 1496 3787 coniunctione

317 3814 522 3895 disponimus,
556 3824 589 3873 ut
615 3814 689 3876 solis
718 3825 748 3876 et
773 3817 847 3878 radii
876 3825 906 3878 et
927 3818 1018 3880 sontis
1047 3828 1076 3881 et
1097 3820 1193 3894 lluvii,
1228 3840 1283 3901 per
1309 3823 1494 3888 individuum

316 3921 415 3975 tamen
437 3930 594 3975 numerum
616 3913 743 3977 duorum
766 3924 796 3978 et
818 3917 923 3990 trium,
947 3918 1032 3980 aliter
1050 3937 1115 3981 eam
1136 3921 1172 3983 ad
1195 3941 1278 3984 suam
1300 3923 1495 3989 nibilominus

241 4100 251 4117 ·
320 4095 359 4145 16.
378 4099 512 4147 substantia
529 4099 555 4148 A.
574 4102 638 4151 leid.
699 4101 738 4152 l'l.
756 4103 809 4166 ipss
827 4103 880 4166 ipss
898 4103 958 4154 deus
980 4106 1005 4155 l.
1025 4107 1087 4158 leid.
1150 4107 1189 4158 ts.
1215 4123 1261 4172 qm
1281 4111 1395 4161 latinius.
1439 4113 1494 4177 quir

320 4164 376 4212 libri
393 4175 505 4216 omnes·
533 4165 572 4217 19.
592 4183 637 4231 qm
657 4176 680 4217 et
699 4171 730 4229 d.,
751 4186 801 4220 curn
819 4171 901 4220 Fulvio
911 4172 1002 4222 llrsr'no.
1038 4188 1099 4237 qous
1118 4182 1141 4223 et
1158 4176 1244 4225 Allobo.
1264 4178 1328 4227 leid.
1373 4177 1494 4229 211111-

316 4233 403 4280 stantia
420 4233 445 4282 Α.
465 4235 530 4283 leid.
583 4234 624 4284 21.
644 4236 802 4298 quiadoded.
838 4240 878 4301 qui
898 4238 923 4288 11.
942 4240 1007 4290 leid.
1051 4239 1092 4289 22.
1111 4253 1265 4306 quotcunque
1283 4261 1305 4294 o.
1347 4244 1388 4295 2³.
1408 4249 1429 4295 si
1449 4249 1495 4297 boc

317 4313 345 4347 se
363 4298 406 4347 ld.
425 4301 489 4350 leid.
542 4300 582 4351 24.
602 4312 625 4352 et
643 4306 720 4352 cml.
739 4305 802 4353 leid.
845 4305 886 4355 25.
906 4307 1026 4368 cognitum
1045 4311 1070 4357 l.
1090 4310 1152 4359 leid.
1197 4309 1238 4360 26.
1257 4311 1366 4362 exultans
1379 4316 1404 4362 Α.
1417 4315 1492 4375 leid,

218 4366 223 4371 '
315 4373 336 4414 et
358 4365 517 4417 Voticorrcrum
534 4385 603 4420 onus.
656 4368 696 4418 21.
715 4373 776 4434 petri
795 4375 820 4421 Α.
840 4373 904 4423 Leid.
955 4372 996 4424 28.
1016 4376 1173 4427 confessuros
1190 4379 1254 4427 leid.
1287 4378 1342 4430 .29.
1362 4388 1494 4443 arguturus

316 4432 344 4481 ,1.
364 4433 427 4482 leid.
480 4434 521 4483 30.
540 4437 715 4502 discipolorum
733 4440 758 4488 A.
776 4440 841 4489 teto.
1451 4454 1458 4463 “

383 4500 442 4564 Cap.
461 4501 548 4553 llllllll.
585 4504 607 4553 l.
626 4505 785 4555 manifestatis
801 4507 828 4556 1.
847 4508 911 4557 leid.
964 4507 988 4557 2.
1009 4510 1123 4560 morabor
1140 4511 1184 4561 AB.
1202 4513 1267 4563 leid.
1302 4516 1493 4581 mororreliqm'.

315 4565 339 4616 3.
358 4566 387 4616 do
406 4567 560 4620 distinctions
577 4587 627 4635 ego.
663 4573 817 4630 distinctions
835 4574 921 4626 Bobrd.
956 4576 1133 4628 distinctionem
1152 4581 1177 4630 l.
1196 4581 1261 4630 leid.

348 4698 407 4763 cm.
425 4699 512 4751 narrt.
562 4716 584 4753 ι.
608 4704 705 4768 obruor
733 4707 764 4757 ae
790 4708 877 4758 arsura·
929 4708 999 4760 veru
1026 4713 1139 4764 oratam
1165 4676 1228 4778 ‚pia
1247 4715 1423 4765 rotumnam
1442 4718 1494 4767 nr·

313 4763 465 4833 ctioncJJta
485 4770 608 4819 smendmi
627 4774 709 4822 vocale
729 4776 758 4824 de
775 4777 877 4839 repetita
929 4790 974 4841 pro
1007 4783 1140 4835 convincere
1168 4782 1203 4830 rel
1236 4788 1354 4845 confutare
1382 4787 1493 4848 usurpati

312 4845 339 4881 es
359 4834 445 4885 initiali
471 4837 621 4901 insequentis
644 4841 752 4891 rocebnli
776 4843 877 4906 syllaba.
929 4845 1038 4910 exempla
1057 4848 1144 4910 collegi
1163 4849 1193 4899 sd
1211 4848 1245 4900 lle
1263 4850 1340 4900 leion.
1357 4865 1411 4914 cap.
1423 4851 1464 4902 ll.
