3242 5775
503 703 650 747 mrsnsus
672 703 843 747 rincronmr
865 704 922 747 nm.
938 704 966 745 v.
1123 747 1128 754 ,
1265 692 1328 754 299

155 852 405 936 'magnidicamb
429 855 456 922 si
478 854 671 918 haecomnia
694 853 807 915 facilius
831 872 847 914 s
870 871 918 915 me
940 854 1148 933 proferuntur,
1176 863 1206 917 et
1228 857 1330 936 utiquc

154 956 356 1038 conspirantia
377 956 487 1036 regulis
510 964 541 1018 et
561 954 810 1035 dispositionibus
833 964 863 1015 et
884 955 1049 1035 disciplinis
1072 957 1232 1030 creatoris,
1263 959 1330 1022 sine
1382 980 1385 989 ·

149 1060 238 1123 dnbio
261 1058 312 1119 dei
335 1057 395 1119 mei
417 1057 474 1119 erit
495 1066 526 1119 et
540 1056 678 1118 Christus
701 1067 732 1117 et
752 1055 874 1135 spiritus
897 1065 927 1117 et
948 1057 1110 1136 apostolus.
1143 1058 1239 1120 Habet
1253 1078 1328 1140 pro·

148 1162 314 1224 hedonem
337 1177 435 1221 meam
456 1158 506 1237 qni
529 1157 657 1220 soluerit
678 1176 742 1219 eam
765 1156 894 1235 erigere.

227 1260 358 1324 interim
386 1258 577 1322 Marcionites
607 1258 696 1320 ¹nibil
724 1256 914 1319 huiusmodi·
943 1258 1110 1331 exhibebit,
1148 1260 1199 1338 qui
1227 1258 1330 1323 ²timet
1347 1280 1444 1338 capu.

146 1361 202 1425 iun
224 1360 444 1442 'pronuntiare
465 1358 566 1421 ⁴cuius
583 1360 677 1439 magis
693 1359 830 1420 Christus
853 1343 984 1419 nondum
1001 1358 1041 1420 sit
1055 1358 1213 1421 revelatus.
1245 1361 1329 1425 Sicut

147 1482 230 1526 nens
251 1461 457 1543 expectandus
473 1470 534 1535 est,
557 1461 606 1540 qui
622 1478 639 1520 a
653 1459 818 1540 primordio
834 1459 1021 1538 praedicatus
1037 1468 1100 1533 est,
1123 1460 1201 1523 illius
1217 1461 1328 1525 idcirco

149 1582 208 1628 nen
229 1573 298 1638 est,
321 1563 474 1642 quianon
496 1580 514 1622 a
535 1560 699 1641 primordio
723 1561 771 1622 sit.
805 1561 911 1622 Melius
934 1579 990 1622 nos
1013 1561 1161 1623 credimus
1177 1562 1208 1623 in
1222 1563 1328 1625 ‘Chri-

151 1674 225 1728 rtur
248 1665 385 1726 futurum
406 1681 494 1741 quem
515 1662 682 1724 haereticus
705 1663 735 1722 in
759 1661 881 1724 nntium.
918 1663 1104 1723 Mortuerum
1126 1666 1478 1730 resurrectio-icosium.

155 1783 216 1828 nen
237 1765 395 1845 quomodo
418 1764 536 1843 quidam
558 1773 630 1825 tunc
650 1764 787 1841 negarint
801 1763 883 1843 prins
899 1762 1114 1842 dispiciendum
1129 1774 1185 1826 est.
1220 1764 1327 1845 Utique

157 1867 255 1930 cotem
280 1866 372 1928 modo
395 1883 454 1944 quo
476 1872 615 1940 etnunc3
637 1865 783 1943 siquidem
806 1882 925 1945 semper
946 1864 1128 1927 resurrectio
1150 1866 1247 1927 carnis
1270 1885 1326 1929 ne·

161 1977 243 2046 μ.
288 1967 428 2029 Ceterum
449 1966 577 2027 animam
606 1975 636 2027 et
665 1965 844 2045 sapientium
872 1965 973 2045 plnres
995 1965 1123 2027 divinam
1145 1966 1326 2030 vindicantes

163 2067 260 2131 dnm
281 2067 513 2148 repromittunt,
545 2076 577 2128 et
597 2068 700 2147 uulgus
724 2067 822 2146 ipsum
851 2084 886 2128 ea
906 2068 1151 2146 praesumptione
1172 2068 1327 2132 defunctos
1360 2083 1368 2092 ·

106 2241 108 2246 ¹
168 2167 243 2231 reditb
265 2188 323 2249 qua
345 2169 460 2231 animas
490 2187 594 2230 eorum
623 2159 744 2230 mane'rs
771 2168 908 2229 confidit:
942 2167 1092 2228 ⁶ceterum
1120 2187 1247 2248 corpora
1277 2179 1328 2231 aut

170 2267 271 2348 'qubus
292 2271 394 2332 statim
416 2278 467 2331 aut
487 2269 598 2332 ⁶¹'ieris
620 2278 670 2330 aut
692 2270 780 2331 etiam
802 2268 1031 2346 diligentissime
1047 2268 1165 2331 condita
1181 2271 1326 2350 tempori·

171 2345 329 2434 b'tsmen
351 2370 465 2433 aboleri
487 2371 676 2432 manifestum
699 2381 755 2431 cst.
807 2370 840 2430 Si
862 2387 932 2447 ergo
956 2368 1053 2429 earnis
1076 2370 1328 2433 resurrectionem
1376 2425 1379 2429 .

177 2483 294 2551 mutes
316 2473 474 2554 spostolus
496 2472 642 2545 retundit,
676 2473 775 2551 utique
804 2471 944 2531 adversus
973 2470 1040 2531 iilos
1063 2478 1162 2531 tuetur
1184 2471 1264 2551 quod
1287 2472 1327 2533 ilii

182 2573 317 2651 abant,
340 2574 439 2636 carnis
462 2573 575 2634 scilicet
595 2574 856 2635 resurrectionem.
888 2571 987 2633 Habes
1003 2572 1180 2651 compendio
1196 2591 1326 2654 respon-

106 2758 107 2761 *
186 2689 240 2736 ΙΙ.
277 2675 380 2737 Cetera
402 2677 461 2737 iam
483 2673 710 2735 exabundanti.
753 2674 827 2735 Nam
850 2682 880 2734 et
901 2674 1015 2752 ipsum,
1037 2673 1118 2752 quod
1139 2682 1327 2738 mortuorum

106 2857 107 2862 ἵ
190 2779 336 2838 mestus
359 2776 482 2849 dicitur,
513 2775 603 2853 erigit
623 2775 741 2837 defendi
762 2774 962 2854 proprietates
984 2774 1240 2838 'vocabulorum
1284 2776 1327 2838 ita

192 2876 330 2940 stabulum
351 2888 503 2940 mortuum
526 2896 585 2938 non
609 2887 656 2938 est
678 2877 736 2939 nisi
758 2876 857 2956 quodd
887 2875 986 2938 amisit
1007 2876 1151 2951 animam,
1183 2877 1219 2940 de
1242 2878 1326 2941 cuius

105 3056 124 3066 '-
197 2970 439 3040 nauseaverint.
476 2978 592 3058 Corpus
614 2980 761 3056 estquod
784 2978 891 3039 amittit
913 2977 1039 3039 animam
1062 2988 1092 3040 et
1112 2980 1273 3041 amittendo
1296 2981 1329 3043 bt

106 3116 140 3161 ,5¹
200 3087 323 3154 utnumr
343 3082 384 3142 ita
406 3081 515 3141 mortui
539 3080 710 3141 vocabulum
733 3080 851 3158 corpori
868 3081 1018 3158 competit.
1056 3079 1151 3141 Porro
1173 3082 1199 3142 si
1223 3100 1327 3143 resur·
1426 3068 1429 3073 ¹

136 3242 149 3255 ‚
203 3177 263 3237 Min
279 3183 382 3242 mortui
396 3173 468 3252 est,
491 3190 641 3241 mortuum
661 3191 758 3241 autern
773 3200 834 3240 non
849 3181 927 3240 alind
943 3189 990 3240 est
1005 3199 1092 3259 quam
1108 3200 1235 3260 corpus,
1259 3201 1328 3244 cor-

124 3315 143 3354 n,
205 3275 257 3348 νὴ
272 3282 321 3341 crit
341 3281 530 3343 resurrectio.
584 3282 635 3342 Sic
661 3290 691 3340 et
712 3279 942 3341 resurrectionis
966 3280 1137 3340 vocabulum
1160 3300 1220 3342 non
1243 3283 1328 3343 aliam

132 3422 136 3437 .
208 3384 245 3435 ¹!
259 3379 369 3444 n'ndicat
390 3401 478 3461 quam
501 3400 576 3460 quae
599 3381 712 3441 cecidit.
746 3383 875 3458 Surgere
896 3380 974 3439 cuim
997 3386 1096 3458 potest
1118 3379 1176 3441 dici
1198 3389 1228 3441 et
1249 3382 1329 3458 quod

121 3554 138 3561 μ
212 3477 289 3541 hino
307 3501 364 3544 non
385 3483 507 3554 cecidit,
536 3482 613 3559 quod
643 3499 763 3559 semper
790 3490 871 3541 retro
895 3480 991 3540 iacuit.
1036 3479 1204 3558 Resurgere
1231 3488 1331 3542 autem

213 3585 247 3636 ΙΙ
260 3591 294 3642 cst
311 3585 365 3646 nisi
388 3585 453 3646 eius
476 3583 554 3662 quod
577 3584 699 3655 cecidit3
722 3582 828 3643 iterum
850 3580 929 3640 eninr
944 3580 1109 3658 surgendo,
1132 3581 1201 3660 quia
1216 3582 1329 3656 cecidit,

216 3750 400 3828 [minam
420 3774 443 3820 d.
479 3772 579 3831 mugnis.
610 3771 690 3819 Dicam
709 3771 752 3820 BC.

109 3869 158 3902 n·
252 3830 342 3896 Capu.
385 3841 406 3889 1.
426 3838 484 3888 nibil
509 3852 536 3887 er
561 3838 697 3887 huiusmodi
718 3839 740 3887 t'.
785 3837 842 3886 nibil
863 3837 980 3885 eiusmodi
1000 3837 1023 3884 d.
1086 3834 1267 3885 2.tnmetiurn
1288 3836 1330 3886 bd.
1367 3891 1371 3903 Ι

106 3897 177 3967 ζμ.
219 3884 428 3956 bunuariorum.
488 3906 512 3954 4.
531 3908 655 3954 cuiusnam
681 3906 792 3954 cbristus
812 3907 925 3954 Latinius.
984 3903 1008 3952 5.
1027 3903 1123 3952 Christo
1142 3903 1185 3954 BC.
1244 3903 1268 3954 6.
1288 3904 1333 3954 Ve-

115 3972 179 4036 rr-t'
219 3965 368 4023 *ir-tuns.
428 3973 476 4023 bb.
495 3974 626 4023 terrisbd.
680 3972 903 4041 ¹1.p·ornbniornm.
929 3971 962 4019 ltn
981 3971 1122 4019 rocabuium
1142 3978 1262 4021 mortuum
1282 3986 1330 4023 non

121 4065 181 4100 ,μ
220 4028 262 4079 '¹2
291 4043 459 4091 retriutorem.
492 4040 609 4090 Mortuum
629 4055 676 4089 noo
696 4043 781 4099 estd.,
804 4039 985 4089 Fuistirsinus.
1031 4038 1201 4087 roorbutorcm
1222 4047 1330 4088 mortno·

121 4161 124 4165 ,
221 4098 578 4158 *innonuomsobuutum
599 4108 744 4157 nonestt).
786 4107 964 4156 vocabulorum.
998 4104 1330 4156 idortnornmitsroorbnlo

220 4166 340 4289 :tanim
359 4194 388 4227 es
405 4179 518 4227 emendet.
536 4177 646 4227 iibrncni.
688 4176 745 4225 Nom
763 4179 832 4224 etiarn
851 4178 875 4223 in
894 4175 1011 4223 dorrirmi
1029 4175 1108 4222 codice
1125 4182 1189 4224 erant
1207 4176 1332 4239 deproooto

293 4259 312 4291 c

114 4425 118 4430 .
155 4397 185 4424 r·
234 4361 400 4443 inmitium]
419 4378 481 4427 Cere
500 4392 529 4427 ne
548 4392 601 4426 cnm
619 4377 720 4439 itigabio
806 4377 828 4424 b.
854 4375 981 4424 defunctos
1008 4368 1077 4438 coiit]
1105 4373 1142 4423 Cf.
1171 4373 1204 4424 De
1231 4375 1330 4425 Resurr.

106 4466 164 4510 412.
216 4436 339 4506 *uest
365 4449 460 4505 decom,
490 4446 555 4508 qnod
584 4446 670 4494 mirum
696 4446 719 4493 io
774 4443 860 4492 Carnis
879 4442 967 4505 capt.

108 4530 144 4560 mr
214 4500 270 4557 ἦ
290 4512 362 4574 friget
416 4512 581 4575 Sugssitiantnr
607 4514 719 4573 ambiguo
806 4527 826 4559 c.
846 4510 941 4559 defendi
961 4509 1122 4574 proprietates
1138 4503 1331 4625 rocrbniorum]

106 4578 163 4623 .···a'.
212 4572 417 4643 ''impertiens“
436 4595 510 4629 sensu
521 4581 648 4630 Marcionis
665 4579 720 4629 ilire
772 4578 881 4636 uerendi,
908 4578 930 4627 id
956 4586 992 4627 est
1016 4578 1100 4628 asseri.
1143 4576 1167 4626 V.
1187 4577 1276 4626 ednott.
1301 4592 1313 4625 r

105 4647 173 4692 ΨΜ
208 4640 432 4713 &prophetissis
771 4644 832 4695 tibi
851 4646 905 4694 nde.
925 4644 996 4695 biorc
1015 4643 1120 4709 esp.26.

108 4721 144 4753 Μ
216 4706 310 4777 kil.
342 4732 363 4765 n.
382 4712 532 4778 huiusmodi]
554 4715 632 4765 Editio
650 4717 719 4779 prin·
804 4713 828 4761 d.
854 4713 886 4761 tta
912 4712 1053 4763 roesbuinm
1078 4721 1200 4762 mortuum
1224 4724 1272 4759 non
1296 4716 1353 4757 est·

106 4790 108 4801 '
130 4785 153 4823 r‘·
204 4780 469 4843 9¹„rrboiusmodi‚“
493 4798 555 4846 qnae
581 4797 639 4832 sone
657 4784 719 4832 scri·
771 4781 817 4830 nisi
842 4775 918 4845 quod]
945 4780 1085 4845 Impeditior
1109 4779 1203 4842 genitivi
1229 4777 1331 4825 demon·

199 4846 240 4899 h
253 4852 358 4903 rindicsri
377 4853 456 4915 possit
473 4865 500 4901 er
515 4850 719 4901 usnrerrottnni.
770 4848 860 4897 strntiri
878 4851 927 4898 eius
946 4856 1000 4897 rote
1019 4847 1142 4898 reintirum
1162 4844 1263 4907 ellipsis.
1294 4841 1332 4890 Gt.

198 4906 303 4971 “droit
320 4921 351 4971 ed
371 4920 404 4971 be
421 4918 545 4984 baptismo
564 4933 615 4983 esp.
629 4918 666 4970 12.
772 4916 862 4966 nduott
882 4916 911 4967 nd
930 4917 972 4968 tib.
982 4915 1011 4966 iv
1028 4916 1084 4966 bdr.
1104 4913 1175 4963 ttrrc.
1193 4924 1245 4975 esp.
1256 4907 1299 4959 39.
