3242 5775
425 684 572 728 invensus
593 685 769 730 umcroneu
789 689 847 732 cm.
863 690 884 733 r.
1202 687 1243 749 77
1327 671 1331 678 ’

197 835 266 896 eins
293 832 442 896 obiectus.
493 835 527 896 ln
555 854 615 915 quo
644 815 788 916 te‘pntas
809 837 966 902 liberatum
988 842 1026 904 de
1048 863 1141 925 regno
1164 848 1238 926 eius,

199 953 335 997 muscae
358 935 456 997 adbuc
476 934 612 997 calcant?
645 936 678 998 Si
701 938 859 1000 defuturo
883 940 1012 1005 ”erutus
1036 963 1086 1019 es,
1109 966 1238 1011 cnrnon

197 1036 331 1109 resentic
362 1045 396 1097 ut
418 1034 601 1115 ¹²perlecte?
643 1036 705 1098 blia
728 1046 776 1099 cst
796 1048 899 1102 nostra
922 1043 1057 1105 condicio
1080 1047 1157 1125 apud
1180 1067 1235 1110 au-

197 1136 279 1214 apud
305 1136 452 1204 iudicem.
476 1137 553 1217 apud
577 1138 725 1199 oliensnm
746 1138 911 1220 principem
934 1143 1062 1220 generis.
1098 1145 1143 1207 'l'n
1165 1157 1233 1209 tan-

219 1236 342 1298 bonnm
360 1237 477 1299 ¹³deum
498 1225 642 1317 praefers.
676 1238 742 1299 Non
765 1249 854 1317 potes
876 1250 974 1304 autem
995 1245 1125 1323 perfecte
1148 1246 1233 1308 ¹⁴bo-
1318 1315 1322 1322 ¹
1352 1299 1358 1308 ,

197 1338 304 1399 εηᾶεῑο
326 1356 344 1398 a
369 1357 428 1417 quo
450 1356 511 1399 non
532 1339 665 1416 perlecto
686 1338 833 1401 liberaris.

198 1439 218 1499 d
243 1438 357 1500 attinet
378 1438 415 1500 ad
444 1439 587 1500 bonitatis
616 1440 838 1519 quaestionem,
871 1442 918 1502 bis
945 1441 1033 1504 lineis
1056 1444 1232 1508 deduximus
1250 1425 1383 1524 cipue
1411 1500 1414 1510 .

197 1542 255 1601 ime
277 1539 339 1600 deo
362 1539 537 1618 adaequari,
566 1546 600 1600 nt
626 1558 724 1619 neque
751 1540 912 1619 ingenitam
939 1561 1037 1621 neque
1058 1544 1231 1606 rationalem

199 1643 346 1712 rlectam,
381 1639 435 1700 sed
457 1648 488 1700 ct
508 1640 674 1720 improbam
704 1648 734 1701 et
754 1640 895 1702 iniustam
918 1649 947 1701 et
968 1642 1036 1721 ipso
1059 1642 1116 1703 iam
1139 1643 1229 1705 boni-

198 1742 261 1802 rine
283 1740 457 1817 indignam,
481 1740 560 1819 qnod
582 1741 695 1802 scilicet
717 1741 747 1801 in
770 1749 917 1821 qnantum
935 1741 992 1803 deo
1014 1750 1172 1821 congruat,
1197 1744 1229 1804 in

200 1859 272 1903 enm
295 1858 360 1901 non
384 1858 454 1901 esse
476 1841 632 1902 conveniet
665 1842 715 1920 qni
743 1841 852 1903 detali
875 1841 1006 1903 bonitate
1028 1842 1116 1904 etiam
1137 1854 1237 1921 pran-¹

197 1961 250 2003 nec
273 1941 313 2002 de
337 1940 389 2001 tali
409 1941 640 2029 modogrernm
663 1951 692 2003 et
713 1942 788 2003 sola.
824 1942 886 2003 lam
902 1942 981 2003 enim
1002 1950 1032 2004 et
1046 1942 1104 2003 boc
1118 1942 1225 2004 discuti

214 2061 253 2103 an
276 2042 355 2103 deus
379 2040 416 2101 de
440 2041 502 2101 sola
525 2042 657 2102 bonitate
687 2043 855 2104 censendus
884 2042 940 2115 sit,
974 2042 1088 2120 negatis
1118 2042 1225 2104 ceteris

198 2144 273 2216 bus,
299 2140 444 2203 sensibus
466 2149 496 2202 et
511 2141 679 2216 affectibus,
702 2162 778 2222 quos
792 2143 985 2204 Marcionitae
999 2144 1118 2222 quidem
1136 2161 1153 2204 a
1168 2142 1224 2204 deo

197 2253 241 2305 mt
264 2244 297 2303 in
322 2249 504 2315 creatorem,
534 2261 591 2303 nos
619 2261 689 2304 vero
719 2251 749 2303 et
769 2242 961 2322 agnoscimus
983 2242 1014 2303 in
1036 2250 1172 2304 creatore
1192 2249 1227 2304 ut

197 2364 236 2406 os.
273 2343 314 2404 Et
339 2361 375 2403 ex
396 2342 456 2405 hoc
476 2362 593 2422 quoque
615 2342 787 2421 negabimus
811 2344 899 2424 deum
922 2344 952 2404 in
974 2360 1034 2422 quo
1049 2361 1110 2404 non
1127 2342 1226 2403 omnia

215 2444 308 2523 digna
333 2443 396 2504 sint
417 2452 565 2504 constent.
598 2443 630 2504 Si
652 2444 779 2522 aliquem
802 2443 840 2504 de
855 2443 974 2523 Epicuri
996 2443 1098 2505 ecbola
1120 2442 1225 2503 deum·
1251 2471 1259 2480 ·

206 2545 321 2607 Christi
346 2544 467 2605 nomine
489 2543 621 2614 titulare,
652 2552 682 2606 ut
705 2544 784 2624 quod
805 2543 924 2605 beatum
947 2551 977 2605 et
998 2541 1224 2622 incorruptibile

197 2646 281 2708 rsibi
304 2663 408 2724 noque
429 2644 477 2706 alii
500 2644 649 2706 molestias
671 2652 805 2725 praestet
830 2644 919 2721 (banc
940 2644 1019 2706 enim
1043 2643 1222 2706 sententiam

214 2747 355 2808 llarcion
377 2745 505 2806 removit
537 2744 572 2806 ab
599 2746 650 2805 illo
679 2744 851 2806 severitates
880 2752 910 2805 et
929 2743 1098 2806 iudiciarias
1120 2744 1223 2821 vires),
1267 2816 1273 2828 ι

198 2858 270 2910 otum
300 2845 488 2908 immobilem
518 2853 549 2907 et
569 2853 737 2925 stupentem
766 2844 854 2906 deum
882 2845 1055 2924 concepisse
1083 2844 1224 2906 debuerat

198 2950 236 3010 illi
258 2967 329 3010 curn
348 2947 486 3019 Christo,
509 2946 637 3008 molesto
661 2954 691 3006 et
711 2946 829 3006 ludaeis
850 2965 905 3025 per
926 2946 1090 3007 doctrinam
1112 2953 1142 3007 et
1164 2944 1222 3006 sibi
1302 2962 1308 2973 ·

197 3047 303 3124 euml),
328 3057 382 3109 aut
405 3048 493 3108 etde
517 3047 623 3107 ceteris
646 3046 776 3107 motibus
800 3065 868 3107 enm
889 3047 1065 3126 ²agnouisse
1088 3045 1222 3124 (etquid

197 3149 341 3229 Epicuro,
367 3167 425 3209 nec
446 3147 503 3208 sibi
526 3166 581 3207 nec
603 3147 777 3207 Christianis
801 3146 1017 3225 necessariol).
1052 3146 1127 3207 Ecce
1143 3145 1222 3206 enim

209 3250 287 3328 qnod
309 3248 419 3310 retrob
446 3249 565 3327 quietus
593 3247 642 3325 qui
670 3266 726 3308 nec
754 3231 889 3329 notitiam
912 3248 959 3308 sui
982 3247 1080 3326 aliquo
1103 3245 1221 3307 interim

197 3351 322 3421 raserit,
359 3357 430 3428 post
463 3355 575 3409 tantum
608 3348 670 3407 aeri
704 3348 832 3407 senserit
864 3348 895 3406 in
924 3346 1056 3406 hominis
1085 3345 1221 3417 salutem,

197 3468 219 3510 er
236 3451 442 3521 voluntatem,
472 3465 573 3508 nonne
595 3447 803 3507 concussibilis
827 3454 899 3506 tune
921 3445 975 3505 luit
997 3462 1091 3503 norae
1113 3444 1222 3501 volun-

197 3552 349 3612 etceteris
374 3548 505 3609 motibus
527 3549 660 3608 videatur
683 3543 855 3607 obnoxius?
890 3543 973 3615 Quae
995 3550 1092 3603 autem
1114 3541 1222 3603 volun-

203 3649 459 3730 mncupiscentiac
482 3648 601 3708 stimulo
625 3646 695 3707 cst?
747 3645 840 3718 ³Quis
862 3644 942 3705 volet
963 3643 1041 3723 quod
1064 3661 1125 3704 non
1148 3661 1222 3703 con-

197 3746 207 3807 l
241 3751 356 3812 Sedet
379 3768 450 3810 cura
473 3749 592 3810 accedet
612 3747 765 3808 voluntati.
818 3745 909 3818 ⁴Quis
933 3744 1011 3806 onim
1033 3743 1113 3804 volet
1135 3743 1223 3821 ⁸qnid

197 3850 294 3926 sisset,
318 3859 351 3911 et
374 3867 438 3910 non
459 3847 615 3910 ⁰cnrabit‘?
643 3848 735 3924 lgitnr
757 3865 824 3907 cum
847 3853 876 3906 et
898 3845 989 3906 voluit
1012 3854 1041 3906 et
1055 3843 1223 3923 ⁷concupiit

198 3949 394 4023 insalutem,
430 3950 487 4009 iam
517 3957 546 4010 et
575 3948 632 4008 sibi
657 3956 686 4007 et
708 3947 773 4007 aliis
795 3946 947 4023 negotium
976 3945 1060 4017 lecit,
1094 3943 1221 4022 Epicuro
1332 4022 1337 4031 ι

198 4052 376 4114 ¹consiliario
399 4049 578 4112 ⁸llarci0ne.
620 4048 693 4107 Nam
716 4055 746 4107 et
766 4046 968 4107 adversarium
989 4044 1046 4106 sibi
1069 4043 1223 4106 constituit

197 4202 248 4253 ΙΙΙ
291 4203 332 4254 12.
351 4198 485 4267 perlecto?
508 4201 558 4249 llia
578 4202 600 4248 d.
636 4200 742 4262 perlecta
762 4205 806 4246 est.
831 4197 949 4247 altello.
985 4197 1091 4260 perlecto
1109 4196 1157 4243 sis:
1175 4194 1222 4243 alia

206 4267 318 4321 tttenm
337 4273 434 4321 ocrnbc.
492 4269 529 4317 14.
548 4268 638 4315 bonum
658 4268 761 4326 (Btcbcd.
782 4266 912 4314 deniensis
930 4265 996 4312 liber.
1040 4264 1110 4311 deum
1129 4263 1222 4324 reliqui.

206 4334 253 4386 m.
288 4341 434 4388 l.sensnm
455 4336 673 4395 ammonemus.
715 4326 825 4396 ybnmA.
861 4332 953 4380 ihesum
972 4331 997 4378 B.
1033 4331 1222 4391 lesumreliqm'.

198 4406 424 4456 ululelr’rsines.
485 4402 507 4450 3.
529 4404 586 4459 Quis
611 4401 673 4449 volet
696 4401 760 4464 quod
785 4413 833 4448 non
853 4394 1028 4460 concupiscet?
1053 4413 1096 4446 om.
1116 4397 1181 4445 cbcd.
1202 4401 1222 4443 et

197 4480 207 4513 ²
238 4472 336 4532 &Quis
354 4472 421 4521 volet
442 4470 505 4533 quod
525 4483 572 4517 non
592 4463 766 4530 concupiscet?
795 4467 854 4525 Quis
878 4466 941 4515 enim
965 4464 1028 4513 volet
1046 4463 1102 4528 quid
1122 4470 1145 4510 et
1163 4475 1222 4510 con·

199 4535 220 4583 ί
257 4540 279 4590 5.
297 4541 364 4605 quod
385 4538 429 4588 Bc.
485 4537 508 4585 6.
528 4537 617 4584 curarit
635 4536 694 4585 ABG.
756 4534 780 4583 l.
799 4533 934 4598 concupivit
954 4534 1063 4582 l'ctr'ccnt.
1116 4528 1140 4578 8.
1159 4528 1222 4577 llar-

197 4599 384 4658 timerem.
420 4605 551 4653 blsrcionis
569 4604 638 4652 Bcbc.

198 4730 235 4786 ffl-
269 4757 288 4791 ι
315 4742 427 4808 aliquem
457 4739 487 4788 de
511 4738 608 4800 Epicuri
694 4736 719 4784 b.
737 4730 815 4797 retro]
842 4732 869 4783 ld
888 4741 925 4783 est
950 4738 1027 4790 antea,
1053 4744 1080 4806 eq
1098 4742 1142 4777 usn
1162 4725 1222 4797 Ter7

197 4801 240 4870 ΙΙ
257 4810 365 4869 hrum,
388 4808 431 4873 qni
452 4807 511 4855 nibil
532 4813 608 4865 curet,
660 4803 786 4852 tullianen.
812 4801 928 4863 Exempla
946 4800 1035 4848 addere
1052 4802 1125 4859 piget.
1144 4789 1221 4863 ¹llcdr

202 4876 311 4929 &Q
328 4875 500 4942 (lnlnnins.)
661 4870 752 4935 aliquot
770 4869 799 4920 ad
817 4869 852 4918 lle
870 4869 980 4933 Spectas.
998 4879 1050 4928 cap.
1060 4862 1084 4912 9.
