3242 5775
962 653 1114 706 oua!
1154 655 1220 700 ll!
1261 655 1454 702 unt!
1497 647 1893 704 mmm
1936 655 2250 708 mmm

2652 653 2777 712 'nv

552 807 610 864 9.
657 807 731 865 De
762 807 910 883 Virg.
940 808 1060 867 Vel.
1091 810 1149 868 8.
1223 811 1299 870 De
1329 812 1550 884 Corona,
1648 812 1719 870 11.

515 893 626 1032 12.l
638 893 786 1032 &dm
814 976 977 1034 Marc.
1001 978 1061 1046 V,
1077 978 1134 1036 8.
1165 979 1240 1037 De
1258 979 1544 1054 Virg.Vel.

595 1061 654 1118 9.
699 1059 775 1118 De
808 1061 959 1137 Bapt.
997 1063 1093 1121 18.

515 1145 624 1286 15.1
636 1146 735 1287 2Αά
775 1144 939 1203 Uxor.
983 1147 1034 1217 1,
1066 1148 1122 1204 5.
1196 1149 1272 1206 De
1321 1147 1543 1224 Houog.

556 1416 608 1470 1.
657 1416 731 1471 De
762 1416 949 1473 Anima
986 1417 1082 1474 16.

553 1500 608 1555 3.
656 1500 730 1555 De
764 1499 981 1573 Honog.
1020 1500 1116 1558 12.

551 1585 609 1639 4.
656 1584 733 1641 De
765 1583 984 1658 Monog.
1024 1585 1122 1643 12.

553 1669 609 1722 5.
656 1669 730 1725 De
764 1669 982 1742 monog.
1021 1669 1118 1727 12.

555 1854 609 1908 1.
654 1853 731 1911 De
761 1853 933 1910 leiun.
967 1855 1028 1911 2.

552 1937 609 1993 2.
654 1940 728 1995 De
760 1939 931 1995 leiun.
966 1940 1023 1996 2.

551 2023 606 2079 3.
653 2023 727 2079 De
777 2024 1106 2095 Praescript.
1162 2021 1383 2080 Haeret.
1440 2022 1542 2080 33.

593 2106 667 2163 De
699 2108 870 2163 Ieiun.
904 2107 961 2164 2.
1004 2108 1081 2164 De
1113 2108 1333 2181 Moneg.
1371 2108 1468 2165 15.

547 2193 608 2246 4.
654 2192 727 2247 De
758 2190 977 2264 Monog.
1017 2193 1112 2249 15.

550 2276 606 2330 5.
652 2273 729 2331 De
760 2276 979 2348 Monog.
1017 2277 1113 2333 15.

510 2361 604 2415 10.
653 2359 728 2417 De
756 2359 945 2416 Pudie.
976 2361 1034 2417 2.
1399 2385 1410 2400 ·

507 2444 607 2499 22.
657 2445 729 2501 De
759 2445 1090 2519 Praescript.
1120 2444 1340 2501 Haeret.
1375 2444 1475 2503 33.

416 2543 478 2600 v·
548 2629 607 2685 9.
650 2621 730 2685 Ad
782 2628 945 2686 Uxor.
988 2629 1042 2698 1,
1070 2628 1127 2686 8.
1186 2628 1265 2686 De
1318 2629 1538 2702 Honog.

509 2714 726 2854 11130οε
754 2797 1084 2872 Praescript.
1114 2796 1334 2856 Haeret.
1366 2798 1464 2856 33.

505 2884 603 2940 17.
651 2883 724 2939 De
755 2882 923 2939 leina.
959 2881 1015 2939 2.

503 2967 606 3024 22.
655 2967 729 3023 De
758 2967 911 3041 Bapt.
949 2968 1045 3024 18.
1091 2968 1165 3023 De
1195 2966 1382 3024 Pndic.
1413 2966 1509 3024 18.

501 3052 602 3109 23.
648 3052 724 3108 De
755 3052 927 3108 leiun.
960 3052 1017 3108 9.
1069 3050 1147 3109 De
1177 3051 1392 3108 Corona
1422 3051 1479 3109 8.

545 3237 604 3293 4.
652 3236 725 3292 De
754 3236 1083 3310 Praeseript.
1115 3235 1333 3293 Haeret.
1371 3236 1467 3293 16.

547 3321 604 3378 8.
652 3321 726 3376 De
758 3320 956 3377 Idolol.
996 3321 1089 3377 12.

507 3406 606 3462 10.
652 3403 727 3461 De
757 3405 986 3461 Patieut.
1016 3407 1073 3461 7.
1119 3403 1195 3460 De
1225 3402 1419 3460 ldolol.
1443 3405 1538 3461 10.

505 3490 603 3546 13.
649 3486 725 3544 De
757 3489 1087 3562 Praescript.
1119 3486 1336 3544 Haeret.
1369 3487 1469 3544 25.

507 3575 605 3631 14.
649 3572 724 3628 De
774 3574 1103 3646 Praeseript.
1157 3571 1376 3630 Haeret.
1437 3571 1538 3628 25.

588 3657 662 3714 De
693 3657 915 3713 Resurr.
942 3657 1097 3713 Carn.
1133 3657 1234 3714 23.

510 3743 607 3799 15.
652 3742 727 3798 De
757 3742 978 3797 Resurr.
1011 3741 1169 3798 Carn.
1202 3740 1302 3799 23.

508 3827 605 3883 16.
652 3826 783 3882 Λᾶν.
814 3826 970 3882 Prax.
1007 3827 1103 3881 15.
1139 3826 1234 3882 16.

504 3911 609 3967 20.
655 3910 731 3967 De
761 3910 1091 3983 Praeseript.
1122 3908 1341 3966 Haeret.
1373 3907 1476 3967 25.

469 4135 555 4194 tx
590 4134 639 4193 11
676 4134 968 4195 EPISTULA
1001 4135 1080 4194 An
1115 4132 1507 4194 ΤΙΙΜἮΕΠΙ.

553 4347 609 4402 7.
655 4344 851 4418 Scorp.
888 4347 984 4404 13.

551 4429 609 4487 8.
655 4428 849 4504 Scorp.
888 4431 981 4488 13.

510 4514 610 4571 12.
654 4514 731 4571 De
760 4514 1086 4588 Praescript.
1120 4513 1340 4571 Haeret.
1370 4510 1472 4569 25.

511 4599 611 4655 14.
659 4598 733 4655 De
761 4598 1088 4673 Praescript.
1122 4597 1342 4654 Haeret.
1373 4596 1475 4654 25.

511 4683 607 4739 15.
655 4682 731 4739 De
760 4681 1088 4757 Praescript.
1119 4681 1337 4738 Haeret.
1373 4681 1430 4738 3.

514 4767 612 4824 16.
660 4764 736 4823 De
765 4765 914 4840 Fuga
943 4768 1000 4824 in
1030 4767 1250 4823 Perseo.
1289 4764 1383 4822 12.

515 4850 590 4909 18
616 4858 672 4908 et
702 4852 797 4909 19.
841 4851 917 4909 De
946 4852 1171 4910 Resurr.
1197 4849 1356 4908 Carn.
1388 4848 1490 4908 23.

1778 897 1840 956 2.
1884 898 1961 956 De
1988 891 2321 974 Praeter-ibt.
2351 901 2574 962 Haeret.
2606 904 2709 962 25.

1778 983 1840 1039 4.
1884 982 1961 1040 De
1988 982 2320 1060 Praeteript.
2351 985 2571 1047 Haeret.
2603 989 2706 1049 33.

1742 1066 1837 1123 11.
1885 1065 2080 1142 Seorp.
2130 1068 2227 1126 13.

1742 1149 1840 1209 12.
1884 1148 2081 1227 Seorp.
2118 1152 2215 1211 13.

1742 1236 1841 1293 13.
1884 1233 2081 1311 Scorp.
2119 1237 2213 1295 13.

1744 1320 1842 1376 17.
1886 1318 1964 1376 De
1990 1323 2324 1396 Praescript.
2356 1321 2579 1382 Haeret.
2620 1323 2679 1384 8.
2713 1327 2773 1386 ⁷.

1823 1403 1897 1460 He
1926 1403 2072 1476 Fuga
2102 1406 2160 1464 in
2191 1405 2408 1464 Persen.
2442 1407 2503 1465 2.

1742 1487 1839 1546 18.
1884 1486 1962 1545 De
1992 1487 2323 1566 praescript.
2353 1491 2575 1552 Haeret.
2606 1493 2710 1555 33.

1741 1573 1838 1629 19.
1881 1572 1958 1630 De
1987 1572 2317 1649 Praeseript.
2346 1575 2568 1636 Haeret.
2601 1578 2661 1638 3.

1736 1656 1838 1716 23.
1884 1656 1960 1715 De
1987 1655 2320 1734 Praeseript.
2348 1659 2568 1721 Haeret.
2602 1663 2663 1720 ⁷.

1741 1826 1838 1883 16.
1885 1825 1962 1883 De
1993 1825 2388 1908 Cultu-Femin.
2416 1827 2461 1900 1,
2482 1829 2543 1890 3.

1697 2005 1707 2016 ·
1777 1995 1837 2051 4.
1880 1992 1959 2051 De
1986 1992 2318 2070 Praescript.
2346 1994 2567 2056 Haeret.
2598 1999 2657 2058 ¹1.

1778 2078 1837 2135 6.
1883 2076 2079 2152 Seorp.
2116 2079 2213 2137 13.

1780 2164 1836 2219 7.
1880 2161 2072 2236 Seorp.
2112 2163 2208 2221 13.
2253 2163 2328 2221 De
2358 2163 2572 2224 Corona
2607 2165 2705 2226 15.

1776 2247 1834 2305 8.
1879 2246 2073 2319 Seorp.
2111 2247 2207 2304 13.
2252 2247 2328 2306 De
2358 2245 2569 2307 Corona
2604 2251 2703 2310 15.

1742 2331 1837 2389 13.
1881 2331 1958 2388 De
1984 2331 2132 2388 Orat.
2173 2330 2269 2389 12.
2312 2331 2390 2390 De
2419 2332 2634 2394 Corona
2665 2335 2725 2395 8.

1813 2538 1900 2599 EX
1932 2538 2228 2598 marum
2258 2539 2340 2598 ΔΙ)
2374 2539 2590 2600 m.

1774 2748 1833 2805 6.
1878 2746 1955 2806 De
1986 2747 2203 2824 Honog.
2241 2751 2298 2807 7.

1736 2832 1832 2891 12.
1877 2832 1953 2891 De
1982 2833 2170 2891 Anima
2202 2833 2305 2892 20.

1737 2918 1832 2975 15.
1879 2918 1956 2976 De
1986 2918 2200 2975 Corona
2237 2920 2332 2977 10.

1775 3087 1835 3145 9.
1880 3085 1956 3144 De
1986 3085 2323 3162 Praeseript.
2354 3084 2573 3145 Haeret.
2603 3090 2660 3147 7.
2688 3088 2767 3149 De

1813 3171 2003 3228 Anima
2035 3169 2094 3227 2.

1738 3255 1834 3311 10.
1879 3254 1954 3310 De
1981 3250 2312 3329 Pra'eseript.
2335 3252 2560 3313 Haeret.
2583 3255 2641 3313 6.
2671 3257 2771 3315 16.

1738 3339 1836 3395 11.
1880 3338 1957 3394 De
1985 3336 2316 3412 Praescript.
2347 3336 2569 3396 Haeret.
2601 3338 2662 3396 6.

1759 3543 1845 3602 tx
1877 3543 2172 3605 unsrun
2203 3542 2285 3602 Al)
2320 3490 2656 3605 mmm.

1782 3753 1836 3811 1.
1881 3753 1956 3812 De
1986 3752 2316 3828 Praescript.
2346 3750 2567 3812 Haeret.
2602 3754 2702 3815 13.

1778 3839 1836 3895 3.
1880 3838 1957 3896 De
2013 3836 2344 3912 Praeseript.
2398 3836 2619 3897 Haeret.
2674 3840 2772 3899 13.

1817 3923 1950 3982 Adv.
2005 3922 2163 3981 Prax.
2216 3922 2317 3981 30.
2420 3919 2499 3980 De
2544 3922 2773 3984 Hemrr.

1821 4006 1980 4064 Carn.
2017 4007 2117 4064 51.

1824 4131 1839 4146 .
1882 4091 2017 4147 Adv.
2047 4090 2213 4147 Hare.
2243 4088 2312 4159 11,
2342 4088 2403 4149 8.

1821 4214 1837 4231 .
1881 4174 2015 4231 Adv.
2046 4173 2212 4231 Hal-e.
2241 4172 2308 4242 11,
2332 4173 2392 4232 8.
2434 4172 2527 4245 11¹,
2548 4174 2608 4233 9.

1822 4298 1838 4315 .
1880 4258 2013 4316 Adv.
2044 4257 2210 4315 Hare.
2241 4256 2308 4327 11,
2330 4257 2391 4315 9.

1823 4467 1837 4483 .
1881 4426 1958 4484 De
1985 4422 2179 4483 Pudie.
2211 4422 2313 4483 20.

1821 4550 1838 4567 .
1881 4510 1958 4568 De
1987 4506 2177 4566 Pudie.
2210 4508 2312 4566 20.

1882 4594 1959 4652 De
1987 4592 2178 4669 Pudie.
2208 4590 2309 4651 20.

1822 4717 1840 4735 .
1884 4678 1960 4736 De
1988 4676 2178 4735 Pudie.
2208 4674 2313 4735 20.

1824 4802 1841 4819 .
1885 4761 1963 4820 De
1989 4760 2179 4819 Pudie.
2211 4758 2313 4820 20.

1825 4884 1843 4904 .
1886 4846 1963 4905 De
1989 4844 2179 4905 Pudie.
2211 4844 2314 4904 20.

2374 4672 2453 4733 De
2479 4670 2635 4749 sapt.
2670 4670 2769 4732 15.

1778 4428 1837 4906 ωκιΦξπιρμ
1777 4091 1815 4315 aasz*
