3242 5775
566 624 715 669 aormsus
738 624 911 670 morosas
932 628 989 671 au.
1007 627 1032 672 r.
1328 620 1393 684 303

197 795 239 838 sn
263 783 326 838 aut
351 775 610 837 oonlirmatorem
631 774 716 838 'eius
739 776 899 850 denotare,
921 785 954 838 ut
969 786 1050 840 tauto
1066 779 1160 859 magis
1179 780 1302 845 sisteret
1322 803 1391 847 ear·

198 879 227 940 is
249 876 551 949 resurrectionem,
573 884 683 955 quanto
707 877 765 951 illi,
788 877 839 956 qui
860 895 934 939 rane
947 896 1004 957 pro
1020 880 1146 942 mortuis
1160 874 1400 961 baptizarentur,¹

197 980 242 1040 ide
262 976 521 1041 resurrectionis
543 977 601 1037 boe
621 977 761 1039 tacerent
817 976 968 1040 Habemus
991 979 1072 1040 illum
1094 980 1200 1044 alicubi
1223 984 1312 1046 unius
1335 986 1390 1047 ba·
1404 1005 1526 1059 sparus

197 1081 292 1159 ptismi
316 1077 533 1140 definitorem.
576 1076 669 1155 Igitur
690 1086 720 1139 et
747 1096 803 1158 pro
831 1078 958 1140 mortuis
989 1079 1100 1159 ⁴tingui
1128 1100 1183 1160 pro
1211 1085 1389 1163 corporibus

197 1190 237 1242 est
263 1180 392 1259 tingui;
424 1188 576 1240 mortuum
604 1178 684 1238 enim
712 1196 822 1258 corpus
850 1180 1046 1242 ostendimus.
1097 1181 1176 1254 Quid
1204 1184 1311 1246 lacient
1338 1187 1389 1265 qui

198 1301 247 1361 pre
269 1280 469 1361 corporibus
490 1278 691 1358 baptizantur,
715 1280 742 1339 si
765 1297 891 1359 corpora
914 1297 975 1342 nou
990 1281 1173 1361 resurgunt?
1204 1285 1298 1364 Atque
1313 1288 1387 1348 adeo

199 1394 274 1445 reete
297 1383 390 1444 bunc
414 1380 538 1459 gradum
560 1380 695 1459 ligimus,
718 1389 752 1441 ut
774 1389 803 1442 et
825 1382 980 1462 apostolus
1000 1382 1160 1444 secundam
1176 1383 1388 1466 ‘disceptatio-

201 1495 282 1544 nem‘
306 1500 413 1561 aeque
435 1481 473 1543 de
494 1499 622 1561 corpore
642 1481 801 1543 induxerit.
859 1481 919 1543 Sed
941 1481 1039 1544 dicent
1061 1484 1196 1563 quidam,
1227 1486 1529 1559 Quomodotcor.rv‚u

204 1583 310 1645 utni
342 1580 532 1661 resurgent?
564 1600 623 1662 quo
652 1590 750 1643 autem
780 1601 908 1663 corpore
936 1581 1078 1645 venient?
1120 1583 1247 1646 lleleusa
1277 1587 1387 1647 etenim

206 1683 450 1755 resumentione,
472 1701 548 1762 quae
569 1683 749 1761 negabatur,
771 1702 961 1763 consequens
984 1692 1048 1745 erat
1068 1684 1105 1745 de
1121 1684 1260 1763 qualitate
1275 1704 1386 1764 corpo·

208 1785 243 1845 ris
264 1793 455 1857 retractare,
478 1802 553 1864 quae
574 1802 635 1844 non
658 1784 821 1846 videbatur.
857 1785 916 1846 Sed
938 1785 975 1846 de
997 1785 1053 1847 ista
1075 1804 1141 1845 cum
1165 1785 1231 1846 aliis
1246 1786 1386 1864 congredi

209 1886 354 1948 usseuit.
402 1884 534 1946 ldarcion
555 1884 635 1945 enim
657 1884 688 1946 in
710 1893 806 1947 totum
836 1886 933 1946 earnis
962 1887 1212 1948 resurrectionem
1242 1904 1302 1946 uon
1331 1886 1387 1947 ad·

211 1988 326 2049 sittens
358 1995 394 2048 et
420 1985 479 2047 soli
508 1986 621 2047 animae
650 1986 774 2048 salutem
803 1987 1016 2067 repromittens
1044 2005 1106 2048 uon
1133 1986 1298 2067 qualitatis,
1333 1987 1387 2047 sed

211 2088 395 2149 ubstantiae
415 2087 486 2148 lacit
507 2087 721 2166 quaestionem.
765 2088 862 2150 Porro
884 2098 915 2149 et
936 2106 972 2149 ex
992 2087 1041 2148 bis
1062 2087 1306 2150 manifestissime
1328 2088 1386 2151 ob·

213 2186 324 2251 ladam
346 2205 428 2267 quae
450 2188 603 2267 apostolus
624 2187 661 2249 ad
683 2188 852 2268 qualitatem
875 2188 1010 2267 corporis
1038 2196 1141 2250 tractat
1168 2199 1291 2269 propter
1318 2189 1387 2251 illos

214 2289 254 2367 qni
282 2289 409 2362 dicunt,
444 2288 601 2361 Quomodo
629 2298 788 2368 resurgent
815 2287 949 2351 mortuil
982 2307 1041 2368 quo
1064 2298 1163 2350 autem
1185 2307 1312 2369 corpore
1333 2307 1387 2350 ve-

215 2388 311 2452 nient?
356 2390 421 2451 lam
444 2390 524 2451 enim
551 2390 730 2470 praedicavit
759 2400 996 2452 resurrecturum
1025 2409 1094 2451 esse
1122 2408 1248 2470 corpus,
1277 2390 1320 2451 ‘si
1350 2390 1387 2451 de

218 2491 345 2571 torporis
371 2490 512 2570 qualitate
533 2490 715 2553 'tractaritd
758 2491 892 2571 Denique
918 2492 943 2552 si
971 2491 1115 2572 proponit
1142 2492 1274 2571 exempla
1303 2492 1387 2570 gram

220 2591 313 2664 uuo,
347 2591 396 2652 rel
424 2592 549 2654 alicuius
578 2591 743 2665 eiusmodi,
776 2593 821 2654 vel
848 2592 955 2671 quibus
985 2592 1035 2654 det
1062 2611 1171 2672 corpus
1192 2593 1268 2655 deus
1296 2602 1387 2673 prout

222 2691 302 2765 solet,
333 2692 361 2753 si
385 2692 545 2773 unicuique
566 2694 711 2754 seminum
740 2694 895 2774 proprium
919 2694 960 2754 ait
980 2711 1051 2753 esse
1072 2712 1198 2773 corpus,
1228 2694 1279 2756 'ut
1300 2694 1385 2757 mam
1464 2703 1471 2718 ·

225 2793 327 2868 pidem
357 2812 479 2854 carnem
507 2793 676 2868 bominum,
710 2794 795 2855 aliam
825 2813 895 2855 vero
923 2794 1069 2872 pecudum
1097 2804 1127 2856 ot
1154 2796 1323 2870 volucrum,
1355 2806 1385 2857 et

228 2910 336 2974 orpora
358 2895 498 2957 caelestia
521 2903 608 2974 atque
630 2905 764 2970 terrena,
799 2906 828 2957 et
854 2896 940 2957 aliam
969 2897 1091 2974 gloriam
1121 2898 1210 2969 solis,
1248 2906 1279 2960 et
1299 2899 1386 2960 lunae

232 2993 313 3067 dum
336 3008 367 3058 et
389 2996 541 3058 stellarum
565 2996 665 3070 aliam,
682 3030 722 3042 -
744 2997 863 3058 ”nonne
885 2999 1031 3059 carnalem
1053 3007 1083 3060 et
1104 2999 1288 3080 corporalem
1311 3020 1529 3081 porussis-u

237 3142 308 3197 ton
325 3151 358 3209 d.‚
383 3166 415 3198 ec
432 3151 546 3199 emendat.
564 3150 639 3200 Fuloii
654 3150 739 3198 Ursini.
784 3164 837 3197 eum
862 3151 954 3214 reliqui.
1007 3150 1031 3199 l.
1059 3151 1114 3213 tingi
1141 3152 1225 3203 scite.
1262 3154 1297 3202 lto
1320 3155 1388 3203 etiam

238 3218 358 3283 νώροπι.
411 3218 656 3280 &disceptationem
675 3219 707 3274 d.‚
728 3231 757 3265 ee
774 3219 887 3265 emendat.
906 3219 1006 3266 liberarii
1024 3226 1045 3267 et
1062 3220 1226 3268 Falellraioi.
1263 3220 1387 3283 discrepa-

240 3284 305 3331 btsrn
320 3287 413 3349 reliqui,
433 3292 455 3334 et
477 3286 599 3333 Velienses
616 3291 719 3348 uimque.
771 3283 795 3332 6.
814 3284 834 3332 si
853 3285 883 3332 de
902 3299 950 3346 eqo.
996 3284 1018 3331 id
1043 3285 1073 3332 ds
1090 3286 1177 3334 Bdobe.
1218 3286 1247 3335 do
1265 3288 1289 3335 d.
1333 3289 1387 3336 ideo

198 3404 199 3412 ἵ
243 3343 474 3401 lebrauaeeoatas.
500 3351 584 3400 hebet
601 3352 738 3400 Pelusiae.
779 3350 802 3398 7.
821 3351 918 3400 tractari
937 3353 970 3410 d.‚
990 3352 1065 3400 serbis
1084 3352 1130 3398 ism
1150 3351 1212 3398 enim
1231 3377 1262 3386 -
1282 3377 1315 3387 -
1333 3368 1389 3401 cor·

198 3462 201 3467 .
244 3421 408 3480 reparatam
424 3420 532 3469 iselasis.
585 3416 608 3466 8.
628 3426 652 3467 et
668 3420 704 3468 cd.
757 3416 782 3467 9.
801 3431 850 3467 non
868 3417 912 3468 ΒΟ.

199 3592 204 3613 ,.
245 3553 316 3619 &tris
332 3552 434 3617 petero“
453 3551 776 3602 serraritoodexlliriouen·
828 3566 874 3616 qna
883 3549 1157 3600 lormulalertulliaaus
1167 3550 1216 3598 lere
1224 3551 1256 3599 uti
1264 3549 1327 3599 solet
1335 3566 1388 3600 oum

198 3654 204 3669 »
245 3624 396 3671 *asemsere
415 3619 777 3684 etoodieesquibusususest
828 3619 884 3682 qnid
904 3618 1051 3667 relellitaut
1069 3617 1181 3679 neglegit,
1200 3619 1230 3666 el.
1250 3618 1341 3667 adnott.
1360 3618 1389 3668 ad

198 3717 203 3745 :
244 3676 477 3750 bonootttigatt)
513 3687 559 3735 Pro
578 3690 680 3736 mortuis
697 3688 776 3752 bapti·
829 3686 863 3734 llo
882 3686 976 3735 Corona
995 3684 1109 3749 oap.l³.,
1136 3694 1160 3733 et
1183 3685 1213 3735 de
1232 3687 1389 3737 usitatissimo

198 3784 203 3811 a
243 3752 357 3806 milet
375 3772 420 3821 pro
446 3756 551 3804 mortuis
575 3763 666 3818 petere,
694 3769 777 3804 resur·
829 3752 872 3801 illo
891 3754 929 3812 „si
949 3754 1038 3812 lorte“,
1056 3752 1120 3816 quod
1139 3754 1202 3816 apud
1215 3754 1388 3803 Tertullianum

243 3822 343 3873 Μυκη
375 3825 490 3872 videlicet
519 3824 646 3885 corporis;
688 3837 778 3885 eorpus
830 3828 868 3869 est
885 3835 962 3884 paene
980 3821 1131 3880 slllrmsutls,
1161 3822 1388 3885 aquaeductui

242 3886 283 3936 r·-
297 3893 412 3956 estquod
433 3889 546 3939 moritur.
569 3890 603 3939 lta
622 3904 675 3938 cnm
690 3889 777 3939 llalen·
830 3888 859 3937 ad
879 3887 913 3936 lle
931 3888 1026 3937 Corona
1046 3902 1098 3951 cap.
1110 3888 1134 3936 5.

241 3948 492 4008 hntebmariarnm
512 3957 633 4006 mentione
651 3958 776 4006 interiecta
864 3970 885 4003 c.
904 3956 1033 4003 secundam
1052 3951 1265 4020 disceptationem]
1283 3955 1317 4005 lle
1335 3972 1391 4006 cor·

239 4016 276 4071 his
290 4040 332 4089 pro
349 4028 455 4076 mortuis
465 4025 600 4088 baptizandi
620 4025 681 4073 mori
699 4025 778 4073 etbni·
830 4024 897 4086 poris
915 4022 1024 4071 videlicet
1042 4038 1090 4087 quo
1104 4037 1258 4085 resurgemus
1268 4023 1390 4086 qualitate.

237 4100 300 4141 wau
316 4094 475 4144 lustrationes
497 4101 521 4140 et
548 4092 678 4141 lavationes
695 4106 778 4141 sacras
864 4089 888 4138 d.
907 4088 956 4138 lam
983 4090 1046 4139 euim
1071 4091 1217 4153 praedicarit
1240 4100 1390 4141 resurrectu-

237 4166 268 4214 ΙΙ·
283 4164 379 4210 sensu
398 4162 444 4211 illo
462 4159 501 4208 die
520 4160 611 4208 institui
636 4159 721 4208 solitas
739 4174 779 4208 re·
829 4171 882 4206 rum
903 4172 957 4205 esso
975 4172 1064 4220 corpus
1089 4160 1109 4206 si
1129 4157 1158 4206 de
1183 4160 1293 4222 corporis
1312 4159 1390 4221 quali-

234 4228 335 4285 masere
352 4229 421 4286 dieit,
441 4228 488 4276 boe
499 4228 596 4291 quidem
609 4227 716 4276 evincere
726 4235 780 4275 stu·
830 4231 878 4273 tate
897 4221 1024 4288 tractarit]
1048 4225 1082 4273 lta
1100 4225 1276 4275 emendandum
1295 4226 1391 4275 rideba-

233 4288 271 4351 let,
290 4296 351 4359 quod
376 4295 459 4345 serbis
477 4294 583 4358 apostoli
608 4309 655 4342 non
674 4295 714 4343 illa
733 4308 778 4358 pro
830 4300 878 4341 tur.
913 4292 942 4341 Et
964 4293 1089 4356 sequentia
1117 4294 1199 4358 ntique
1223 4294 1390 4357 comprobant.

232 4367 317 4412 uuita
345 4363 486 4428 baptizandi
520 4362 700 4425 praesumptio,
736 4361 778 4410 sed
830 4359 947 4421 lligaltius
965 4361 1062 4422 scripsit
1080 4367 1151 4424 atque
1175 4361 1280 4409 distinxit
1298 4361 1392 4419 „l'orro

232 4430 287 4478 uisa
317 4434 399 4481 earnis
434 4433 581 4479 resurrectio
615 4431 779 4478 eondrmetnr.
832 4435 856 4476 ot
873 4441 900 4475 er
920 4428 958 4476 bis
972 4428 1167 4477 manilestissime
1177 4428 1313 4486 obducitur,
1331 4444 1393 4492 quse

230 4492 326 4547 &aaa
345 4500 378 4548 el.
397 4498 499 4549 omnino
518 4498 618 4559 qnaede
634 4498 717 4546 eadem
729 4511 781 4545 ma·
832 4495 1009 4558 apostolus-
1027 4521 1059 4531 -—
1084 4498 1123 4559 qui
1142 4496 1238 4555 dicunt,
1265 4496 1392 4553 Quomodo

228 4566 276 4613 leia
300 4567 410 4630 disputat
436 4564 600 4613 Tertulltasus
625 4565 658 4614 lle
682 4565 780 4613 llesurr.
832 4586 865 4598 -
882 4586 917 4596 -
940 4559 1056 4612 restent?
1081 4565 1138 4623 (iam
1160 4566 1223 4614 enlm
1248 4563 1392 4627 praedicarit

228 4627 301 4682 taras
317 4631 427 4697 apte.
452 4631 781 4681 llol'ebruiersidl’ast.
832 4638 1024 4679 resurrecturum
1044 4635 1216 4695 essecorpus,l
1234 4632 1263 4680 de
1281 4630 1393 4692 corporis

225 4695 364 4765 illisqq,
384 4699 606 4748 stacteusuurn.
625 4698 706 4759 att,
732 4699 781 4748 Cis.
832 4696 947 4759 qualitate
966 4700 1089 4747 tractari.⁸‘
1123 4700 1169 4749 Sed
1188 4713 1273 4748 vereor
1291 4704 1316 4746 nt
1334 4697 1393 4743 baec

223 4760 251 4813 sa
270 4768 340 4830 legg.
371 4767 411 4823 ll,
432 4765 490 4819 21..
517 4782 569 4815 cum
600 4767 781 4830 interpretibus,
833 4764 914 4812 sobria
933 4765 1020 4827 aliquis
1045 4775 1123 4815 mente
1148 4767 1255 4816 scribere
1273 4763 1392 4829 potuer-iu

221 4830 428 4886 Mammam·
438 4847 463 4896 p.
473 4831 528 4882 l³2
555 4836 587 4883 llo
596 4836 639 4884 illo
649 4835 783 4898 „lliderit“,
831 4831 920 4881 nedum
939 4833 1109 4885 Tertullianus.
