3242 5775
370 681 372 686 ·
410 671 558 716 umacus
581 669 753 714 sanctones
775 671 832 714 ura.
848 671 875 713 r.
1174 655 1237 721 333

197 823 315 886 tonicam
342 822 496 904 deputavit
521 822 552 884 in
582 840 635 882 eos
664 822 714 901 qui
741 831 830 901 caput
857 839 917 883 non
935 829 1098 897 tenerent,
1131 823 1161 885 id
1193 832 1240 886 est
1275 821 1279 826 ’

197 924 250 985 nin
268 943 323 1005 quo
345 924 445 986 omnia
467 932 678 995 recensentur,
701 923 731 984 in
747 923 898 984 Christum
919 924 955 984 ad
970 923 1087 985 initium
1102 934 1239 986 revocata

197 1026 365 1088 hdilierentia
388 1043 536 1087 escarum.
575 1024 679 1087 Cetera
700 1031 943 1103 praeceptorum,
966 1032 1000 1086 ut
1020 1025 1141 1086 eadent
1161 1027 1233 1088 satis
1247 1043 1378 1091 cotenu.

197 1127 271 1189 ialihi
291 1128 431 1190 docuisse
452 1144 539 1206 quam
562 1145 577 1187 a
601 1135 736 1186 creatore
764 1126 927 1196 manarint,
959 1127 1009 1205 qui
1039 1145 1106 1189 cum
1133 1126 1387 1224 velettli‘p'gffl'hl'·

197 1238 250 1291 aret
267 1231 442 1301 transitura,
464 1246 539 1289 nora
556 1229 685 1288 tacturus
701 1226 855 1299 universa,
878 1228 1022 1291 mandans
1044 1228 1149 1302 etiam,
1171 1229 1236 1291 No·
1307 1211 1338 1234 ”
1372 1214 1377 1225 ’

197 1328 241 1391 his
259 1349 398 1393 novamen
420 1348 546 1402 norum,
570 1329 627 1390 iam
651 1336 712 1390 tum
736 1327 860 1389 docehat
882 1326 1079 1408 ²⁶dcponere·
1102 1338 1232 1391 veterem
1245 1351 1352 1403 nervo.

197 1449 223 1491 an
241 1442 267 1493 et
284 1451 390 1494 norum
412 1431 545 1494 iuduere.

197 1566 222 1626 le
251 1586 429 1629 uersu-una
465 1586 507 1626 au
548 1582 838 1626 enturrrsnsss.
897 1563 968 1625 Cum
1004 1565 1233 1644 praedicationis
1252 1593 1359 1650 cmx,

197 1677 240 1728 rat
258 1669 440 1742 varietatem,
463 1668 543 1747 quod
565 1667 614 1727 alii
636 1685 670 1727 ex
693 1665 799 1727 fiducia
822 1663 1006 1726 vinculorum
1022 1664 1087 1726 eius
1101 1663 1233 1729 ³auden-

197 1787 311 1831 rmonem
334 1768 535 1840 enuntiarent,
558 1768 605 1829 alii
628 1785 683 1847 per
704 1766 844 1828 invidiam
861 1773 889 1827 et
904 1765 1141 1840 contentionem,
1165 1767 1233 1848 qui-

198 1890 226 1931 ro
247 1881 274 1932 et
293 1891 346 1951 per
366 1869 534 1931 ‘sermonis
559 1868 836 1941 existimationem,
859 1867 993 1947 plerique
1015 1885 1049 1927 cx
1064 1865 1232 1942 dilectione,

197 1972 253 2034 lex
273 1972 484 2041 aemulatione,
507 1971 564 2031 iam
587 1969 676 2049 aliqui
698 1978 729 2031 et
750 1989 784 2031 ex
801 1969 966 2031 'simultate
978 1967 1126 2035 Christum
1141 1988 1230 2049 prae·
1245 1957 1329 2051 fffilg

198 2093 209 2146 1,
229 2084 285 2135 erat
306 2075 407 2153 utique
431 2072 474 2133 vel
496 2073 545 2133 hic
565 2071 649 2133 locus
673 2072 814 2133 taxandae
836 2071 931 2152 ipsius
948 2069 1177 2151 praedicationis
1197 2072 1233 2132 de

197 2184 232 2236 rte
251 2175 429 2245 sentcntiae,
452 2192 526 2254 quae
550 2181 658 2234 tantam
683 2173 814 2235 elficeret
836 2173 924 2235 etiam
947 2173 1112 2234 animorum
1135 2173 1232 2234 varic-

209 2278 262 2339 Sed
281 2265 388 2339 ¹causas
411 2276 490 2337 solas
518 2274 698 2346 animorum,
733 2294 793 2336 non
822 2275 938 2355 regulas
967 2281 1231 2347 sacramentorum,

197 2379 280 2440 sitate
302 2396 478 2459 proponens
497 2395 587 2437 unum
603 2384 701 2437 tamen
718 2375 866 2438 Christum
890 2385 920 2438 et
942 2396 1032 2438 unum
1056 2374 1120 2436 eius
1143 2374 1230 2436 deum
1316 2399 1320 2414 =

197 2499 235 2559 [ue
256 2480 382 2543 consilio
404 2477 603 2557 praedicatum
627 2478 796 2552 confirmat,
822 2485 852 2538 et
872 2476 958 2551 ideo,
982 2477 1059 2539 Nihil
1077 2496 1158 2549 mea,
1182 2476 1230 2536 in·
1245 2494 1366 2545 eurtum.

197 2601 223 2641 re
243 2581 414 2643 causatione
437 2579 498 2639 sive
520 2579 641 2639 veritato
657 2579 793 2639 Christus
816 2578 1043 2652 ⁶annuntietur,
1067 2579 1135 2659 quia
1153 2595 1231 2639 unus

197 2682 286 2744 ibatur
308 2682 371 2743 sire
393 2680 446 2741 'ex
470 2679 640 2741 causatione
669 2679 730 2742 sive
753 2700 787 2741 ex
810 2680 934 2742 veritate
957 2681 1034 2743 tidei.
1078 2680 1122 2740 Ad
1144 2679 1231 2741 tidem

197 2783 395 2845 aedicationis
424 2780 524 2842 retulit
552 2782 732 2843 mentionem
762 2781 911 2856 veritatis,
949 2801 1009 2843 non
1044 2782 1079 2842 ad
1115 2780 1233 2860 regulae

197 2887 259 2967 quia
283 2905 340 2947 una
363 2883 480 2964 quidem
504 2892 568 2944 erat
589 2883 704 2963 regula,
728 2883 780 2944 sed
804 2883 878 2945 tides
900 2882 1131 2963 praedicantium
1154 2902 1232 2962 quo·

205 3008 287 3058 sera,
312 2987 341 3047 id
366 2994 411 3045 est
434 2984 575 3065 simplex,
598 2985 784 3064 quorundam
806 2983 913 3046 'nimis
930 2983 1026 3047 docta.
1063 2985 1149 3058 Quod
1166 3003 1232 3046 cum

199 3098 320 3170 apparet
342 3107 410 3148 euru
433 3086 581 3147 Christum
605 3086 804 3166 praedicatum
827 3086 877 3166 qtri
902 3106 1020 3166 semper
1036 3086 1232 3147 annuntiaba-

199 3181 230 3252 m'
250 3191 274 3250 si
295 3190 370 3251 alius
392 3189 479 3266 longe
502 3188 538 3246 ah
562 3187 698 3267 apostolo
730 3188 933 3260 induceretur,
963 3188 1084 3249 lecisset
1104 3186 1231 3248 diversi-

197 3293 303 3353 rovitas
326 3291 380 3352 rei.
425 3290 486 3350 Nec
508 3287 586 3348 enim
609 3289 775 3349 defuissent
797 3286 847 3367 qui
870 3287 1118 3366 praedicationem
1142 3306 1232 3347 evan·

204 3393 394 3455 nihilominus
418 3392 447 3452 in
471 3390 619 3451 Christum
642 3390 785 3451 creatoris
808 3389 1092 3467 interpretarentur,
1115 3404 1181 3446 cum
1205 3395 1234 3446 et

198 3495 272 3556 aaior
301 3513 371 3575 pars
399 3493 438 3554 sit
470 3492 607 3551 omnibus
636 3491 666 3551 in
693 3492 766 3551 locis
796 3490 961 3551 sententiae
992 3495 1113 3549 nostrae
1147 3505 1233 3565 quam

197 3615 233 3658 re.
280 3596 376 3668 ¹⁰Quo
401 3614 456 3654 nec
478 3594 526 3654 hic
547 3592 700 3671 apostolus
724 3593 761 3652 de
790 3589 969 3652 diversitatis
992 3587 1182 3650 denotatione
1206 3600 1235 3650 et

197 3819 253 3877 td,
273 3818 417 3867 Fnluuius.
460 3817 482 3863 in
509 3816 587 3877 ipsum
607 3815 692 3865 llCahc.
745 3814 786 3862 25.
805 3826 926 3876 exponere
946 3811 969 3860 C.
1011 3809 1164 3873 lulhuerho
1187 3809 1233 3857 iarn

197 3909 215 3919 -
234 3894 256 3933 et
274 3900 359 3934 uorum
379 3886 472 3933 librarii
490 3887 580 3932 incuria
599 3885 740 3932 ecciderunt.

211 3986 254 4035 ΚΧ.
292 3987 312 4035 l.
333 4000 363 4034 sn
385 3999 422 4033 re.
443 4000 473 4033 nn
492 3999 599 4034 eniterer.
624 3985 707 4046 lenitur
725 3986 748 4032 iu
765 3997 838 4043 morp.
857 3983 880 4029 d.
917 3979 1090 4043 liudewitus
1114 3979 1233 4042 inscriptio

198 4070 216 4101 r.
265 4053 564 4104 heminerarnenuun
585 4053 608 4100 d.
662 4051 685 4100 3.
704 4051 840 4099 audientius
859 4049 883 4096 B.
925 4046 947 4095 4.
968 4048 1023 4095 boni
1042 4045 1234 4094 aestimationem

214 4123 265 4171 boui
291 4124 491 4170 existimationem
517 4122 651 4168 inluniae.
705 4120 728 4166 5.
754 4117 865 4166 simulate
885 4114 909 4163 C.
968 4114 990 4163 6.
1010 4115 1191 4162 annuuntiaretor
1209 4113 1233 4162 B.

198 4190 257 4237 hane
275 4191 317 4238 hc.
388 4188 411 4237 8.
440 4190 526 4236 animis
551 4190 620 4235 docta
646 4188 687 4236 hc.
742 4187 812 4234 uiuus
836 4189 947 4245 suspecta
976 4183 1096 4231 lihenuuus
1114 4183 1234 4242 udmurp.

242 4260 264 4306 ll.
284 4274 331 4306 non
351 4260 381 4306 ita
401 4257 453 4319 spei
473 4258 515 4305 BC.
572 4256 608 4303 10.
629 4257 681 4312 Quo
702 4269 731 4302 nc
750 4255 785 4303 cd.
823 4252 884 4310 Quin
904 4264 947 4298 uec
965 4250 1078 4298 latinius.

197 4422 279 4491 cedern}
309 4426 511 4488 ernndoqnidem
539 4425 622 4472 euclem
674 4424 784 4471 dirorum
805 4434 859 4468 usu.
898 4418 932 4467 Cl.
952 4417 1072 4482 soprrud
1092 4416 1162 4464 huius
1181 4415 1235 4466 libri

197 4505 262 4557 coepta
286 4495 366 4560 caph
386 4503 409 4542 et
428 4494 451 4542 4.
476 4494 546 4540 huius
567 4494 624 4555 Epi·
676 4506 728 4554 cap.
743 4489 781 4538 ld.

197 4573 223 4608 tn
248 4563 275 4612 iis
304 4579 366 4627 quae
393 4563 511 4610 hahentur
536 4561 623 4623 Ephe«.
711 4558 768 4620 Cap.
788 4555 834 4605 lix.
875 4569 894 4602 a.
915 4568 958 4618 per
975 4552 1096 4603 sermonis
1115 4550 1237 4598 existima·
1303 4570 1306 4577 *

209 4627 237 4687 d,
252 4634 319 4681 tacite
339 4631 439 4679 remittit
461 4629 574 4677 lectorem
595 4628 624 4676 ad
676 4621 778 4690 tionem]
806 4623 913 4672 Latinius
937 4638 997 4686 „per
1022 4622 1076 4671 honi
1095 4619 1238 4666 aestimatio·

197 4708 217 4742 tt
233 4697 297 4748 huius
317 4700 371 4748 libri
392 4705 471 4760 caput.
490 4697 601 4752 tharnet.)
676 4692 755 4743 irem.¹‘
781 4691 860 4740 hialim
878 4704 939 4754 „per
951 4684 1238 4740 coniecistimutionrm.“

197 4766 276 4831 tthere]
302 4768 382 4817 Editio
413 4766 526 4829 princeps
554 4765 626 4812 hahet
677 4763 716 4809 Sic
734 4761 796 4808 enim
816 4749 942 4807 εὐδοκίαν
960 4758 1057 4823 exponit
1070 4760 1238 4814 auctorsuprn

217 4832 259 4883 ttae
275 4835 349 4884 semel
370 4834 534 4882 Tertullianus
554 4848 625 4895 erpo·
678 4845 729 4892 cap.
741 4829 780 4876 i'i.
799 4827 849 4888 (Fr.
865 4826 965 4885 lunius.)

197 4899 221 4947 nt
240 4917 281 4966 pro
299 4906 422 4969 deponere,
450 4915 477 4948 ex
505 4900 625 4948 cummuni
