3242 5775
314 617 379 682 244
570 617 672 681 numm
693 623 825 671 serarum
845 613 1013 669 rioaams
1033 621 1232 670 rmruttum

193 853 195 860 ,
314 782 347 845 in
367 777 555 852 novissimis,
587 776 619 840 id
640 784 688 840 est
708 775 782 838 aiios
803 791 1006 855 possessuros
1026 772 1125 836 locum
1146 790 1251 835 eorum
1273 770 1466 852 quoniamg

315 883 414 945 nitura
435 897 580 962 perversa
601 886 665 953 est,
693 876 746 939 tilii
774 876 804 938 in
828 876 938 956 quibus
966 874 1040 937 tides
1062 890 1125 935 nou
1147 881 1204 936 ast.
1246 872 1292 935 1111
1314 870 1466 934 obaemuir

272 1034 277 1043 .
316 989 456 1046 suntme
479 982 509 1042 in
531 997 593 1040 non
614 978 687 1052 deo,
716 984 747 1039 et
767 983 1005 1058 provocaverunt
1030 994 1079 1038 me
1099 974 1131 1036 in
1153 975 1227 1036 iram
1250 974 1283 1035 in
1304 972 1395 1035 idolis
1419 971 1466 1035 sui

317 1090 348 1144 et
369 1100 424 1161 ego
448 1078 659 1152 obaemulabor
680 1097 733 1140 eos
755 1078 786 1139 in
806 1094 869 1139 non
883 1076 1019 1151 natione,
1043 1075 1100 1136 ¹‘in
1114 1076 1236 1138 natione
1250 1072 1406 1153 insipienti
1420 1091 1466 1153 prr

319 1182 436 1244 vorabo*
459 1200 513 1243 eos
542 1180 572 1240 in
601 1179 693 1253 iram,
726 1178 756 1240 in
779 1176 895 1239 ¹⁰nobis
926 1176 1054 1251 scilicet,
1090 1194 1218 1256 quorum
1253 1175 1366 1254 ¹⁷spem
1395 1173 1466 1237 tour

164 1282 455 1361 manengemntb,
487 1281 524 1342 de
550 1299 608 1359 qua
637 1273 705 1341 ilios
736 1286 907 1357 gustaturos
928 1285 1016 1356 negat
1038 1277 1192 1350 dominus,
1227 1274 1368 1338 derelicta
1391 1274 1466 1338 Sion

211 1396 306 1449 tenta
320 1392 457 1462 tanquam
480 1380 598 1461 specula
620 1380 651 1441 in
673 1379 758 1441 vinea
780 1377 861 1441 etin
883 1378 1086 1440 cucumerario
1108 1377 1221 1450 casula,
1247 1388 1446 1457 posteaquam

319 1482 512 1545 novissimam
535 1481 566 1542 in
589 1480 767 1542 ¹⁸Cbristum
798 1478 1002 1541 invitationem
1030 1477 1214 1541 ¹”recusavit
1267 1476 1347 1549 Quid
1375 1495 1412 1539 ex
1439 1475 1466 1539 ia

320 1583 425 1645 ordine
446 1581 610 1643 secundum
630 1578 889 1661 ”dispositionem
911 1587 942 1641 et
961 1578 1198 1659 praedicationes
1220 1577 1364 1640 creatoris
1385 1593 1466 1640 recet

319 1683 414 1746 sendo
437 1690 607 1760 competere
628 1689 730 1761 potest
750 1679 809 1754 illi,
838 1679 941 1743 cuius·
962 1698 1019 1742 nec
1039 1680 1176 1742 ordinem
1199 1678 1288 1741 habet
1308 1697 1365 1741 nec
1387 1678 1466 1758 dispo

233 1849 235 1855 ,
321 1784 461 1845 sitionem
484 1781 521 1844 ad
541 1781 698 1862 parabolae
720 1782 972 1861 conspirationem
999 1780 1048 1861 qui
1071 1789 1166 1843 totum
1189 1798 1265 1860 opus
1287 1778 1381 1842 semel
1403 1778 1466 1841 ieci

319 1885 378 1946 dut
399 1894 474 1963 quae
496 1881 553 1944 erit
573 1882 669 1963 prima
690 1881 805 1944 vocatio
828 1882 908 1957 eius,
931 1890 962 1943 et
981 1901 1058 1962 quae
1072 1882 1204 1945 secundo
1225 1890 1291 1943 actu
1306 1878 1466 1942 admoniti(

320 1985 396 2046 Ante
418 1983 528 2045 debent
548 1982 597 2044 alii
619 2000 776 2055 excusare,
798 1990 903 2062 postea
925 1982 974 2044 alii
996 1982 1182 2045 convenisse.
1211 1981 1297 2044 Nunc
1317 1990 1417 2044 autem
1439 1999 1466 2063 pt

319 2086 394 2147 riter
415 2092 569 2162 utramque
590 2090 705 2163 partam
726 2082 849 2144 inritare
870 2083 967 2157 venit,
996 2083 1033 2146 de
1055 2083 1187 2156 civitate,
1216 2082 1254 2145 de
1276 2082 1419 2163 sepibus,
1441 2099 1466 2144 aa

321 2202 428 2246 versus
456 2182 607 2262 speculum
635 2183 803 2264 parabolae.
856 2182 919 2246 Nec
949 2192 1052 2263 potest
1077 2183 1136 2246 iam
1165 2183 1337 2247 fastidiosos
1367 2182 1466 2247 iudict

322 2302 399 2365 quos
420 2302 571 2364 nunquam
594 2292 675 2345 retro
697 2283 846 2358 inritavit,
876 2301 952 2363 quos
980 2302 1047 2348 cum
1069 2285 1196 2346 maxime
1217 2284 1398 2365 aggreditur.
1441 2283 1466 2346 t

323 2386 349 2447 si
372 2384 530 2446 defuturo
558 2403 612 2446 eos
635 2384 744 2446 iudicat
771 2392 995 2465 contempturos
1022 2386 1226 2459 vocationem,
1263 2403 1334 2464 ergo
1364 2392 1396 2446 et
1423 2381 1466 2446 sd

321 2484 481 2547 lectionem
501 2484 569 2546 loco
591 2503 695 2546 eorum
717 2484 911 2564 exgentibus
939 2485 977 2546 de
1003 2486 1104 2548 tuturo
1133 2486 1296 2566 portendit.
1346 2484 1466 2546 Planco

321 2583 399 2646 hoc·¹
421 2583 552 2646 secondo
574 2592 716 2646 venturus
738 2593 787 2646 est
807 2593 840 2647 ut
859 2585 997 2665 gentibus
1019 2585 1180 2666 praedicet.
1236 2585 1272 2646 Et
1299 2584 1326 2646 si
1353 2593 1466 2647 nenton

323 2692 371 2747 est
397 2692 513 2757 numm,
541 2691 631 2763 puto,
663 2701 724 2744 nou
754 2684 840 2763 quasi
866 2694 1026 2747 vocaturus
1055 2685 1152 2747 adhuc
1171 2684 1328 2757 convivas,
1361 2683 1466 2748 sedin

323 2784 532 2846 collocaturus.
564 2782 679 2845 interea
701 2783 753 2862 qui
774 2802 885 2846 coenae
900 2784 987 2847 istius
1003 2785 1188 2848 vocationem
1201 2767 1262 2847 ¹¹in
1277 2784 1407 2847 caeleste
1421 2801 1466 2848 cot

322 2886 431 2949 virium
451 2882 656 2964 interpretaris
679 2883 821 2965 spiritalis
843 2886 1006 2949 saturitatis
1024 2895 1055 2948 et
1068 2887 1273 2961 iocunditatis,
1295 2895 1447 2949 memento

324 2994 458 3048 terrenas
487 2984 707 3066 promissiones
733 2984 794 3047 vini
823 2994 854 3049 et
881 2985 938 3049 olei
966 2993 998 3047 et
1022 2986 1164 3050 frumenti
1194 2997 1225 3049 et
1251 2988 1348 3067 ipsius
1369 2986 1466 3051 civitat

325 3106 418 3167 aeque
438 3087 470 3148 in
492 3085 636 3167 spiritalia
656 3085 776 3166 figurari
797 3104 815 3147 a
837 3095 980 3149 creatore.

172 3201 319 3260 capum.
380 3222 384 3227 -
414 3187 507 3250 Ovem
529 3194 560 3248 et
580 3174 746 3266 'dragmam
768 3187 914 3266 perditam
934 3187 1001 3267 quis
1023 3185 1172 3268 requirit?
1199 3205 1300 3251 nonne
1321 3188 1373 3269 qui
1392 3186 1466 3269 perd

167 3264 309 3372 afflfflg
325 3285 390 3351 ditt
421 3287 496 3362 Quis
518 3296 617 3351 autem
638 3285 792 3369 perdidit?
811 3307 914 3350 nonne
936 3289 986 3368 qui
1001 3287 1128 3351 habuit?
1160 3289 1256 3363 'Quis
1278 3308 1348 3352 vero
1370 3288 1466 3353 taoni

324 3408 423 3452 noune
446 3390 530 3452 cuius
552 3387 631 3451 tutat
663 3389 695 3450 Si
717 3389 808 3468 igitur
828 3389 919 3451 homo
941 3407 1003 3451 non
1024 3389 1146 3451 alterius
1168 3398 1215 3452 est
1234 3409 1286 3452 res
1307 3410 1394 3470 quam
1409 3406 1466 3453 crct

324 3491 415 3566 toris,
438 3490 465 3554 is
488 3509 557 3554 eum
577 3489 680 3552 hahuit
700 3491 785 3553 cuius
805 3490 877 3565 tuit,
900 3491 926 3551 is
947 3491 1078 3569 perdidit
1091 3490 1142 3570 qui
1156 3490 1275 3565 habuit,
1298 3491 1325 3552 is
1340 3488 1466 3572 requirit

323 3592 373 3671 qui
394 3591 540 3673 perdidit,
562 3591 589 3652 is
611 3590 724 3653 invenit
744 3589 796 3670 qui
817 3590 977 3670 quaesivit,
1005 3591 1032 3654 is
1054 3591 1193 3653 exultavit
1214 3591 1264 3672 qui
1286 3591 1409 3655 invenit.
1449 3588 1466 3655 Ι

324 3691 479 3771 utriusque
499 3691 656 3773 parabolae
677 3698 884 3770 argumentum
906 3699 989 3753 vacat
1010 3693 1086 3754 circa
1109 3710 1177 3754 eum
1191 3691 1276 3755 cuius
1293 3701 1466 3756 nonesto!

324 3810 421 3872 neque
443 3791 579 3870 dragma,
601 3791 631 3853 id
654 3800 702 3854 est
721 3792 823 3854 homo.
854 3790 922 3853 Nou
944 3791 1023 3854 enim
1044 3793 1189 3873 perdidit,
1211 3793 1279 3873 quia
1299 3812 1362 3857 non
1383 3791 1466 3857 habu

325 3909 382 3953 nec
401 3891 574 3969 requisivit,
596 3893 665 3971 quia
686 3911 748 3955 non
769 3891 917 3972 perdidit,
939 3910 996 3954 nec
1015 3892 1142 3967 invenit,
1164 3894 1232 3973 quia
1254 3912 1311 3957 nec
1331 3893 1466 3974 requisim

307 4003 381 4053 'nec
403 3990 555 4066 exultavit,
578 3991 647 4071 quia
669 4010 730 4054 non
752 3993 874 4056 invenit.
922 3992 1018 4072 Atque
1039 3993 1114 4056 adeo
1137 3994 1267 4056 exultare
1288 3994 1369 4057 illius
1390 3996 1466 4057 cett

324 4090 505 4173 paenitentia
525 4090 708 4171 peccatoris,
729 4093 760 4155 id
782 4101 830 4155 eat
850 4091 904 4156 'de
918 4093 1026 4173 perditi
1046 4095 1286 4176 recuperatione,
1309 4095 1361 4176 qui
1374 4113 1408 4160 sa
1420 4106 1466 4176 pfl.

324 4193 422 4254 sessus
445 4199 492 4253 est
512 4193 583 4255 oiim
604 4191 692 4256 malle
711 4192 894 4274 ‘peccatoris
915 4193 1126 4274 paenitentiam
1148 4215 1235 4276 quam
1256 4205 1394 4259 mortam.

326 4309 367 4360 15.
384 4310 408 4360 in
426 4310 524 4361 natione
542 4328 586 4362 ona
598 4310 622 4361 0.
676 4310 714 4361 16.
733 4311 799 4362 noris
816 4310 861 4362 BG.
902 4311 943 4361 11.
960 4314 1067 4376 speciem
1085 4320 1171 4378 gerunt
1188 4315 1302 4366 Latinius.
1335 4315 1466 4380 spiritns.

324 4385 382 4428 root
397 4377 424 4426 B.
467 4392 536 4442 spem
554 4384 653 4443 gemunt
669 4379 763 4429 Senior.
793 4378 797 4386 '
822 4377 862 4429 1⁸.
880 4379 977 4429 Christo
993 4381 1039 4431 BG.
1098 4381 1138 4432 tu.
1156 4390 1252 4433 recusat
1268 4382 1294 4433 B.
1352 4380 1393 4434 20.
1411 4381 1466 4447 diqt

325 4444 426 4495 titiones
444 4445 468 4493 d.
520 4445 561 4495 21.
579 4446 603 4496 in
622 4445 682 4497 delet
699 4446 756 4496 Patr.
769 4444 913 4499 ciacconius.

394 4512 453 4575 Cap.
471 4511 561 4562 xxiiii.
598 4513 620 4563 1.
637 4512 777 4563 drachmam
794 4516 819 4565 d.
853 4514 889 4565 ito
906 4515 975 4564 etiarn
991 4516 1061 4578 intro.
1114 4513 1138 4566 2.
1156 4516 1202 4576 Qui
1219 4516 1278 4568 cca
1321 4513 1346 4568 8.
1364 4515 1395 4576 da
1411 4512 1466 4569 cuii

325 4579 351 4630 1.
369 4586 523 4644 pcccatorum
540 4581 568 4632 d.

360 4680 385 4730 b.
402 4693 506 4746 quornm
523 4695 592 4746 spem
606 4679 687 4731 iudaei
706 4677 804 4747 gerant]
822 4683 885 4748 Spar
971 4697 992 4732 c.
1011 4679 1090 4746 cuius]
1110 4683 1242 4735 Crantoris.

325 4747 421 4807 salotis,
439 4763 501 4813 qnae
517 4758 568 4799 rata
587 4751 610 4799 io
622 4748 702 4809 nobie,
719 4751 766 4799 iam
784 4765 843 4800 rana
860 4750 884 4798 io
970 4749 994 4798 d.
1013 4750 1086 4800 Plana
1103 4751 1133 4801 ad
1151 4747 1211 4819 hoc]
1235 4751 1301 4804 ilaec
1322 4765 1351 4802 ax
1368 4750 1466 4803 lucian

325 4815 429 4866 iudaeis.
935 4818 1054 4868 sententia
1071 4825 1129 4869 sant
1146 4819 1218 4871 dicta.
