3242 5775
320 663 362 727 62
574 680 676 730 ournrr
700 679 830 722 sarrruu
852 679 1016 722 ruonnnrrs
1040 679 1236 723 runrumnur
1308 720 1313 728 ,

320 830 499 892 Graecomm
527 828 754 901 vocabulorum,
791 829 863 892 item
885 829 1003 890 Vestam
1033 829 1062 890 in
1090 829 1207 908 iguem,
1241 836 1271 889 et
1293 827 1376 892 Canu

318 929 458 1009 ‘aquas'¹,
480 938 510 991 et
523 929 656 1009 Magnam
669 929 792 991 blatrem
814 930 845 990 in
868 939 976 992 terram
998 929 1149 991 seminalia
1170 931 1356 1003 demessam,

319 1037 446 1104 aratam,
469 1030 591 1093 lavacris
613 1030 761 1110 rigatam.
811 1031 861 1093 Sic
882 1039 912 1092 et
933 1030 1078 1093 'Osiris'
1106 1031 1186 1110 quod
1209 1048 1331 1110 semper
1352 1049 1376 1124 sp

319 1139 350 1192 et
371 1131 401 1191 in
423 1131 538 1193 'vivido
560 1132 711 1211 quaeritur
733 1140 764 1194 et
785 1150 851 1193 cum
873 1131 978 1211 gaudio
1001 1131 1163 1204 iuvenitur,
1186 1132 1376 1212 reciprocam

319 1250 388 1310 gum
411 1240 441 1293 ct
461 1232 623 1294 vividorum
647 1233 860 1294 elementorum
883 1240 914 1293 et
934 1231 1054 1294 recidivi
1079 1234 1149 1294 anui
1170 1232 1260 1294 tidem
1281 1251 1376 1312 argun

319 1340 382 1404 tur,
415 1332 492 1395 sicut
513 1334 610 1395 aridae
633 1342 662 1395 et
682 1334 812 1395 ardentis
834 1332 975 1394 ⁹naturae
1004 1342 1186 1420 sacramenta
1214 1334 1318 1394 leones
1342 1333 1376 1395 ¹⁰1

318 1432 595 1513 philosophantur·.
640 1434 677 1496 Et
706 1434 879 1514 superiores
908 1434 1026 1513 quidem
1055 1434 1113 1496 situ
1136 1442 1187 1496 aut
1208 1443 1286 1496 statu
1309 1433 1376 1495 subt

318 1534 427 1596 sulbcit
446 1535 560 1597 facilius
583 1536 656 1597 deos
678 1535 793 1597 habitas
816 1553 904 1613 quam
938 1535 994 1595 deo
1024 1533 1171 1613 indignas.
1214 1535 1258 1596 bd
1286 1534 1376 1597 humil

318 1635 423 1697 liciam.
466 1635 565 1708 Unus,
595 1635 718 1714 opinor,
749 1635 786 1696 de
803 1635 932 1715 sepibus
959 1634 1121 1709 llosculus,
1155 1654 1215 1697 non
1237 1636 1304 1697 dico
1329 1635 1367 1698 de

318 1753 376 1796 una
397 1735 555 1798 cuiuslibet
576 1737 666 1798 maris
689 1735 847 1808 conchula,
871 1754 931 1796 non
954 1735 1020 1797 dico
1043 1737 1080 1797 de
1102 1735 1210 1810 rubro,
1239 1755 1296 1797 una
1320 1737 1376 1798 ¹¹te

317 1835 461 1915 pennula,
502 1845 585 1899 taceo
618 1838 655 1899 de
683 1837 802 1917 ¹²pavo,
842 1836 996 1897 sordidum
1028 1837 1170 1898 artificem
1202 1836 1376 1916 pronuntial

318 1937 506 1999 creatorem?
1129 1957 1137 1966 ·

183 2045 299 2106 capsur.
401 2040 439 2100 At
459 2058 526 2101 oum
548 2047 578 2101 et
599 2038 733 2101 animalia
756 2038 864 2099 irrides
886 2037 1045 2098 minutiora
1064 2055 1138 2115 quae
1161 2039 1305 2100 maximus
1328 2047 1375 2100 art

318 2140 463 2203 industria
485 2140 612 2219 ingeniis
635 2150 686 2200 aut
707 2138 821 2200 viribus
844 2137 1005 2218 ampliavit,
1034 2136 1078 2198 sic
1105 2139 1336 2217 magnitudinem
1366 2140 1376 2202 i

318 2242 471 2303 diocritate
502 2240 622 2321 probari
656 2240 767 2301 docens
803 2239 1050 2319 quemadmodum
1085 2239 1222 2300 virtutem
1255 2241 1286 2301 in
1321 2241 1376 2303 ioli

165 2343 479 2416 trecentasecundum
501 2342 685 2421 apostolum,
721 2341 854 2412 imitare,
889 2340 916 2401 si
942 2347 1048 2418 potes.
1078 2339 1141 2421 apis
1168 2341 1316 2414 aedilicia,
1348 2343 1376 2404 lo

318 2443 447 2516 stabula,
470 2462 596 2506 araneae
618 2443 708 2514 retia,
730 2442 883 2521 bombycis
905 2441 1046 2514 stamina,
1077 2441 1208 2515 sustine,
1237 2443 1263 2504 si
1285 2452 1375 2521 potes

317 2545 398 2623 ipsas
421 2543 519 2605 lectuli
548 2552 578 2605 et
605 2544 710 2622 tegetis
741 2553 808 2605 tuae
837 2542 965 2616 bestias,
998 2542 1177 2604 cantharidis
1207 2561 1335 2616 venena,
1371 2563 1376 2606 ι

317 2643 445 2724 spicula,
477 2643 578 2706 culicis
608 2653 638 2705 et
664 2642 764 2705 tubam
793 2653 823 2706 et
844 2644 985 2705 lanceam.
1029 2643 1133 2716 Qualia
1156 2652 1243 2705 erunt
1263 2646 1376 2708 maiora

317 2754 376 2808 tam
398 2744 522 2807 modicis
545 2752 595 2806 aut
617 2745 726 2807 iuvaris
748 2753 799 2806 aut
820 2744 962 2818 laederis,
997 2752 1030 2805 ut
1056 2763 1112 2806 nec
1139 2744 1169 2805 iu
1193 2745 1318 2808 modicis
1341 2746 1376 2808 de

316 2846 504 2911 creatorem?
547 2846 704 2909 Postremo
727 2854 756 2909 te
778 2845 831 2908 tibi
853 2846 1024 2919 circumter,
1057 2846 1137 2908 intus
1165 2864 1200 2907 ac
1227 2846 1301 2908 loris
1334 2864 1376 2910 cor

315 2949 483 3010 bominem:
506 2948 632 3027 placebit
653 2948 705 3011 tibi
728 2948 773 3010 rel
796 2948 855 3009 boc
876 2966 952 3027 opus
965 2948 1012 3009 dei
1026 2947 1134 3018 nostri,
1157 2947 1237 3027 quod
1253 2956 1322 3009 tuus
1338 2949 1376 3010 dc

316 3049 363 3110 ille
385 3049 460 3110 deus
482 3048 603 3122 melior,
626 3049 787 3122 adamarit,
809 3057 1041 3130 propterquam
1063 3049 1094 3109 in
1115 3048 1189 3111 baec
1208 3049 1376 3128 paupertim

316 3157 415 3212 menta
437 3150 474 3212 de
497 3151 585 3212 tertio
608 3151 689 3213 caelo
704 3150 885 3214 descendere
899 3149 1057 3221 laborarit,
1080 3149 1165 3210 cuius
1187 3168 1274 3210 causa
1296 3150 1327 3211 iu
1350 3150 1376 3212 lu

316 3251 374 3314 lula
397 3251 555 3314 ¹creatoris
584 3253 672 3314 etiam
700 3252 856 3314 uudtlxus
885 3260 940 3313 est
986 3250 1044 3311 Sed
1074 3249 1122 3311 ille
1150 3249 1269 3328 quidem
1292 3269 1376 3330 usqu«

315 3372 371 3415 nec
392 3372 496 3434 aquam
519 3353 688 3434 reprobavit
707 3354 849 3415 creatoris
863 3370 921 3432 qua
935 3370 1009 3412 suos
1024 3349 1131 3423 abluit,
1153 3367 1208 3410 noc
1223 3349 1321 3411 oleum
1337 3369 1378 3431 qu

265 3509 268 3515 .
315 3456 436 3535 unguit,
459 3475 515 3518 nec
535 3455 630 3518 mellis
653 3464 682 3517 et
703 3455 786 3517 lactis
809 3454 982 3515 societatem
1004 3463 1062 3530 qua
1083 3469 1156 3512 suos
1179 3449 1331 3524 infantatl’,
1354 3471 1376 3515 n

314 3575 383 3617 nem
404 3574 464 3635 qrro
486 3556 584 3635 ipsum
606 3575 715 3637 corpus
744 3574 831 3618 suum
861 3560 1079 3632 repraesentat,
1114 3551 1201 3612 etiam
1232 3551 1263 3612 in
1292 3571 1376 3614 sacra

314 3706 338 3755 b.
357 3720 442 3770 aquam
462 3708 485 3756 d.
526 3707 550 3756 l.
569 3707 648 3757 Osirin
667 3711 717 3758 oba.
758 3707 781 3756 8.
801 3705 952 3767 muudolll.
993 3705 1017 3754 9.
1037 3705 1252 3755 naturarumlll.
1297 3704 1334 3754 10.
1354 3718 1377 3754 m

317 3773 355 3822 ll.
374 3780 434 3823 tetra
453 3774 552 3837 pavonis
570 3773 676 3838 pennula
693 3774 755 3824 Alc.
773 3774 947 3837 llirroupiensis
964 3773 1030 3822 liber.
1086 3771 1125 3821 tt.
1143 3786 1234 3836 parone
1251 3771 1295 3822 AB.

383 3841 441 3905 Cap.
460 3841 516 3890 xit.
554 3841 729 3891 bareswrd.
789 3843 791 3847 ’
1169 3834 1174 3848 '

349 3941 371 3990 l.
390 3944 509 3993 Camenas
527 3944 550 3992 in
569 3941 656 4007 aquas]
673 3943 709 3992 ct.
729 3942 874 3993 Plutllumr
924 3942 1001 3991 sacris
1026 3940 1125 3990 llitbrae
1150 3941 1199 3989 sire
1222 3940 1287 3990 Solis
1311 3939 1376 3989 sdbil

314 4022 367 4069 cop.
381 4008 419 4060 1³.
444 4011 523 4060 laren.
541 4011 592 4059 Sat.
610 4011 651 4067 lll,
669 4010 705 4059 12.
735 4011 783 4060 liv.
802 4008 873 4069 tet.
925 4011 1020 4058 leonum
1040 4008 1178 4057 simulacra.
1213 4007 1376 4058 Erautruteu

313 4075 411 4137 tugost
430 4077 478 4127 Cir.
498 4077 539 4126 bri
558 4076 659 4137 vitat.
687 4078 727 4139 lll,
740 4078 764 4128 9.
806 4077 873 4127 our.
925 4084 1013 4134 ments,
1041 4076 1087 4125 boc
1104 4083 1141 4125 cst
1158 4075 1226 4135 signa
1250 4089 1293 4124 seu
1312 4082 1376 4138 myst

315 4142 378 4194 last.
397 4145 439 4202 ΙΙΙ.
453 4144 503 4194 26³
513 4159 567 4209 sqq.
924 4144 982 4193 laris
1001 4152 1109 4200 naturae,
1127 4142 1208 4191 aridae
1227 4151 1251 4192 et
1267 4142 1374 4192 ardentis

348 4209 482 4261 ilumeris
500 4207 620 4275 rigatam]
639 4213 766 4262 seminalia
784 4213 873 4261 demes·
924 4212 987 4261 enim
1006 4219 1087 4260 aestus
1111 4211 1249 4268 intenditur,
1277 4210 1356 4259 sontes

313 4293 363 4328 scm
387 4289 410 4329 et
433 4281 526 4330 lacertis
550 4287 639 4329 arctam
666 4278 723 4328 dicit
747 4287 873 4328 cruentum
924 4281 1044 4328 siccantur
1063 4292 1116 4327 cum
1136 4278 1228 4338 ingrldi
1243 4277 1376 4326 Leonemr

311 4346 451 4407 signilleans
468 4347 528 4395 deae
547 4347 661 4410 Pbrygiae
684 4346 783 4404 cultum,
808 4348 873 4396 locu·
925 4355 970 4395 tur.
989 4345 1094 4408 (lligoltd
1138 4345 1174 4393 Cl.
1193 4359 1254 4408 quaa
1278 4345 1376 4394 eductor

312 4415 359 4461 cria
376 4417 474 4478 riporum
499 4428 527 4461 eo
546 4414 610 4478 quod
628 4412 729 4463 Almone
753 4412 875 4463 lavabatur
925 4422 1012 4476 terprr.
1031 4413 1061 4461 ad
1072 4412 1158 4462 brnob.
1172 4413 1228 4461 Adi.
1240 4412 1303 4462 Natt.
1315 4411 1372 4471 ll,l

312 4478 388 4529 beorn
408 4481 483 4530 llatar
499 4480 602 4530 solemni
621 4481 668 4540 die,
694 4489 719 4530 ιιι
744 4487 808 4529 recle
833 4495 874 4529 ex·
925 4482 1028 4530 Salmas.
1053 4482 1075 4529 in
1099 4480 1197 4543 Scriptt.
1222 4479 1281 4529 llist.
1299 4478 1360 4540 Ana:

312 4546 408 4610 plicuit
425 4548 506 4597 besid.
525 4548 644 4597 lleraldus
662 4547 692 4597 ad
709 4548 797 4597 arnob.
817 4548 872 4596 ddr.
924 4555 947 4598 et
965 4548 1045 4598 llesid.
1066 4548 1162 4597 llorald.
1180 4547 1286 4609 lligress.
1304 4547 1324 4604 l,
1336 4545 1375 4596 lb.

314 4614 377 4665 Nati.
397 4614 465 4665 libl
483 4615 605 4665 Animadr.
624 4612 714 4678 ptos.
957 4616 1016 4678 Cap.
1031 4614 1087 4664 xlv.
1111 4630 1133 4663 a.
1151 4609 1306 4678 paupertina]
1326 4613 1359 4662 tte

236 4687 238 4690 ⁴
347 4696 379 4732 m.
397 4682 438 4732 Sic
455 4690 479 4731 et
497 4679 586 4747 Osiris]
605 4682 628 4730 V.
643 4683 715 4731 lirul.
726 4681 825 4731 blatern.
839 4681 872 4730 De
923 4682 1010 4733 cabulo
1027 4682 1058 4730 cl.
1078 4681 1186 4732 illidebr.
1205 4681 1313 4745 adipul.
1328 4679 1376 4731 blot

312 4749 402 4800 Errare
421 4750 485 4799 Prol.
505 4749 579 4812 llelig.
598 4748 693 4813 copi,
712 4757 737 4799 et
759 4764 821 4814 quae
839 4750 872 4798 ibi
926 4749 963 4800 13.
982 4764 1006 4812 p.
1020 4747 1075 4797 112.

312 4816 430 4868 ιὼιοιιιί.
955 4817 978 4865 b.
997 4810 1109 4879 intentat]
1135 4815 1160 4865 ld
1179 4822 1216 4865 est
1234 4815 1287 4865 cibo
1305 4815 1376 4877 pascit

345 4898 368 4934 u.
388 4885 472 4935 leones
490 4884 588 4935 llitbrse
606 4881 831 4950 philosophantur]
845 4883 871 4934 lu
922 4886 966 4935 tili.
984 4884 1033 4949 (Fr.
1046 4882 1147 4944 lunius.)
