3242 5775
260 715 262 718 ,
314 648 376 710 526
571 662 673 713 nutum
696 661 828 703 attetttttt
850 660 1014 702 rconsurts
1036 659 1234 702 nenwtutttt

200 811 406 913 vfflfflfflw
430 810 579 871 intellectu
601 810 636 870 ad
660 809 805 888 integrum
823 818 955 880 revocat,
979 808 1126 880 adiciens,
1148 807 1209 898 Vos
1224 814 1324 868 antem
1338 804 1455 868 nonalis

245 890 253 911 ’
313 912 344 973 in
366 930 471 984 carne,
495 910 547 970 sed
571 909 600 969 in
623 909 739 987 spiritu.
795 909 856 970 Eos
879 909 958 969 euim
980 926 1055 987 quos
1077 908 1108 968 in
1131 926 1219 969 carne
1242 925 1312 969 esse
1335 906 1458 969 constabat

313 1010 448 1089 negando
470 1010 501 1070 in
524 1028 611 1071 carue
633 1028 702 1070 esse
725 1009 753 1068 iu
784 1008 926 1088 operibus
956 1008 1053 1070 earnis
1082 1026 1144 1069 non
1172 1026 1242 1069 csso
1268 1008 1459 1076 'monstrabat

314 1121 402 1191 atque
423 1110 480 1171 'ita
502 1110 568 1171 illns
590 1111 708 1171 demum
731 1109 787 1169 den
810 1109 926 1188 placere
947 1128 1009 1169 non
1031 1127 1139 1187 posse,
1172 1125 1234 1169 non
1262 1108 1313 1188 qui
1343 1110 1373 1170 in
1397 1124 1461 1170 carte

316 1220 432 1285 essent,
455 1211 507 1272 sed
531 1211 581 1289 qui
604 1210 760 1271 carnaliter
781 1210 930 1282 viverent,
952 1209 1068 1289 placere
1090 1216 1189 1270 autem
1211 1208 1287 1270 ‘deo
1311 1208 1376 1271 illos
1390 1208 1461 1287 quiin

201 1308 294 1408 ,lfflg‘
317 1331 405 1373 carne
428 1310 519 1390 positi
543 1310 705 1371 secundum
728 1310 866 1389 spiritum
886 1310 1067 1371 incederent.
1097 1310 1136 1370 Et
1156 1328 1264 1371 rursus
1287 1328 1395 1390 corpus
1414 1307 1462 1388 qul·

315 1413 382 1473 dem
404 1412 462 1471 ⁵ait
484 1419 644 1483 mortuum,
668 1410 722 1471 sed
744 1419 868 1489 propter
890 1409 1130 1492 delinquentiam,
1153 1410 1232 1471 sicut
1248 1410 1384 1489 spiritum
1397 1409 1462 1469 vitan

314 1519 438 1592 propter
459 1510 612 1571 iustitiam.
658 1510 752 1571 Vitam
781 1497 879 1572 etitem
910 1511 998 1571 morti
1027 1528 1182 1591 opponens
1210 1510 1241 1570 in
1264 1529 1354 1572 cartre
1374 1508 1462 1571 consti·

316 1611 481 1674 tutaesiue
503 1611 593 1672 dubio
616 1610 725 1671 illicet
756 1612 843 1672 vitam
873 1610 1047 1689 repromisit
1075 1629 1110 1671 ex
1139 1610 1253 1672 iustitia
1280 1610 1334 1672 ubi
1362 1619 1463 1671 morton

302 1711 538 1773 .⁶determinarit
553 1730 588 1771 ex
603 1710 813 1789 delinquentia.
848 1711 985 1772 Ceterum
1000 1713 1110 1772 trustra
1127 1711 1269 1790 opposuit
1284 1711 1373 1772 vitam
1386 1705 1461 1776 norb,

315 1811 342 1874 si
364 1830 424 1873 non
448 1820 495 1873 cst
516 1812 576 1872 illic
597 1812 647 1872 ubi
670 1820 716 1872 est
738 1799 768 1871 el
789 1811 854 1889 ipsa
876 1811 922 1872 cni
944 1830 1008 1872 eam
1032 1810 1186 1890 opposuit,
1209 1810 1407 1872 excludendae
1420 1804 1461 1868 nti-

316 1930 373 1991 que
395 1911 431 1971 de
453 1930 590 1991 corpore.
633 1911 727 1972 Porro
751 1912 777 1972 si
800 1912 858 1972 vita
880 1920 1006 1972 mortem
1035 1912 1071 1973 de
1098 1929 1224 1991 corpore
1252 1910 1392 1983 excludit,
1420 1922 1462 1967 non

316 2019 417 2090 potest
439 2011 469 2072 id
491 2013 633 2091 perlicere
655 2011 712 2072 nisi
736 2012 822 2072 'illuc
843 2019 981 2090 penetret
1011 2012 1060 2071 nbi
1090 2020 1137 2073 est
1163 2011 1242 2089 quod
1273 2011 1405 2073 excindit
1438 2004 1462 2065 lb

318 2111 405 2191 'quid
429 2129 483 2190 ego
506 2112 680 2183 rodostum,
710 2131 775 2172 cum
798 2112 953 2190 apostolus
975 2110 1167 2172 absolutius?
1210 2110 1243 2171 Si
1266 2112 1362 2184 enim,
1383 2106 1462 2187 iuquit

319 2213 441 2292 spiritus
464 2214 530 2272 eius
552 2212 603 2290 qui
625 2211 778 2272 suscitavit
799 2212 896 2272 lesum
924 2212 1036 2273 habitat
1058 2213 1088 2272 in
1110 2210 1231 2283 'vobim
1264 2212 1317 2290 qui
1339 2204 1462 2273 suscitarit

316 2314 414 2374 lesum
437 2332 453 2374 a
475 2313 602 2374 mortuis
624 2312 806 2372 ¹⁰suscitabit
828 2320 857 2372 et
879 2312 1013 2374 mortalia
1036 2331 1161 2391 corpora
1177 2321 1275 2372 restra
1297 2320 1413 2392 propter
1428 2307 1461 2365 it·

316 2414 496 2475 habitantem
520 2413 656 2492 spiritum
680 2413 744 2473 eius
773 2412 803 2471 iu
826 2412 926 2486 robis3
959 2422 991 2473 ut
1018 2422 1047 2473 et
1074 2412 1100 2473 si
1131 2412 1257 2472 animam
1287 2413 1353 2490 quis
1379 2421 1461 2485 cerptt

317 2513 440 2575 mortale
462 2514 711 2592 praesumpserit,
735 2532 800 2573 oum
824 2513 882 2572 lroc
904 2520 933 2572 et
954 2531 1071 2573 carnem
1087 2530 1195 2590 negare
1210 2530 1270 2572 nnn
1285 2511 1396 2591 possit,
1415 2523 1461 2568 ctr-

264 2639 266 2644 ·
317 2614 363 2673 nis
386 2632 504 2691 quoque
526 2614 812 2674 ”resuscitationem
836 2619 957 2691 cogatur
984 2630 1147 2690 agnoscere
1170 2612 1335 2674 secundum
1355 2608 1462 2673 eiusdem

317 2721 412 2774 status
434 2711 682 2773 communionem.
725 2712 769 2772 Ex
798 2712 991 2791 sequentibus
1019 2712 1116 2773 adhue
1143 2712 1242 2773 discas
1271 2730 1362 2791 opera
1388 2702 1462 2771 oernit
1503 2741 1505 2786 Ι

178 2805 299 2910 ,lgm
319 2812 470 2887 damnari,
504 2828 565 2872 non
593 2812 698 2891 ipsam.
751 2812 853 2891 ltaque
881 2813 1003 2887 trames,
1033 2813 1087 2887 ait,
1116 2811 1268 2873 debitores
1303 2828 1402 2875 snmus
1420 2819 1464 2868 ron

319 2915 427 2975 ¹²carni
450 2913 513 2974 ¹³ad
536 2911 707 2973 vivendum:
730 2912 789 2972 ¹‘Si
811 2914 975 2976 secundum
990 2932 1109 2975 carnem
1127 2913 1276 2988 vixeritis,
1298 2910 1465 2975 romanet

318 3022 351 3074 ut
371 3013 557 3086 moriamini,
581 3013 607 3074 si
629 3031 699 3073 vero
722 3013 828 3090 spiritu
845 3014 970 3075 ¹⁶caruis
992 3023 1073 3075 actus
1088 3013 1353 3088 mortificaveritis,
1374 3006 1464 3074 vivetis·

317 3114 412 3175 Porro
434 3122 466 3174 ut
487 3115 522 3175 ad
546 3114 660 3192 singula
682 3132 816 3192 quaeque
839 3114 1053 3194 respondeam,
1087 3115 1112 3175 si
1141 3114 1172 3175 in
1200 3132 1289 3175 carne
1310 3106 1466 3176 martula

319 3215 482 3277 secundum
512 3215 649 3295 spiritum
680 3224 776 3275 tamen
805 3215 1024 3293 ¹⁰degentibus,
1059 3214 1139 3276 salus
1166 3215 1397 3295 repromittitur,
1424 3211 1466 3270 itm

320 3333 381 3376 non
402 3334 472 3377 caro
494 3316 668 3377 adversatur
689 3314 793 3389 saluti,
818 3315 871 3376 sed
893 3315 1026 3394 operatio
1049 3315 1157 3376 carnis.
1190 3315 1372 3395 Operatione
1391 3318 1467 3376 auen

317 3416 416 3478 carnis
438 3415 574 3489 exclusa,
603 3434 677 3494 quae
706 3434 793 3477 causa
817 3423 864 3476 est
886 3415 1008 3488 mortis,
1039 3415 1197 3476 salvabam
1219 3434 1289 3476 caro
1313 3414 1468 3479 ostenditur,

229 3509 307 3611 ,¹233ss
319 3536 406 3578 causa
428 3536 532 3578 carens
555 3516 671 3578 mortis.
715 3516 777 3577 Lex
800 3515 896 3589 enim,
928 3515 1040 3594 inquit,
1069 3510 1191 3595 spiritus
1219 3516 1297 3577 ritae
1320 3515 1351 3577 in
1373 3511 1468 3577 Cbrislt

165 3610 387 3678 VI¹2¹³·²⁰·²i·lesu
409 3618 580 3680 manumisit
601 3617 677 3678 ¹⁷me
699 3635 715 3677 a
738 3617 801 3694 lege
831 3616 1049 3694 delinquentiae
1078 3625 1108 3676 et
1135 3615 1256 3688 mortis,
1295 3624 1377 3678 certe
1403 3621 1470 3694 quam

317 3719 473 3795 praemisit
493 3719 626 3779 babitare
648 3718 678 3778 in
700 3716 841 3778 membris
864 3715 1014 3777 ¹⁸n0stris.
1052 3715 1130 3794 Ergo
1154 3716 1211 3776 iam
1234 3716 1369 3778 membra
1390 3720 1470 3777 nostrl

316 3816 381 3894 lege
403 3818 508 3877 mortis
531 3834 592 3876 non
613 3817 807 3888 tenebuntur,
831 3816 900 3895 quia
922 3834 978 3876 nec
1000 3815 1233 3895 delinquentiae,
1255 3833 1272 3876 a
1295 3817 1404 3896 quibus
1424 3827 1471 3876 nt·

317 3915 452 3975 numissa
467 3923 548 3977 sunt.
586 3916 673 3987 Quod
696 3917 774 3978 enim
797 3916 956 3978 invalidum
979 3925 1042 3979 erat
1056 3917 1141 3995 legis,
1164 3917 1194 3978 in
1210 3934 1270 3995 quo
1285 3916 1474 3980 infirmabatur

165 4023 373 4092 nom-vntoper
393 4032 527 4088 carnem,
556 4016 652 4076 misso
675 4016 749 4079 deus
771 4017 831 4078 filio
855 4037 909 4079 suo
932 4016 990 4078 ¹⁹in
1014 4018 1172 4079 simulacro
1195 4017 1292 4078 carnis
1316 4017 1476 4097 delinquen·

319 4200 342 4250 2.
361 4202 504 4316 qaonstrabit
521 4203 564 4251 All.
617 4201 640 4251 3.
660 4203 690 4251 ita
710 4205 794 4254 cond.
847 4203 872 4253 4.
891 4203 947 4252 illos
966 4204 1011 4252 deo
1030 4205 1064 4253 bc.
1126 4203 1150 4252 5.
1168 4202 1245 4266 inquit
1264 4204 1286 4252 b.
1341 4202 1365 4281 q.
1384 4204 1480 4254 declim-

318 4270 365 4318 rerl
394 4271 418 4317 1.
464 4268 696 4319 inlucidentur.
731 4270 787 4318 illac
805 4271 870 4320 Folo.
889 4271 993 4320 Ursinus.
1042 4269 1065 4319 8.
1084 4270 1148 4333 qued
1167 4270 1210 4321 te.
1255 4269 1280 4319 tl.
1299 4271 1372 4320 nobis
1390 4275 1415 4321 Α.
1450 4268 1484 4319 lb.

318 4336 490 4395 abrincatino,
511 4338 608 4387 decad.
627 4335 803 4386 inclementia.
859 4337 897 4386 11.
917 4339 1120 4386 resurrectionem
1140 4338 1165 4385 ll.
1220 4334 1259 4384 ¹2.
1280 4352 1354 4387 earne
1371 4338 1417 4388 AB.
1452 4335 1485 4386 13.

233 4418 237 4424 ’
317 4402 348 4451 ad
366 4403 488 4451 vivendum
507 4404 598 4453 ilicet.
634 4404 808 4454 ntsecundnm
828 4419 924 4454 carnem
943 4405 1101 4454 rivamuscd.
1144 4403 1183 4453 tt.
1202 4403 1297 4453 sienim
1309 4405 1487 4455 secundarent.

319 4470 358 4519 15.
378 4472 457 4518 carnis
475 4472 585 4520 artnsl.
619 4479 686 4520 actus
704 4473 783 4520 carnis
803 4473 837 4521 bc.
892 4471 930 4520 16.
949 4472 973 4520 id
992 4472 1116 4532 egentibus
1134 4474 1160 4521 t.
1203 4470 1367 4533 indigentibus
1385 4474 1411 4522 B.
1453 4471 1490 4522 li.

318 4545 340 4586 te
359 4553 417 4598 amq.
474 4535 511 4585 18.
529 4537 614 4586 restris
634 4537 657 4586 0.
711 4538 749 4588 19.
768 4538 940 4589 insimulacro
959 4538 1159 4588 insimilitudine
1178 4539 1320 4589 carnisdb.
1362 4540 1387 4589 in
1405 4540 1490 4590 simili·

318 4604 399 4654 tudine
418 4604 497 4651 carnis
515 4611 561 4654 tres
584 4606 691 4654 Vaticani.

317 4772 440 4900 (Lbdffld
456 4772 512 4899 qnid
537 4786 581 4832 ego
606 4771 733 4836 nodosius]
765 4775 827 4833 Quid
853 4788 896 4837 ego
928 4789 972 4838 per
995 4775 1100 4839 gryphos
1127 4783 1150 4824 et
1182 4774 1318 4836 aenigmata
1342 4782 1366 4825 et
1395 4773 1496 4826 nodosi

347 4855 360 4888 a
399 4853 425 4889 cr
442 4854 463 4886 a.
