3242 5775
652 647 799 691 tnvsnsus
821 649 963 693 rntxsurt.
1024 692 1026 696 Α
1311 639 1397 704 ’693

223 804 316 877 parte,
341 815 396 876 qua
420 796 541 875 spiritus
564 805 636 870 erat,
660 796 706 858 dei
729 797 820 859 lilium
835 799 1047 879 pronuntiarit,
1071 817 1193 861 servans
1208 803 1288 864 cami
1303 804 1396 867 lilium

223 896 354 958 hominis
377 896 444 957 dici.
490 897 538 957 Sic
561 906 589 957 et
611 897 765 977 apostolus
787 900 876 959 etiam
899 899 947 959 dei
976 907 1006 960 et
1032 898 1215 963 ”hominum
1245 903 1529 983 appellantium

221 996 426 1076 sequestrem¹
447 999 601 1076 utriusque
616 998 797 1060 substantiae
812 999 1004 1060 conlirmarit.
1040 1000 1209 1064 Novissime
1231 1004 1281 1083 qui
1303 1005 1394 1067 lilium

221 1099 270 1158 dei
293 1116 410 1159 earnem
434 1099 654 1177 interpretaris,
679 1100 783 1159 exhibe
805 1099 855 1180 qui
879 1100 919 1160 sit
940 1099 1018 1160 lilius
1041 1100 1182 1164 hominis.
1225 1102 1283 1165 hut
1304 1123 1393 1167 num·

221 1198 291 1276 quid
321 1198 444 1277 spiritus
475 1199 553 1261 erit?
599 1200 656 1259 Sed
686 1200 822 1278 spiritum
849 1210 964 1278 patrem
988 1200 1085 1280 ipsum
1107 1203 1151 1263 vis
1174 1201 1292 1278 haberi,
1326 1206 1393 1285 quia

221 1299 297 1360 deus
320 1300 460 1377 spirim,
494 1301 578 1378 quasi
608 1320 669 1361 non
699 1310 728 1362 et
755 1301 801 1361 (lei
825 1301 961 1380 spiritus,
995 1302 1074 1363 sicut
1095 1312 1125 1366 et
1146 1321 1246 1364 sermo
1268 1304 1341 1367 deus
1364 1314 1395 1368 et

221 1402 269 1461 dei
292 1418 402 1460 sermo.
1269 1400 1276 1410 ’

305 1501 407 1578 ltaque
430 1500 578 1560 Christum
602 1502 671 1561 laris
693 1509 824 1580 patrem,
848 1502 1039 1575 stultissime,
1067 1502 1116 1582 qui
1140 1521 1195 1564 nec
1216 1505 1311 1584 ipsam
1333 1506 1529 1581 vinciamur

220 1600 361 1679 inspicias
391 1602 519 1661 nominis
548 1602 651 1673 huius,
685 1595 835 1663 si'tamen
866 1622 973 1663 nomeu
1006 1604 1067 1664 'est
1088 1603 1239 1678 Christus,
1273 1615 1304 1667 et
1330 1625 1391 1668 non

221 1702 377 1780 appellatio
406 1702 522 1779 potius;
557 1712 661 1763 unctus
690 1704 767 1763 enim
796 1703 1004 1781 ²signihcatur.
1059 1702 1170 1772 Unctus
1198 1714 1295 1767 autem
1329 1724 1392 1768 non

220 1802 315 1879 magis
338 1821 446 1861 nomen
470 1813 516 1862 est
537 1822 623 1880 quam
647 1804 784 1873 vestitus
807 1823 892 1881 quam
916 1803 1095 1876 ³calceatus‚
1119 1804 1255 1865 accidens
1277 1807 1391 1868 nomini

219 1922 281 1963 res.
325 1903 386 1962 4Αιι
415 1914 461 1974 tu,
498 1905 523 1963 si
552 1924 587 1963 ex
615 1905 712 1982 aliquo
741 1914 914 1982 argumento
943 1904 1067 1965 restitus
1096 1923 1215 1983 quoque
1237 1914 1393 1968 vocaretur

221 2005 324 2074 lesus,
358 2004 508 2081 quomodo
531 2005 666 2064 Christus
695 2005 731 2065 ah
763 2005 911 2065 unctionis
941 2013 1143 2076 sacramento,
1177 2023 1270 2084 aeque
1291 2006 1392 2067 lesum

218 2105 309 2164 lilium
334 2105 380 2164 dei
403 2106 528 2178 diceres,
552 2106 689 2165 vestitum
705 2125 775 2165 vero
791 2116 902 2183 patrem
920 2103 1081 2166 crederes?
1109 2105 1193 2166 Nunc
1208 2105 1244 2167 de
1260 2105 1389 2167 Christo.

219 2206 251 2266 Si
272 2216 357 2283 pater
380 2205 515 2265 Christus
539 2215 601 2278 est,
624 2216 709 2284 pater
732 2218 838 2267 unctus
862 2216 922 2276 est,
947 2216 976 2266 ot
999 2206 1099 2284 utique
1122 2206 1158 2266 ah
1181 2206 1247 2267 alio.
1284 2206 1343 2268 Aut
1364 2205 1390 2268 si

218 2327 234 2366 a
257 2306 434 2383 semetipso,
458 2306 562 2383 proha.
607 2306 665 2366 Setl
689 2326 748 2367 non
770 2307 810 2367 ita
832 2308 940 2367 docent
960 2308 1029 2367 Acta
1051 2306 1263 2385 Apostolorum
1290 2308 1319 2367 in
1343 2307 1391 2369 illa

214 2408 445 2467 ⁵erclamatione
467 2407 607 2467 ecclesiae
630 2408 664 2467 atl
688 2408 789 2468 deum:
814 2408 1022 2468 Convenerunt
1043 2408 1121 2467 euim
1139 2407 1269 2467 universi
1284 2408 1314 2467 in
1330 2408 1387 2469 ista
1400 2404 1507 2507 lfffll·

218 2508 335 2568 civitate
357 2508 499 2567 adversus
523 2516 655 2567 sanctum
679 2510 769 2569 hlium
791 2509 908 2579 ⁶tuum‚
937 2527 1023 2585 quem
1047 2508 1173 2580 unxisti,
1201 2507 1337 2568 Herodes
1360 2516 1391 2569 et

217 2608 328 2668 Pilatus
351 2627 416 2668 oum
439 2607 619 2669 nationibus.
662 2609 705 2669 lta
727 2618 757 2669 et
777 2609 867 2685 hlium
898 2608 1063 2669 deilesum
1086 2608 1243 2669 contestati
1267 2617 1390 2670 suntet

216 2709 308 2768 lilium
331 2728 347 2768 a
368 2716 453 2788 patre
474 2718 605 2770 unctum.
639 2709 717 2787 Ergo
740 2709 841 2770 ⁷lesus
863 2710 940 2770 idem
963 2712 1020 2769 erit
1034 2708 1184 2780 Christum
1208 2709 1258 2787 qui
1273 2727 1289 2769 a
1304 2718 1389 2788 patre

216 2820 323 2870 unctus
348 2818 407 2881 est,
431 2828 491 2869 non
513 2819 613 2889 paler,
637 2810 686 2890 qui
709 2810 799 2870 lilium
824 2810 914 2872 unxit
947 2810 998 2870 Sic
1012 2818 1042 2870 et
1055 2809 1178 2870 Petrus:
1202 2808 1387 2869 Firmissime
1399 2807 1468 2901 Mil*
1485 2818 1506 2861 Ρ·

217 2912 316 2989 itaque
339 2921 498 2989 cognoscat
519 2914 616 2973 omnis
639 2913 744 2973 (lomus
767 2913 875 2985 lsrael,
910 2912 988 2991 quod
1017 2920 1047 2971 et
1073 2910 1227 2971 dominum
1250 2918 1277 2970 et
1300 2910 1387 2971 Chri·
1443 2889 1449 2909 ³
1483 2889 1489 2902 ⁸

215 3022 311 3082 stum,
340 3013 369 3072 itl
394 3022 440 3073 est
462 3022 598 3086 unctum,
631 3016 733 3074 lecerit
760 3014 941 3085 eumdem,
975 3013 1053 3072 hunc
1074 3012 1189 3083 lesum,
1224 3029 1312 3090 quem
1334 3029 1387 3072 vos

215 3114 415 3174 crucifixistis.
455 3115 581 3175 loannes
604 3124 699 3176 autem
724 3114 810 3174 etiam
834 3113 1005 3173 mendacem
1028 3121 1110 3174 notat
1133 3130 1200 3173 eum
1223 3111 1273 3191 qui
1295 3110 1529 3218 nega-1223&-¹

1383 3209 1389 3220 1

214 3215 290 3275 verit
313 3215 409 3274 lesum
434 3234 501 3275 esse
524 3214 691 3284 Christum,
719 3224 819 3274 eontra
843 3214 880 3273 de
902 3214 957 3274 deo
981 3224 1082 3273 natum
1105 3231 1224 3273 omnem
1248 3211 1297 3290 qui
1320 3231 1387 3273 ore·

214 3315 325 3375 ‹litlerit
346 3316 443 3376 lesum
467 3335 534 3376 esse
558 3316 715 3375 Christum.
765 3315 893 3391 Propter
914 3314 992 3390 quod
1016 3321 1046 3373 et
1067 3313 1204 3373 hortatur
1227 3322 1260 3371 ut
1281 3312 1496 3380 creda·tto.1.t.
1517 3352 1520 3357 ·

216 3436 283 3477 mus
306 3416 418 3477 nomini
441 3418 491 3477 lilii
516 3417 580 3478 eius
603 3417 671 3476 lesu
694 3415 820 3486 Christi,
851 3422 884 3474 ut
911 3412 1024 3474 scilicet
1046 3412 1215 3472 communio
1239 3410 1280 3471 sit
1301 3408 1389 3471 nohis

215 3527 388 3598 compatre
411 3527 438 3578 et
460 3518 520 3578 tilio
543 3518 606 3578 eius
629 3517 695 3576 lesu
719 3515 848 3575 Christo.
899 3513 950 3573 Sic
977 3522 1006 3572 et
1027 3511 1134 3571 Paulus
1164 3510 1272 3588 ubique
1298 3508 1388 3571 deum

214 3628 328 3697 patrem
352 3619 437 3698 ponit
458 3628 487 3679 et
509 3619 660 3679 dominum
684 3625 819 3676 nostrum
843 3615 940 3674 lesum
964 3610 1125 3672 Christum.
1169 3610 1241 3670 Cum
1264 3609 1300 3670 ad
1323 3609 1387 3670 Ro·

216 3738 320 3780 rnanos
344 3719 460 3792 scribit,
483 3721 593 3799 gratias
616 3720 676 3797 agit
697 3719 769 3777 ⁸deo
792 3734 846 3795 per
861 3713 1013 3795 dominum
1030 3719 1167 3772 nostrum
1183 3710 1281 3771 lesum
1298 3708 1386 3771 Chri·
1399 3729 1517 3782 nomio.

213 3830 309 3892 stum3
340 3839 405 3880 oum
429 3821 464 3881 ad
488 3820 620 3892 Galatas,
644 3838 703 3879 non
726 3818 762 3878 ah
785 3814 957 3877 hominihus
980 3833 1013 3875 se
1036 3811 1205 3892 apostolum
1227 3810 1494 3890 ”praelertoatun

216 3941 271 3981 neo
293 3939 346 4001 per
368 3922 534 3992 hominem,
563 3921 614 3980 sed
645 3938 699 3998 per
720 3918 819 3978 lesum
842 3917 992 3977 Christum
1021 3923 1051 3976 et
1072 3913 1307 3992 deumpatrem.
1350 3911 1388 3973 tn

214 4023 307 4083 hahes
331 4023 418 4082 ¹⁰tota
442 4022 637 4081 instrumenta
661 4020 752 4091 eius·‚
785 4037 860 4097 quae
888 4018 918 4077 in
940 4016 1020 4077 huno
1041 4014 1161 4075 modum
1184 4011 1387 4093 pronuntiant,

215 4132 245 4184 et
268 4125 343 4184 duos
366 4132 553 4202 proponunt,
584 4123 671 4183 eleum
695 4129 723 4180 et
743 4128 874 4198 patrem,
904 4127 933 4178 et
955 4116 1106 4178 domiuum
1129 4124 1266 4175 nostrum
1286 4113 1387 4175 lesum

215 4275 257 4323 25.
277 4276 381 4324 hominis
399 4277 424 4324 Α.
444 4277 507 4325 teia.
1337 4315 1339 4319 Α

284 4343 461 4407 Cepllllllll.
509 4343 529 4391 l.
549 4351 583 4392 est
603 4344 688 4391 ontl.
708 4341 772 4389 teia.
833 4337 856 4387 2.
881 4336 999 4397 signillcat
1023 4333 1131 4386 nteit.
1189 4331 1389 4382 testemur.

215 4413 240 4461 t.
260 4411 293 4458 An
314 4420 338 4459 tu
357 4413 390 4472 rh,
410 4427 459 4461 curn
478 4412 558 4460 Fulvio
579 4411 669 4458 Ursino.
710 4409 738 4457 tt
757 4416 781 4456 tu
799 4407 887 4457 Altohc.
905 4406 969 4454 leid.
1014 4402 1052 4480 ,⁶¹
1077 4392 1250 4452 estimatione
1274 4399 1391 4448 ecclesiae

215 4480 244 4528 ad
266 4479 336 4526 deum
355 4480 409 4529 led.
428 4479 501 4537 leia,
524 4479 683 4527 l'cticonoruni
700 4491 769 4535 unns,
797 4482 817 4523 et
836 4474 861 4523 lt.
880 4476 904 4521 in
921 4486 1003 4534 maru,
1032 4484 1061 4518 ea
1078 4467 1129 4537 ωδ.
1147 4466 1309 4530 Hirsoupienei
1325 4473 1391 4544 poto

214 4547 389 4595 exclamatione
414 4545 533 4594 addeum
553 4547 608 4594 Bab.
668 4542 691 4593 6.
712 4552 777 4593 tuum
797 4542 877 4590 lesum
896 4553 966 4602 quem
985 4538 1023 4588 eti.
1079 4532 1265 4586 'hiesoslrth
1288 4535 1391 4582 Vaticani
1440 4592 1445 4599 .

215 4624 271 4673 tres,
292 4622 313 4664 et
331 4614 357 4661 B.
376 4617 399 4662 in
417 4630 499 4675 marp„
520 4629 549 4661 ex
568 4613 737 4674 Hirsoupiensi,
756 4616 820 4673 puto,
840 4609 926 4658 codice.
962 4605 1074 4655 dominu
1090 4601 1146 4653 tat.
1164 4601 1249 4661 (teta.)
1300 4599 1323 4678 8
1342 4599 1388 4648 (leo

214 4683 299 4731 dicens
319 4696 362 4744 per
379 4684 403 4730 Α.
424 4682 487 4729 leid.
539 4680 563 4728 9.
582 4681 676 4742 prolert
692 4682 717 4728 t.
737 4678 799 4726 leid.
856 4675 893 4723 to.
913 4681 989 4722 totum
1007 4671 1192 4721 instrumentum
1210 4668 1254 4720 ts.
1271 4668 1336 4719 Leto.

248 4785 263 4830 l.
290 4779 454 4845 sequestrem]
483 4782 519 4830 ct.
549 4781 639 4828 adnott.
666 4780 696 4827 ad
720 4779 776 4828 hdr.
862 4774 920 4838 Cap.
939 4771 1037 4823 xxvttt.
1062 4759 1387 4842 atotaiustrumenteeius]

211 4850 332 4900 Valentia.
352 4864 404 4911 cap.
416 4848 458 4897 25.
828 4842 914 4891 Totum
932 4841 1077 4905 scriptorum
1096 4836 1200 4904 apostoli
1216 4848 1314 4899 corpus,
1332 4846 1389 4898 qur-
