3242 5775
673 616 688 648 0

586 683 733 728 inversus
756 684 900 729 emman.
1062 705 1065 711 -
1267 671 1328 735 689

152 827 154 831 ’
174 833 232 895 lius
254 833 290 893 ad
313 843 445 913 patrem,
469 843 498 894 et
521 853 620 894 sermo
645 834 680 895 ad
703 831 816 895 deum?
860 833 927 914 lpsa
949 852 1067 914 quoque
1090 835 1217 899 clausula
1240 853 1330 899 evau-

153 933 220 1014 gelii
242 943 367 1014 propter
387 934 457 1013 qnid
480 935 634 1012 consignat
655 935 728 995 haee
750 933 876 1012 scripta,
900 934 973 1008 nisi,
997 935 1035 997 Ut
1056 937 1200 1011 credatis,
1224 936 1328 1017 inquit,
1343 945 1462 998 tonat·
1501 978 1507 987 -

151 1036 253 1097 lesum
276 1035 425 1096 Christum
448 1035 538 1095 lilium
562 1034 633 1096 dei?
666 1035 757 1114 lgitur
777 1054 969 1115 quaecunque
993 1055 1028 1098 ex
1047 1018 1097 1098 bis
1118 1038 1270 1117 putareris
1293 1038 1330 1100 ad
1362 1085 1365 1090 .

152 1135 439 1196 demonstrationem
464 1136 596 1196 eiusdem
619 1137 712 1215 patris
734 1144 763 1196 et
779 1134 847 1196 bliil
867 1136 1012 1215 prolicere
1029 1137 1080 1198 tibi
1098 1157 1201 1218 posse,
1224 1137 1331 1200 adver-

152 1256 207 1297 sus
230 1237 408 1297 definitivam
432 1236 572 1315 evangelii
596 1236 772 1297 sententiam
788 1237 904 1297 niteris.
941 1237 1006 1298 Non
1029 1238 1096 1299 ideo
1120 1238 1199 1300 enim
1221 1240 1332 1320 scripta

152 1346 239 1409 sunt,
262 1346 295 1398 ut
316 1348 431 1416 patrem
454 1338 557 1398 credas
580 1337 696 1397 ⁹lesum
721 1337 886 1409 Christum,
911 1337 963 1398 sed
988 1346 1019 1399 ut
1041 1338 1144 1399 lilium.

238 1438 365 1517 Propter
387 1457 477 1499 unum
500 1438 626 1517 Philippi
650 1457 821 1500 sermonem
853 1447 883 1499 et
905 1438 1017 1500 domini
1039 1439 1270 1520 responsionem
1293 1440 1330 1502 ad
1346 1443 1481 1501 Cve-Ult-

152 1557 221 1600 enm
245 1540 395 1599 ¹videmur
417 1540 537 1599 loannis
561 1540 742 1618 evangelium
764 1538 1007 1612 'decucurrisse,
1029 1558 1068 1601 ne
1090 1549 1136 1601 tot
1155 1539 1331 1603 'manifeste

151 1640 343 1721 pronuntiata
372 1649 401 1699 et
428 1649 495 1699 ante
523 1648 553 1700 et
580 1650 683 1719 postea
714 1659 791 1701 unus
826 1658 926 1700 sermo
960 1639 1126 1711 subvertat,
1166 1642 1330 1703 seeundum

153 1740 253 1800 omnia
274 1741 376 1818 potius
400 1758 486 1819 quam
510 1740 653 1800 adversus
677 1740 792 1812 omnia,
831 1740 917 1801 etiam
947 1741 1089 1801 adversus
1119 1758 1192 1802 suos
1221 1758 1331 1802 sensus

152 1840 405 1919 interpretandus.
452 1840 587 1900 Ceterum
612 1841 720 1903 utalia
749 1841 896 1919 evangelia
926 1859 987 1901 non
1016 1842 1223 1920 interponam,
1254 1821 1331 1920 guae

151 1942 321 2002 ⁴natiritate
344 1940 490 2001 dominica
513 1941 618 2002 lfidem
641 1943 831 2014 confirmant,
859 1941 969 2002 sulficit
990 1942 1075 2003 “eum
1098 1941 1148 2021 qni
1171 1941 1253 2002 nasei
1276 1941 1331 2003 ha·

152 2043 243 2103 bebat
264 2061 298 2102 ex
322 2039 435 2119 virgine
458 2041 494 2102 ab
518 2041 583 2120 ipsu
607 2043 774 2105 annuntiari
798 2042 903 2121 angelo
920 2041 1011 2103 lulium
1028 2041 1075 2102 dei
1091 2042 1331 2104 determinatum.

153 2142 285 2223 Spiritus
307 2142 354 2202 dei
378 2144 564 2221 superveniet
587 2144 615 2203 in
645 2152 690 2215 te,
724 2152 752 2204 et
780 2143 873 2203 virtus
903 2142 1040 2203 altissimi
1068 2142 1256 2204 obumbrabit
1283 2151 1460 2212 tortiones.

151 2253 310 2324 propterea
334 2244 412 2320 quod
437 2252 575 2303 nascetur
597 2263 632 2304 er
655 2254 683 2304 te
705 2244 874 2317 'sanctum‚
899 2243 1051 2304 vocabitur
1073 2243 1151 2304 lilius
1174 2242 1233 2304 dei.
1268 2242 1331 2303 Vo-

153 2346 217 2405 lent
238 2343 354 2422 quidem
378 2353 407 2402 et
429 2344 477 2403 hic
506 2344 721 2421 argumentari,
756 2344 807 2405 sed
838 2344 946 2411 veritas
974 2342 1162 2423 praevalebit
1207 2342 1331 2422 Nempe,

153 2445 308 2523 inquiunt,
332 2444 409 2504 filius
433 2444 479 2504 dei
503 2444 576 2504 deus
600 2454 662 2516 est,
687 2453 717 2505 et
737 2445 833 2505 virtus
849 2445 984 2505 altissimi
1000 2443 1163 2505 altissimus
1178 2452 1235 2505 est.
1271 2443 1333 2505 Nec

153 2546 246 2625 pudet
268 2544 336 2604 illos
359 2544 469 2605 inicere
492 2543 604 2623 ‘quod
629 2545 654 2604 si
678 2553 774 2616 esset,
808 2545 950 2624 scriptum
974 2546 1089 2608 luisset.
1133 2543 1230 2617 Quem
1252 2542 1331 2604 eninr
1432 2567 1435 2577 ,

155 2644 326 2716 verebatur,
351 2653 464 2704 utnon
488 2654 589 2723 aperte
612 2646 832 2724 pronuntiaret,
863 2645 941 2707 Deus
963 2644 1168 2723 superveniet,
1191 2651 1221 2705 et
1243 2643 1330 2704 altis·

155 2747 250 2806 simus
274 2744 463 2806 obumbrabit
484 2743 537 2805 te?
581 2745 688 2806 Dicens
712 2755 827 2814 autem.
860 2746 988 2825 Spiritus
1017 2745 1081 2818 dei,
1111 2744 1168 2805 etsi
1190 2742 1332 2823 'spiritus

155 2848 221 2919 dei,
246 2855 342 2907 tamen
367 2864 425 2907 nnn
449 2838 561 2906 directo
585 2846 671 2907 deum
696 2847 852 2909 nominans
885 2846 1053 2927 portionem
1082 2845 1175 2908 totius
1203 2843 1333 2924 intellegi
1408 2871 1415 2878 ·

153 2948 263 3020 voluit,
287 2967 362 3026 quae
385 2966 506 3007 cessura
530 2957 593 3008 erat
615 2948 642 3008 in
660 2950 710 3010 filii
726 2968 847 3010 nomen.
880 2948 935 3010 Hic
958 2947 1081 3028 spiritus
1105 2946 1151 3008 dei
1174 2945 1252 3007 idem
1276 2945 1333 3007 erit

153 3069 265 3110 sermo.
301 3048 409 3107 ¹⁰Sieut
431 3049 508 3107 enim
532 3048 640 3109 Ioanne
663 3050 788 3121 dicente,
812 3050 917 3110 Sermo
937 3067 1004 3109 caro
1022 3048 1142 3109 “lactus
1158 3057 1213 3120 est,
1237 3045 1329 3126 ¹¹spi-
1344 3062 1438 3114 torni.

154 3151 246 3211 ritum
271 3168 388 3227 quoqne
411 3148 606 3226 intellegimus
631 3150 828 3211 minentione
844 3151 1008 3219 seimonis,
1031 3148 1071 3208 ita
1094 3157 1124 3208 et
1144 3147 1194 3209 bic
1214 3164 1331 3208 sermo-
1356 3134 1363 3143 ’
1427 3140 1431 3151 ’

155 3270 226 3312 nem
249 3269 367 3328 quoqne
390 3250 578 3326 agnoscimus
601 3250 630 3309 in
654 3251 774 3310 nomine
797 3251 931 3328 spiritus.
965 3249 1038 3309 Nam
1062 3256 1090 3307 et
1112 3247 1233 3325 spiritus
1256 3245 1331 3306 sub-

156 3351 264 3412 stantia
288 3360 335 3410 est
356 3349 516 3421 sermonis,
540 3358 569 3409 et
591 3368 690 3409 sermo
714 3348 847 3428 operatio
869 3349 1001 3426 spiritus,
1019 3356 1054 3407 et
1069 3347 1128 3407 dno
1144 3363 1236 3405 unum
1252 3353 1333 3404 sunt.

157 3452 297 3512 Ceterum
321 3450 407 3510 alium
431 3450 558 3509 loannes
581 3447 769 3527 profitebitur
796 3466 915 3508 carnem
938 3449 1062 3517 lactum,
1095 3445 1184 3505 alium
1212 3443 1333 3522 angelus

156 3570 276 3612 carnem
300 3553 446 3621 tutorum,
475 3549 500 3608 si
525 3568 584 3608 non
608 3559 636 3608 et
659 3549 782 3626 spiritns
806 3565 905 3608 sermo
929 3556 992 3617 est,
1026 3553 1055 3605 et
1077 3562 1177 3604 sermo
1201 3543 1333 3621 spiritus.

158 3652 244 3712 Sient
265 3670 335 3729 ergo
361 3670 459 3710 sermo
482 3649 529 3709 dei
552 3668 610 3707 non
635 3658 680 3708 est
702 3648 767 3727 ipse
790 3647 873 3707 cuius
897 3654 961 3718 est,
990 3645 1030 3705 ita
1058 3663 1113 3705 nee
1135 3643 1275 3723 spiritus,
1306 3649 1336 3704 et

158 3753 186 3813 si
210 3745 283 3812 deus
306 3752 401 3811 dietus
424 3760 484 3821 est,
519 3768 578 3808 non
604 3748 728 3808 ¹³tamen
752 3747 816 3825 ipse
845 3755 890 3807 est
919 3745 1002 3807 euius
1025 3753 1072 3806 est
1093 3744 1199 3805 dictus.
1250 3741 1334 3803 Nulla
1386 3771 1390 3776 ·

159 3872 210 3914 res
233 3852 355 3913 alieuius
378 3853 443 3930 ipsa
467 3859 513 3910 est
529 3849 618 3926 ,euius
643 3857 698 3909 est.
748 3847 839 3908 Plane
868 3866 934 3907 cum
963 3845 1032 3925 qnid
1062 3864 1097 3906 ex
1125 3845 1191 3924 ipso
1215 3851 1277 3916 est,
1305 3849 1336 3903 et

160 3954 204 4016 sic
226 3954 291 4014 eius
314 3963 375 4022 est,
399 3953 469 4012 dum
492 3970 526 4011 ex
550 3952 614 4028 ipso
638 3949 692 4020 sit,
725 3957 827 4028 potest
848 3947 905 4008 tale
928 3948 996 4026 quid
1021 3964 1088 4009 esse
1111 3945 1196 4024 quale
1218 3951 1248 4004 et
1269 3944 1336 4022 ipse

161 4075 195 4115 ex
219 4073 277 4133 quo
302 4063 349 4113 est
371 4063 399 4114 et
422 4053 505 4113 cuins
529 4061 583 4111 est.
629 4050 665 4109 Et
688 4050 754 4109 ideo
778 4049 901 4126 spiritus
926 4047 1045 4121 ¹⁴deus,
1073 4056 1103 4107 et
1125 4064 1226 4106 sermo
1249 4044 1336 4116 deus,
1402 4124 1408 4135 ι

161 4156 229 4234 quia
253 4173 287 4215 ex
310 4155 383 4226 deo,
407 4173 466 4213 non
491 4162 588 4212 tamen
612 4152 674 4230 ipse
698 4169 734 4212 ex
756 4143 823 4229 quo‘
839 4157 894 4210 est.
940 4147 1053 4219 ¹⁵0uod
1078 4146 1153 4208 deus
1175 4145 1239 4219 del,
1267 4153 1335 4206 tan-
1370 4206 1374 4210 ,

1389 3280 1394 3394 l

162 4309 185 4356 9.
206 4310 229 4357 in
249 4308 326 4356 lesum
346 4308 388 4355 tlt.
408 4307 471 4354 Laid.

232 4377 290 4436 Cap.
310 4375 385 4423 lllll'l.
432 4373 451 4419 l.
471 4372 631 4420 ridemnscd.
687 4370 708 4418 2
728 4371 865 4418 decurrisse
883 4369 907 4416 l.
927 4368 991 4415 Laid.
1043 4363 1066 4413 3,
1086 4363 1338 4413 manifestantem.

163 4442 428 4491 tremuerunt.
478 4440 500 4486 5.
522 4440 583 4487 idem
604 4442 635 4496 d,
656 4454 706 4486 com
724 4439 804 4488 Fulvio
825 4436 915 4484 Ursino.
963 4432 986 4482 6.
1006 4428 1130 4481 eulmdd.
1150 4432 1213 4481 leit.
1254 4429 1338 4478 'bro-

163 4512 256 4559 eabitur
275 4519 372 4557 sanetus
390 4513 414 4556 t.
434 4508 498 4555 teta.
561 4506 584 4554 8.
609 4506 776 4568 quod--
799 4504 925 4551 verebatur
948 4500 1115 4550 um..t.l.eid.
1177 4498 1201 4548 9.
1226 4496 1338 4560 spiritum

164 4579 201 4625 dei
221 4595 240 4627 c.
277 4579 377 4638 spiritns
396 4575 433 4622 dei
453 4576 513 4621 deus
532 4576 565 4634 d„
585 4589 635 4621 eum
653 4574 732 4621 l'nluio
745 4571 834 4620 Ursino.
883 4568 922 4618 ll).
941 4568 1008 4616 Sicut
1025 4568 1061 4616 cd.
1080 4568 1152 4627 beid„
1173 4573 1218 4614 tres
1228 4564 1340 4638 liutmun

164 4646 315 4707 Sicreliqni.
372 4643 409 4690 ll.
429 4643 517 4689 lactum
536 4643 560 4689 A.
580 4640 650 4689 leid..
698 4638 895 4700 lbspiritusn.
950 4633 1072 4684 13.enim
1089 4634 1198 4683 nteit.
1243 4629 1280 4679 14.
1301 4629 1339 4677 det

165 4715 225 4760 deus
244 4721 267 4760 et
285 4725 366 4760 sermo
385 4710 423 4757 dei
442 4710 502 4758 deus
521 4711 553 4768 d,
573 4709 636 4756 Furto.
649 4707 753 4755 Ursinus.
809 4705 846 4752 15.
867 4702 935 4761 Quod
954 4704 974 4751 si
993 4702 1025 4762 d.,
1046 4717 1096 4751 cvm
1113 4701 1194 4750 Fuluio
1214 4697 1305 4746 Ursino.

202 4814 217 4860 l.
239 4813 468 4861 demonstrationem
489 4808 596 4857 eiusdem
613 4809 689 4871 patris
709 4815 732 4856 et
749 4800 804 4868 lilii]
835 4804 887 4853 llos
912 4808 949 4852 est
972 4800 1035 4867 quod
1060 4809 1130 4866 pater
1153 4806 1176 4848 et
1194 4797 1258 4847 tllins
1276 4795 1340 4844 idem

168 4881 224 4930 sint.
257 4880 448 4942 breviloquentia
467 4877 624 4941 Septimiana.

200 4967 357 5008 Turuttttar
373 4977 424 5007 θΡΡ.
437 4974 583 5006 mom-H·
603 4960 666 5003 ΤΟΙΠ.
676 4957 704 5002 ll.
878 4932 883 4940 ε
1155 4947 1188 4997 44
