3242 5775
334 621 397 690 688
582 638 684 692 oumrr
705 637 835 683 unsrun
855 613 1021 683 nonninus
1043 636 1238 681 scurronum

333 799 419 873 pater
438 798 535 851 autem
556 802 678 851 manens
700 787 730 849 in
751 806 799 850 me
820 787 888 851 lacit
909 805 1009 866 opera.
1057 786 1114 849 Per
1141 805 1230 866 opera
1258 803 1329 867 ergo
1352 787 1495 850 virtutum

335 899 366 954 et
385 890 474 953 rerba
495 889 646 952 doctrinae
667 907 788 952 manens
810 890 840 951 in
868 888 928 949 lilio
956 898 1040 969 pater
1064 907 1119 968 per
1148 906 1181 949 ea
1207 887 1323 949 ridetur
1344 908 1400 969 per
1421 908 1495 969 quae

334 999 449 1062 manu.
471 998 501 1053 et
520 1010 575 1071 per
596 1008 662 1053 eum
684 990 714 1051 iu
736 1008 794 1071 quo
816 998 931 1063 manet,
953 1009 989 1051 ex
1008 988 1067 1052 lroc
1087 990 1154 1069 ipso
1176 997 1337 1070 apparente
1355 991 1495 1070 proprie-

196 1102 394 1163 reinnerus
415 1092 568 1172 utriusque
588 1109 752 1173 personae,
774 1091 844 1153 dum
866 1091 952 1166 dicit,
973 1091 1036 1170 Ego
1059 1110 1125 1153 sum
1141 1092 1170 1151 in
1186 1100 1286 1170 patre,
1310 1100 1339 1152 et
1361 1100 1447 1172 pater
1468 1092 1495 1153 iu

198 1211 318 1255 ursano.
335 1214 393 1258 me.
426 1195 520 1275 dtque
535 1193 624 1267 adeo,
647 1192 779 1267 Credite,
802 1192 851 1254 ait
884 1190 985 1265 Quid?
1017 1192 1062 1254 lde
1083 1201 1194 1272 patrem
1217 1190 1310 1254 esse?
1342 1192 1410 1253 Non
1426 1202 1495 1272 puto

259 1311 315 1357 nu.
337 1296 477 1377 scriptum
500 1312 585 1368 csse,
614 1293 684 1369 sed,
713 1294 788 1369 Quia
809 1312 865 1373 ego
887 1294 917 1355 in
939 1303 1037 1372 patre,
1071 1304 1100 1355 et
1120 1302 1204 1374 pater
1224 1294 1254 1355 in
1283 1312 1347 1365 rue,
1383 1294 1409 1354 si
1438 1313 1494 1373 quo

335 1399 451 1471 minus,
472 1396 518 1458 rel
538 1403 661 1475 propter
681 1413 771 1475 opera
793 1394 921 1469 credite,
951 1413 985 1456 ea
1006 1394 1107 1474 utique
1128 1413 1218 1474 opera
1240 1412 1294 1475 per
1316 1413 1392 1473 quae
1413 1404 1495 1474 pater

227 1524 234 1537 ·
334 1499 366 1562 in
386 1498 464 1571 lilio,
485 1515 546 1558 nou
567 1494 649 1569 usu,
672 1497 724 1559 sed
747 1514 839 1558 sensu
860 1495 1022 1557 ridebatur.

203 1621 325 1680 mgna.
418 1599 492 1660 Post
510 1597 676 1677 Philippum
699 1606 729 1660 et
749 1606 839 1659 totam
862 1596 1055 1659 substantiam
1085 1596 1267 1676 quaestionis
1301 1596 1389 1657 istius
1425 1616 1494 1677 quac

335 1701 366 1765 in
388 1701 476 1762 linem
500 1698 656 1780 evangelii,
686 1699 907 1779 'perseverant'
935 1699 965 1760 in
989 1699 1092 1760 eodem
1115 1717 1222 1777 genere
1245 1698 1411 1771 sermonis,
1440 1717 1494 1778 quo

198 1810 421 1885 ro.rrr‚1s.pater
442 1809 473 1863 et
491 1800 569 1863 filius
591 1799 621 1861 in
635 1818 688 1862 sua
702 1799 881 1880 proprietate
895 1799 1143 1879 'distinguuntur
1177 1799 1359 1861 Paracletum
1380 1818 1495 1879 quoquc

335 1923 352 1967 ι
373 1913 456 1986 patre
478 1920 511 1964 se
532 1900 765 1982 postulaturum,
787 1919 853 1962 cum
875 1901 1059 1963 ascendisset
1079 1901 1114 1963 ad
1134 1909 1263 1980 patrem,
1286 1909 1315 1961 et
1336 1901 1495 1963 missurum

221 1985 238 2042 ¹·
335 2002 522 2086 repromittit,
544 2002 703 2081 etquidem
723 2001 821 2065 elium.
850 2002 908 2065 Sed
922 2002 979 2064 iarn
994 2002 1200 2082 praemisimus
1216 2002 1366 2082 quomodo
1377 2002 1495 2063 aliumt.

225 2104 316 2212 ¹233}
338 2105 490 2178 Ceterum,
522 2103 565 2165 [le
586 2120 653 2165 meo
676 2110 788 2176 sumet,
818 2102 928 2182 inquit,
956 2104 1032 2166 sicut
1060 2104 1124 2183 ipse
1152 2104 1188 2164 de
1209 2104 1312 2182 patris.
1357 2103 1400 2164 lta
1425 2122 1495 2165 con·

336 2225 429 2270 nexus
458 2204 550 2286 patris
577 2204 608 2266 in
635 2204 695 2266 lllio
724 2211 754 2265 et
780 2203 832 2266 lilii
859 2205 890 2266 iu
917 2206 1065 2284 paracleto
1095 2213 1156 2265 tres
1179 2204 1267 2265 efficit
1289 2205 1494 2275 cohaerentes,

323 2308 459 2373 ¹alterum
488 2325 523 2369 ex
551 2306 654 2367 altero.
709 2305 766 2379 Oui
798 2313 860 2367 tres
887 2323 979 2367 uuum
1008 2315 1094 2378 sunt,
1130 2323 1189 2367 non
1219 2324 1311 2380 unus,
1347 2306 1494 2386 quomodo

223 2425 326 2480 ronst
338 2410 447 2473 dictum
475 2415 537 2480 est,
568 2407 630 2486 Ego
658 2414 688 2469 et
708 2414 792 2486 pater
818 2426 908 2468 unum
929 2425 1048 2481 sumus,
1077 2406 1113 2468 ad
1142 2407 1324 2468 substantiae
1345 2409 1496 2484 unitatem,

336 2529 396 2573 non
419 2510 454 2571 ad
476 2508 590 2570 numeri
613 2508 853 2588 singularitatem.
898 2508 1041 2570 Percurre
1062 2508 1171 2581 adhuc,
1201 2521 1230 2569 et
1257 2508 1391 2570 invenies
1416 2526 1496 2589 quem

221 2620 450 2694 n.1r.r.patrcm
465 2609 569 2671 credis
601 2609 675 2683 (vice
702 2610 794 2690 patris
822 2609 931 2671 dictum
960 2620 990 2671 et
1016 2619 1128 2688 patrem
1151 2609 1306 2688 agricolam
1328 2608 1449 2690 lotique
1470 2611 1496 2671 in

338 2720 414 2774 tenu
435 2720 467 2773 tu
488 2718 574 2789 putas
596 2709 718 2786 luisse),
740 2710 819 2772 hunc
839 2716 963 2773 rursus⁶
984 2710 1014 2771 in
1037 2710 1124 2796 caelis
1147 2731 1163 2771 a
1186 2711 1244 2772 filio
1267 2710 1405 2790 agnosci,
1434 2729 1495 2772 cum

187 2812 406 2883 ranunculus
426 2810 587 2892 respiciens
609 2810 770 2891 discipulos
794 2830 866 2873 suos
887 2812 962 2893 patri
983 2811 1127 2873 ‘tradidit
1183 2811 1241 2872 Sed
1270 2820 1299 2873 et
1327 2811 1354 2872 si
1383 2813 1414 2873 in
1442 2812 1496 2873 isto

214 2913 488 3013 nllvtfflevangelio
510 2931 571 2974 non
591 2913 655 2975 'est
675 2913 849 2987 revelatum,
871 2913 951 2983 Bous
966 2933 1066 2984 meus.
1090 2914 1126 2975 ad
1148 2914 1216 2993 quid
1231 2933 1278 2974 me
1293 2911 1497 2993 dereliquisti?

214 3000 318 3114 afflig
339 3023 385 3089 et,
412 3015 514 3087 Pater,
543 3014 573 3075 in
600 3013 659 3075 tuis
687 3013 823 3075 manibus
851 3013 968 3094 depono
995 3015 1130 3094 spiritum
1159 3034 1273 3087 meum,
1303 3024 1403 3077 tamen
1431 3024 1498 3095 post

280 3102 286 3123 '
339 3115 585 3178 resurrectionem
608 3113 804 3176 ct·⁸devictae
825 3115 947 3194 gloriam
975 3115 1096 3189 mortis,
1130 3117 1260 3195 exposita
1282 3115 1497 3178 'necessitate‘

338 3217 436 3280 omnis
458 3215 644 3290 humilitatis,
677 3235 743 3278 cum
765 3216 822 3278 iam
845 3225 958 3297 patrem
981 3236 1013 3279 se
1034 3226 1139 3297 posset
1160 3218 1318 3279 ostendere
1341 3226 1399 3279 tarn
1422 3218 1497 3279 ddeli

337 3319 478 3393 feminac,
501 3337 537 3380 ex
557 3317 728 3391 dilectione,
750 3336 810 3379 non
834 3337 868 3379 ex
891 3318 1060 3379 curiositate
1077 3337 1132 3379 nec
1146 3338 1179 3379 er
1197 3319 1399 3382 incredulitate
1415 3320 1497 3381 'lho-

205 3442 325 3497 numa.
338 3439 418 3491 mae,
440 3429 561 3499 tangere
582 3435 649 3481 eum
671 3419 844 3499 adgressae,
876 3419 934 3492 Ne,
956 3420 1066 3499 inquit,
1097 3420 1253 3498 contigeris
1275 3440 1339 3493 me,
1366 3421 1497 3482 nondum

237 3550 239 3555 ·
338 3521 458 3585 ascendi
479 3521 514 3583 ad
536 3530 648 3601 patrem
671 3538 783 3594 meum,
806 3520 879 3582 rade
901 3529 997 3581 autem
1019 3522 1053 3581 ad
1077 3522 1183 3582 iratres
1206 3540 1288 3582 meos
1304 3522 1410 3602 (⁸quin
1425 3523 1497 3584 etin

338 3624 395 3686 hoe
416 3624 506 3685 lilium
528 3621 684 3693 ostendit·‚
707 3621 784 3682 lilios
807 3621 885 3682 enirn
908 3621 1087 3701 appellasset
1108 3623 1189 3695 illos,
1220 3623 1243 3682 si
1266 3631 1349 3701 pater
1374 3625 1497 3697 luisset),

339 3733 369 3785 et
389 3724 469 3785 dices
491 3723 550 3797 eis,
580 3722 715 3785 dscendo
737 3722 772 3784 ad
794 3731 908 3802 patrem
930 3740 1027 3783 meum
1051 3730 1080 3783 et
1100 3734 1213 3802 patrem
1235 3733 1384 3798 restrum,
1413 3726 1496 3787 deun

337 3842 436 3887 mcum
457 3830 487 3883 et
507 3821 594 3884 deurn
616 3830 757 3885 vestrum.
800 3824 885 3885 Pater
905 3823 942 3884 ad
963 3833 1092 3904 patrem,
1116 3835 1145 3885 ct
1166 3825 1238 3886 deus
1261 3825 1297 3885 ad
1320 3825 1436 3890 deum?
1464 3846 1496 3888 an

407 3976 464 4038 Cap.
482 3974 546 4024 XXV.
591 3973 612 4023 l.
631 3985 766 4038 perseverat
784 3978 895 4047 Latinitas.
958 3976 981 4025 2.
1005 3978 1165 4039 distinguntur
1189 3980 1220 4038 d.,
1240 3995 1289 4028 com
1308 3980 1391 4029 Fulvio
1411 3981 1497 4031 tlrriac.

339 4043 490 4104 distinguitur
505 4041 592 4093 Adule.
610 4043 673 4093 leid.
734 4043 757 4094 3.
775 4047 808 4094 uti
827 4059 897 4108 quem
916 4046 970 4094 edit.
989 4047 1106 4110 leopoldi.
1147 4056 1169 4094 et
1194 4061 1263 4109 quem
1288 4047 1325 4095 Fr.
1340 4049 1432 4097 leuior.
1476 4048 1496 4096 l.

339 4110 411 4159 tradit
428 4115 459 4170 d.,
478 4126 529 4160 com
537 4111 616 4160 Fuluio
628 4112 717 4162 llrrioc.
757 4111 780 4161 d.
800 4121 865 4162 essct
883 4114 915 4175 d,
934 4128 984 4162 cum
996 4114 1075 4163 fulcio
1088 4115 1177 4163 Ursino.
1218 4114 1241 4163 6.
1261 4113 1367 4164 deriotse
1386 4117 1463 4178 gloria
1475 4115 1497 4164 d.

340 4179 427 4227 deuicta
446 4177 519 4240 gloria
538 4181 563 4228 l.
582 4180 645 4229 leid.
697 4180 720 4229 t.
740 4181 906 4230 necessitatem
925 4180 949 4228 u.
995 4180 1018 4230 8.
1038 4184 1092 4243 quin
1113 4184 1175 4230 etin
1194 4182 1283 4230 hocse
1302 4181 1379 4231 illium
1400 4186 1432 4244 d,
1452 4200 1497 4234 ces

340 4247 418 4296 Fuluio
437 4247 525 4297 Ursino.
561 4249 810 4312 spiculatores.)
829 4250 851 4297 iu
870 4248 917 4297 lroc
934 4249 1007 4298 illium
1025 4249 1110 4300 Adule.
1130 4251 1192 4298 leid.

374 4382 430 4445 Cap.
448 4383 512 4432 xxt.
552 4399 572 4433 s.
591 4378 756 4448 perseverant]
779 4382 810 4431 Ea
830 4397 890 4445 quse
974 4383 997 4433 d.
1016 4386 1122 4447 exposita
1148 4380 1301 4448 uetessitate]
1327 4386 1451 4450 Exposita,
1477 4385 1496 4432 id

339 4448 393 4498 inde
406 4458 546 4512 sequnntur,
564 4450 671 4514 usquein
684 4451 754 4499 llnem
768 4450 891 4512 euangelii,
941 4459 977 4501 est
1000 4452 1115 4514 deposita.
1162 4453 1197 4501 ct.
1222 4453 1274 4501 Adr.
1295 4454 1386 4503 Valent.
1412 4453 1495 4518 rapi.

340 4527 491 4581 perseverant
514 4519 537 4567 in
556 4519 640 4567 codem
659 4532 746 4580 genere
763 4520 889 4568 sermonis
941 4519 974 4569 De
993 4520 1089 4569 Resurr.
1109 4521 1192 4570 Carnis
1211 4537 1262 4582 cop.
1274 4520 1315 4569 45.
1335 4531 1357 4570 et
1379 4523 1483 4585 cupiit.

373 4584 395 4633 b.
422 4585 468 4634 Sed
495 4587 541 4634 iam
574 4587 740 4648 praemisimus
769 4587 890 4650 quomodo
975 4603 995 4636 s.
1015 4589 1101 4636 inlroc
1120 4590 1193 4637 tilruru
1218 4585 1334 4650 ostendit}
1361 4589 1442 4639 Druleri
1460 4606 1496 4638 ro·

340 4650 432 4715 alium]
452 4653 487 4702 ΕΓ.
506 4668 577 4716 supra
597 4653 696 4716 cupid.
940 4655 1017 4703 colom
1036 4672 1068 4709 se,
1097 4657 1244 4719 septimiano
1264 4658 1360 4720 quidem
1380 4658 1438 4706 stilo
1457 4659 1496 4706 mi·

373 4737 393 4769 c.
412 4721 474 4769 hrrnc
493 4716 586 4785 rursus]
604 4721 699 4781 llnlgstr
717 4721 836 4771 distinctio
855 4728 891 4770 est
940 4726 1003 4771 nime
1028 4739 1195 4772 necessariam.
1245 4727 1280 4772 ΕΙ.
1305 4741 1367 4788 quae
1393 4728 1497 4775 adnotsn

340 4797 448 4851 „patrem
467 4789 553 4849 credis,
571 4792 620 4837 rite
637 4789 712 4852 patris
730 4790 826 4839 dicturo.
863 4789 890 4838 Et
941 4791 969 4841 ad
995 4791 1027 4841 lle
1054 4791 1113 4852 virg.
1139 4792 1234 4841 leland.
1261 4808 1313 4857 cap.
1329 4793 1368 4842 15.
1396 4802 1420 4844 et
1446 4795 1495 4844 ldr.

338 4865 430 4920 patrem
448 4880 521 4892 -—
540 4857 622 4906 tuisse.
646 4856 713 4907 Hunc
723 4857 824 4922 ηψπ·
836 4848 889 4907 cclt.
941 4859 1011 4910 llere.
1023 4859 1069 4921 il,
1079 4860 1120 4909 to.
1136 4913 1141 4922 ,
1464 4850 1474 4873 ⁰
