3242 5775
283 585 347 650 stu
532 597 635 650 oumrr
653 595 790 642 suerrum
809 594 977 639 rmusurrs
999 593 1197 642 usuummm

286 751 401 815 etiamn
422 747 473 827 qui
493 764 558 809 mm
581 744 701 825 negabit
722 763 810 825 quern
839 745 1018 807 confitentur
1039 742 1231 819 Christiani,
1252 752 1283 807 et
1303 744 1353 808 bis
1375 763 1469 827 sugn-

285 849 395 929 mentis
417 847 537 927 negabit
563 846 671 927 quibus
702 844 823 908 ¹⁸utitur
851 863 914 907 non
940 844 1138 908 Christianus.
1187 844 1467 927 ¹'tiulerdenique

211 950 214 956 ’
284 949 441 1014 haereticis
465 949 567 1028 ¹⁷(guae
589 966 655 1009 cum
678 946 806 1009 ethnicis
830 946 967 1027 sapiunt,
991 953 1024 1007 ut
1045 946 1083 1008 de
1104 946 1262 1026 scripturis
1279 946 1355 1009 solis
1371 966 1466 1028 quse·

176 1109 186 1122 x
284 1050 402 1112 stiones
431 1067 501 1111 suas
524 1047 672 1120 ¹⁸sistant,
706 1056 736 1110 et
763 1055 844 1110 stare
871 1066 933 1110 uon
961 1055 1112 1128 poterunt.
1172 1045 1354 1120 Communes
1385 1049 1467 1112 enirn

284 1168 395 1213 sensus
424 1149 596 1230 simplicitas
623 1148 688 1228 ipsa
717 1139 906 1210 commendit
933 1156 963 1210 et
991 1147 1162 1227 compassio
1191 1148 1410 1211 sententiarum
1437 1157 1467 1212 et

285 1250 467 1313 familiaritas
490 1249 681 1331 opinionum,
703 1267 800 1328 eoque
817 1249 992 1312 ¹⁹iideliores
1008 1249 1230 1324 existimantur,
1254 1249 1323 1329 quia
1340 1250 1421 1312 nuda
1435 1259 1467 1313 et

283 1360 385 1432 aperta
407 1361 438 1413 et
459 1349 598 1412 omnibus
620 1358 691 1410 nota
712 1349 868 1410 definiunt
918 1348 1004 1411 Ratio
1034 1357 1133 1411 autern
1162 1349 1259 1411 divina
1281 1352 1313 1412 in
1335 1352 1465 1414 medulla

283 1451 376 1526 ”est,
398 1470 460 1513 non
482 1451 513 1511 in
535 1450 710 1530 superficie,
733 1457 764 1511 et
784 1450 960 1530 plerumque
982 1450 1096 1513 aemula
1119 1450 1295 1514 manifestis.

165 1562 264 1621 captu.
367 1551 468 1631 ltaque
490 1550 631 1622 haeretici
653 1549 722 1613 inde
744 1550 845 1612 statim
859 1550 1021 1632 incipiunt,
1045 1560 1075 1620 ct
1089 1552 1158 1614 inde
1172 1560 1384 1632 praestruunt,
1407 1552 1462 1615 de-

143 1663 150 1678 '
216 1633 220 1640 ¹
282 1653 353 1716 hino
375 1636 604 1725 2interstruunt,
627 1650 705 1713 unde
728 1651 826 1712 sciunt
846 1650 931 1712 facile
954 1651 1019 1730 capi
1040 1660 1176 1726 montes,
1199 1653 1236 1714 de
1250 1653 1462 1716 communione

282 1752 437 1817 favorabili
458 1769 611 1813 sensuum.
647 1751 691 1814 dn
714 1750 793 1813 aliud
816 1751 901 1831 prius
923 1751 969 1813 vel
990 1750 1085 1831 magis
1107 1752 1211 1815 audias
1233 1752 1288 1814 ’ab
1311 1754 1460 1817 haeretico

284 1872 371 1936 quam
392 1853 429 1915 ab
452 1850 597 1915 ethnico?
626 1859 656 1914 et
676 1850 751 1913 ’non
772 1851 912 1932 protinus
935 1860 966 1913 et
987 1870 1048 1912 non
1071 1851 1181 1933 ubique
1204 1852 1371 1916 convicium
1393 1873 1459 1917 car·

282 1955 346 2030 nis,
370 1954 401 2015 in
424 1952 589 2033 originem,
612 1951 643 2013 in
666 1952 835 2025 materiam,
859 1952 1030 2025 incusum,
1053 1952 1084 2013 in
1107 1971 1228 2014 omnem
1250 1954 1363 2017 exitum
1384 1954 1460 2029 eius,

282 2055 452 2118 immundae
473 2073 489 2115 n
512 2052 676 2133 primordio
699 2072 736 2114 cx
756 2052 889 2114 faecibus
905 2061 1019 2126 terrae,
1042 2052 1250 2116 immundioris
1266 2055 1411 2137 deinceps
1426 2074 1460 2118 ex

283 2154 408 2217 seminis
431 2154 477 2217 sui
500 2153 588 2228 limo,
616 2152 754 2227 frivolae,
783 2152 934 2227 infirmae,
963 2152 1157 2227 criminosae,
1186 2154 1370 2231 ⁴onerosae,
1392 2176 1459 2220 nto·

280 2254 389 2330 iustae,
425 2263 552 2335 etpost
580 2262 674 2316 totum
702 2252 895 2333 ignobilitatis
924 2253 1070 2333 elogium·
1098 2254 1232 2316 caducae
1255 2256 1285 2316 in
1314 2258 1460 2339 originem

282 2362 392 2417 terram
414 2365 444 2417 et
465 2355 616 2417 cadaveris
637 2373 764 2428 nomen,
787 2361 817 2415 et
838 2352 877 2415 de
898 2354 956 2416 isto
978 2372 1098 2434 quoque
1119 2355 1242 2418 nomine
1256 2358 1409 2437 periturae
1430 2359 1461 2420 in

281 2456 395 2518 nullum
416 2456 486 2517 inde
507 2457 564 2518 iem
588 2474 714 2529 nomen,
736 2455 768 2516 in
783 2455 883 2517 omnis
899 2455 974 2517 ⁸iam
990 2456 1123 2517 vocabuli
1137 2456 1309 2520 morteml?
1339 2459 1460 2522 Hancne

283 2574 355 2635 ergo
377 2555 440 2616 ‘vir
462 2557 582 2637 sapiens
605 2564 635 2618 et
655 2555 732 2616 risui
762 2564 792 2616 et
814 2556 961 2618 contactui
990 2565 1020 2617 et
1048 2557 1215 2618 recordatui
1244 2566 1296 2620 tuo
1326 2569 1462 2641 ereptam

235 2703 242 2712 .
281 2653 481 2735 'persuadere
502 2654 564 2729 ris,
597 2655 678 2733 quod
700 2673 735 2717 se
756 2665 911 2736 receptura
933 2656 1109 2736 quandoque
1138 2658 1231 2719 sitin
1252 2660 1403 2739 integrum
1424 2660 1461 2722 de

280 2763 441 2835 corrupto,
475 2754 506 2815 in
528 2754 657 2818 solidum
679 2756 716 2818 de
738 2774 843 2831 casso,
876 2756 908 2817 in
928 2756 1049 2836 plenum
1071 2758 1108 2820 do
1129 2759 1260 2833 inanito,
1297 2760 1329 2822 in
1351 2760 1462 2841 aliquid

282 2849 406 2919 omnino
427 2854 466 2916 de
487 2853 606 2930 nihilo·,
630 2864 660 2919 et
681 2856 783 2937 utique
804 2856 1047 2920 'redhibentibus
1069 2856 1154 2921 ⁹uam
1178 2859 1296 2940 ignibus
1320 2869 1352 2924 et
1372 2862 1462 2927 undis

283 2963 313 3017 et
334 2954 433 3016 ”alvis
462 2955 590 3016 serarum
619 2964 649 3018 et
678 2957 799 3019 nrumis
822 2958 923 3019 alitum
946 2969 976 3021 ct
997 2958 1121 3022 lactibus
1143 2960 1290 3042 piscium*
1321 2971 1352 3024 et
1372 2962 1459 3044 ipso·

281 3072 350 3117 rum
372 3052 568 3133 ¹’temporum
591 3056 713 3135 propriu
734 3056 825 3137 gula?
867 3059 990 3122 Adeone
1018 3069 1116 3123 nutem
1146 3063 1248 3124 eudem
1271 3063 1462 3143 sperabitur·

285 3238 325 3290 tu.
343 3247 443 3290 utuntur
460 3254 509 3290 uon
528 3238 658 3290 Christitui
677 3241 728 3290 cod.
745 3244 920 3295 ludimur.
981 3245 1018 3295 tt.
1038 3246 1111 3296 luier
1128 3247 1268 3311 Admgubcd.
1310 3248 1400 3300 lulers
1418 3249 1472 3301 30(

182 3313 190 3328 ‘
284 3306 325 3357 ll.
343 3321 406 3372 quau
424 3318 479 3358 cnm
497 3308 600 3357 ethnicis
618 3307 670 3357 bed.
705 3321 872 3375 quaecumque
889 3312 977 3373 ethuici
996 3313 1055 3363 tur.
1069 3321 1115 3380 tres
1131 3316 1242 3366 Vulcani
1278 3314 1320 3366 ts.
1338 3316 1462 3368 instruent

283 3376 397 3426 hatinies.
451 3374 491 3425 tt.
509 3374 634 3425 fideliores
654 3374 715 3436 Coto.
768 3375 811 3424 20.
829 3383 964 3430 esturmi.

350 3442 410 3505 Cup.
428 3443 465 3492 li.
510 3443 533 3493 1.
552 3443 691 3504 iugstrnunt
707 3443 733 3491 t.
774 3443 943 3496 inconstrnunt
967 3447 992 3496 B.
1053 3446 1078 3498 2.
1096 3455 1144 3498 tum
1163 3449 1193 3498 ab
1213 3450 1335 3501 haeretico
1353 3452 1389 3513 d,
1409 3461 1462 3502 otest

280 3510 362 3561 rudo
381 3511 472 3560 Ursino.
525 3507 549 3558 3.
568 3522 616 3557 nou
635 3508 747 3571 protinus
765 3526 810 3560 om.
821 3512 844 3560 b.
879 3512 967 3564 liabent
984 3515 1077 3579 reliqui,
1097 3523 1119 3565 et
1136 3517 1303 3567 tresi'utiourti.
1353 3517 1379 3569 4.
1397 3533 1461 3570 unu·

280 3589 355 3627 roste
372 3577 453 3625 ΜΒ.
512 3576 536 3625 b.
555 3575 663 3625 vocabuli
683 3575 729 3624 istu
747 3578 773 3627 t.
826 3576 850 3626 b.
870 3579 1023 3631 virtitute.
1065 3583 1099 3632 rie
1124 3585 1148 3632 d.
1202 3583 1225 3632 l.
1250 3586 1401 3648 persuadere
1425 3586 1461 3636 riu

281 3643 346 3708 quod
364 3658 396 3704 u,
416 3645 445 3692 de
462 3644 530 3692 libris
548 3643 667 3705 Gungsei'c
701 3644 859 3706 persuadere,
883 3646 948 3708 quod
965 3649 1058 3713 reliqui.
1111 3648 1134 3699 8.
1154 3651 1319 3702 rubibontibus
1337 3653 1364 3703 t.
1400 3653 1462 3705 reti·

280 3709 394 3760 bentibus
412 3714 437 3761 A.
473 3709 639 3759 rebibeutibns
658 3708 681 3760 G.
733 3710 756 3761 ll.
776 3726 804 3760 ea
824 3712 969 3774 imugiuibos
986 3715 1048 3765 tto,
1103 3716 1301 3769 tudinem.
1328 3720 1388 3771 tt.
1407 3721 1462 3773 rui·

281 3776 320 3826 uis
336 3776 399 3828 tue.
452 3775 492 3825 12
511 3784 648 3841 temporum
667 3778 784 3828 mm.
819 3779 914 3829 Addidit
929 3783 1029 3844 mierum
1047 3785 1075 3833 de
1093 3786 1143 3836 suit
1161 3787 1229 3837 codd.
1248 3787 1389 3850 omne

314 3907 376 3971 Cup.v
393 3907 429 3958 lV.
457 3923 479 3958 u.
498 3909 654 3972 ignobilitatis
664 3906 784 3977 elogiuml
803 3911 842 3962 Gi.
894 3913 1128 3976 ensentttuto:
1145 3918 1198 3979 „ltu
1218 3920 1264 3969 eibi
1282 3921 1463 3975 meiritsteru·

280 3974 372 4025 uduott
390 3975 420 4025 ad
439 3975 473 4024 ils
492 3976 587 4027 Corone
606 3978 693 4042 cuph.
895 3981 935 4030 nio
962 3980 1022 4032 lauis
1048 3985 1178 4035 luctibus.“
1221 3987 1302 4038 (iloss.
1334 3988 1461 4041 Philoxeni

314 4042 338 4092 b.
363 4042 387 4092 iu
414 4044 493 4092 omnis
511 4046 558 4093 ism
576 4044 685 4095 vocabuli
703 4042 831 4097 mortun?
894 4062 925 4112 pu
943 4084 949 4097 .
964 4047 1020 4100 129.
1044 4051 1126 4100 lule:
1153 4053 1269 4127 abactas,
1297 4049 1377 4118 lapsi
1402 4054 1462 4105 scir

279 4107 373 4158 Etenim
398 4111 487 4160 mortui
511 4111 624 4162 desinunt
648 4128 704 4163 esse
727 4114 825 4179 quicqui
894 4126 932 4162 σπ
957 4107 1068 4181 'nrum
1095 4113 1178 4166 λεπτα
1201 4110 1298 4187 impu
1317 4120 1380 4170 uuir
1402 4115 1460 4190 tpt·

281 4175 337 4225 dunt
363 4177 468 4227 virerent
490 4179 636 4230 vocabuntur
663 4189 687 4229 et
711 4181 758 4230 ism
785 4189 843 4231 suut
893 4189 993 4249 φων.“
1038 4186 1117 4235 Gloss.
1143 4185 1224 4248 Cyrilli
1255 4187 1351 4250 pum.
1376 4190 1460 4243 Vtile-z

280 4242 349 4292 uuili.
385 4244 445 4293 rttn,
464 4245 492 4295 ll.
510 4246 538 4295 N.
557 4248 578 4296 ll
597 4242 734 4312 [eup.bb.l,
752 4249 793 4299 nbi
811 4249 842 4300 de
893 4245 1003 4313 „dodoi
1020 4250 1076 4299 τῶν
1092 4246 1220 4318 ἐντέρων,
1240 4253 1377 4308 baetulos.
1400 4258 1461 4309 Siu-

279 4317 363 4359 nutora
382 4319 468 4362 terrae.
487 4314 594 4376 (Rigalt.)
893 4317 976 4379 gulure
995 4334 1042 4370 non
1063 4321 1160 4370 iabou·
1206 4322 1331 4372 ononsst
1350 4325 1459 4375 Graecu-

313 4391 334 4426 e
353 4377 376 4426 iu
395 4378 486 4442 aliquid
510 4383 610 4430 omniuo
635 4380 665 4432 de
689 4378 778 4448 nihilo]
805 4382 842 4436 Cl.
893 4385 943 4435 hut
962 4386 1000 4436 ed.
1019 4387 1086 4436 Volo.
1104 4403 1128 4451 p.
1138 4387 1185 4438 tu:
1202 4391 1313 4450 „iodea
1330 4386 1458 4455 μισητί-

278 4444 378 4505 Gregor.
389 4444 457 4507 Nyss.
472 4447 505 4496 De
518 4448 581 4513 Opil.
593 4448 662 4498 ilum.
673 4449 841 4514 supplete.
892 4458 989 4517 ptor.“
1034 4455 1143 4505 Glossur.
1161 4455 1212 4505 Lat.
1237 4457 1267 4506 ab
1285 4458 1377 4521 lugeto
1396 4459 1459 4510 usto

311 4510 335 4560 d.
354 4510 457 4561 luctibus
475 4510 591 4579 piscium]
609 4516 670 4566 Plio.
683 4517 747 4568 lili.
761 4517 839 4579 Ml
892 4520 948 4570 edit
968 4522 991 4570 in
1009 4523 1086 4572 luctt
1105 4521 1184 4572 Closs.
1202 4524 1330 4586 turnilll,
1357 4524 1459 4589 gum:

277 4576 330 4638 „db
347 4577 394 4628 hoe
412 4581 544 4659 ventriculo
562 4583 634 4661 luctus
658 4585 682 4634 in
700 4584 798 4662 homins
817 4594 841 4635 et
890 4589 1001 4649 Μῶα,
1029 4603 1087 4680 pprs
1111 4590 1291 4653 intestinorum,
1318 4593 1384 4643 undu
1410 4594 1460 4645 buc

275 4649 839 4792 bilingueqgiibti:''uolgatiobriuiuiistieriieid
891 4656 1048 4771 mimelii'iriit
1068 4722 1217 4789 sperubitorl
1235 4725 1273 4777 et
1289 4726 1352 4777 inira
1370 4727 1459 4792 cupb.

223 4797 225 4805 ·
277 4778 373 4845 ulrum“
392 4789 448 4832 cett.
484 4783 724 4845 coriosopitum.
760 4788 838 4837 l'lsut.
891 4798 915 4840 et
933 4789 1035 4853 caph&
