3242 5775
223 590 228 596 ’
293 595 333 657 16
544 609 646 662 quiunt
670 611 802 653 SEPTml
824 611 990 654 ruentium
1012 609 1210 655 TBRTULLIAM

290 759 434 822 debemus
455 758 628 832 ¹'refutare‚
650 766 683 820 ut
703 759 798 821 sciant
820 776 876 820 nos
899 777 960 820 non
982 755 1117 834 Christo,
1150 761 1206 821 sed
1226 761 1283 823 sibi
1306 772 1461 843 negatores

292 880 371 922 esse.
401 859 473 921 Cum
495 859 572 921 enim
596 869 741 939 quaerunt
754 861 859 930 adbuc,
880 859 1014 921 nondum
1036 868 1154 935 tenent;
1176 880 1242 923 cum
1258 872 1360 925 autern
1375 863 1461 928 ¹'nou

290 969 408 1044 tenent,
442 961 574 1022 nondum
601 961 807 1033 crediderunt3
842 960 937 1022 ”cum
966 968 1063 1022 autem
1096 962 1230 1024 nondum
1262 964 1460 1038 crediderunt

230 1079 238 1085 ·
290 1081 351 1123 non
373 1070 442 1123 sunt
464 1061 630 1122 Christiani.
674 1062 710 1121 dt
733 1081 798 1122 eum
822 1068 924 1122 tenent
945 1062 1064 1140 quidem
1092 1070 1122 1123 et
1144 1065 1283 1139 eredunt,
1312 1078 1460 1143 quaereu-

290 1163 361 1224 dum
389 1170 485 1223 tamen
515 1162 629 1233 dicunt,
663 1170 696 1222 ut
723 1162 891 1223 defendant.
949 1163 1112 1240 Antequam
1144 1164 1320 1239 defendant,
1354 1173 1459 1244 negant

289 1261 397 1342 ³¹quod
420 1263 597 1324 confitentur
618 1281 651 1322 se
673 1262 805 1323 nondum
828 1261 1003 1336 credidisse,
1026 1262 1095 1324 dum
1118 1274 1272 1343 quaerunt.
1308 1263 1367 1337 Qui
1391 1283 1459 1345 ergu

289 1382 344 1425 nec
370 1362 428 1425 sibi
451 1371 521 1424 sunt
542 1362 717 1433 Christiani,
745 1372 856 1441 quanto
878 1364 973 1442 magis
994 1363 1107 1424 nobis?
1152 1365 1209 1438 Qui
1236 1384 1292 1444 per
1319 1365 1458 1428 fallaciam

287 1464 426 1536 veniunt,
454 1463 569 1542 qualem
601 1462 689 1523 iidem
718 1462 894 1542 disputant?
937 1464 990 1525 Cui
1018 1464 1132 1526 veritati
1159 1468 1384 1545 patrocinantur
1410 1466 1458 1547 qui

288 1584 352 1627 eam
380 1584 396 1625 a
424 1564 578 1625 mendacio
605 1562 801 1624 ”inducunt‘l
842 1562 931 1626 ³³Sed
957 1565 1013 1644 ipsi
1042 1565 1079 1626 de
1107 1567 1261 1645 scripturis
1295 1578 1402 1646 agunt,
1431 1576 1458 1629 et

287 1668 325 1728 de
352 1664 508 1743 scripturis
536 1662 675 1725 suadent!
719 1663 871 1726 “Aliunde
902 1665 1015 1727 scilicet
1042 1666 1124 1746 loqui
1151 1675 1279 1747 possent
1307 1668 1457 1730 derebus

288 1766 373 1838 fidei,
395 1766 455 1826 nisi
478 1784 512 1826 ex
534 1765 641 1825 litteris
663 1763 755 1826 fidei?

373 1866 513 1927 Venimus
536 1866 640 1944 ¹igitur
661 1866 696 1926 ad
718 1865 918 1946 propositum.
968 1865 1050 1927 ’llos
1071 1868 1150 1928 enim
1172 1867 1390 1948 ³dirigebamus
1412 1869 1457 1932 ⁴et

287 1968 346 2029 boc
366 1966 627 2047 praestruebamus
649 1966 852 2027 ‘allocutionis
873 1966 1088 2046 “praelatione
1125 1976 1158 2028 ut
1187 1968 1243 2029 iam
1271 1970 1342 2029 binc
1362 1970 1401 2030 de
1421 1987 1457 2031 eu

287 2068 513 2146 congrediamur
534 2068 571 2128 de
593 2085 651 2146 quo
674 2066 834 2128 adversarii
855 2076 1028 2146 provocant.
1083 2068 1252 2147 Scripturas
1281 2068 1456 2144 obtendunt

287 2176 318 2230 ct
337 2170 393 2230 bac
414 2186 467 2229 sua
490 2167 609 2229 audacia
632 2167 731 2228 statim
761 2168 908 2247 quosdam
936 2178 1066 2229 movent.
1124 2168 1157 2228 ln
1186 2169 1253 2247 ipso
1282 2189 1352 2231 rero
1382 2189 1456 2232 eon·

286 2287 393 2348 gressu
414 2270 518 2330 firmos
540 2267 660 2346 quidem
681 2268 818 2347 latigant,
841 2267 975 2330 infirmos
998 2268 1132 2348 capiunt,
1155 2268 1270 2330 medios
1286 2289 1353 2332 cum
1370 2289 1456 2333 scru-

284 2371 356 2449 pulo
379 2369 538 2432 dimittunt.
593 2369 679 2430 llune
699 2370 789 2447 igitur
809 2370 1000 2448 potissimum
1023 2369 1144 2448 gradum
1167 2370 1369 2431 obstruimus·
1397 2389 1456 2432 nou

285 2470 475 2532 'admittendi
502 2488 556 2531 eos
584 2470 621 2530 ad
642 2470 746 2531 ‘ullam
776 2469 813 2531 de
840 2470 995 2549 scripturis
1023 2469 1266 2549 disputationem.
1319 2470 1372 2532 ⁹si
1402 2472 1456 2534 bae

286 2578 357 2631 sunt
382 2570 448 2630 illae
475 2569 555 2630 rires
584 2587 704 2642 eorum,
740 2570 808 2631 ¹⁰uti
838 2589 889 2633 eas
917 2570 1028 2631 babere
1057 2571 1192 2648 possint,
1230 2569 1334 2649 dispici
1358 2572 1456 2645 debet,

286 2669 359 2731 ¹¹cui
382 2677 529 2748 competat
549 2671 705 2749 possessio
733 2671 961 2750 seripturarum,
995 2689 1034 2732 ne
1056 2670 1082 2732 is
1104 2670 1274 2732 admittatur
1295 2670 1331 2732 ad
1356 2671 1456 2734 ¹¹eas⁵

286 2771 334 2833 cui
356 2770 439 2832 nullo
461 2770 551 2830 modo
575 2771 725 2849 competit.

150 2901 265 2960 cmm,
370 2871 435 2934 lloc
456 2871 492 2932 de
514 2871 640 2932 consilio
662 2871 841 2933 diffidentiae
863 2878 913 2933 aut
934 2870 972 2934 de
993 2871 1092 2934 studio
1115 2868 1358 2934 aliterineundae
1380 2891 1456 2934 con-

286 2973 450 3034 stitutionis
489 2971 683 3044 induxerim¹‚
721 2972 781 3032 uisi
814 2972 889 3033 ratio
923 2973 1092 3034 constiterit
1125 2971 1259 3052 inprimis
1290 2970 1339 3032 illa
1375 2972 1457 3052 quod

285 3074 359 3136 tides
392 3081 496 3135 nostra
526 3071 702 3151 obsequium
735 3072 873 3151 apostolo
904 3072 1026 3147 debeat,
1058 3073 1229 3152 prohibenti
1261 3073 1456 3151 quaestiones

143 3159 378 3265 ¹{ssfflgjinirm
411 3174 498 3234 noris
526 3173 648 3234 vocibus
676 3191 764 3234 aures
792 3172 1032 3248 accommodare,
1065 3173 1245 3235 haereticum
1273 3181 1344 3253 post
1366 3191 1456 3234 unam

285 3359 325 3410 28.
345 3368 456 3422 reputare
473 3361 515 3409 dd.
556 3357 597 3408 29.
615 3373 663 3407 uon
683 3373 730 3407 non
748 3362 896 3423 teuentdrp.
932 3359 1038 3409 noudum
1056 3365 1139 3408 teuent
1156 3358 1336 3407 Hildebroridue.
1372 3365 1456 3408 teuent

284 3428 329 3478 BG.
368 3427 409 3476 30.
429 3442 483 3475 eum
502 3435 581 3474 autem
606 3427 712 3473 nondum
738 3425 893 3473 erediderunt
916 3426 1031 3474 amulii&
1089 3424 1129 3474 31.
1155 3424 1218 3486 quod
1243 3427 1389 3472 comitentur
1412 3427 1456 3474 Ad.

264 3496 348 3560 ,quod
368 3495 468 3543 credunt
485 3494 627 3542 condientes
645 3492 736 3554 reliqui.
789 3489 830 3539 32,
849 3491 957 3539 indicunt
975 3491 1089 3540 Seurlerus
1100 3490 1268 3555 etle'opoldus,
1287 3492 1365 3538 nescio
1385 3495 1456 3542 unde

284 3561 325 3611 33.
344 3562 389 3623 ipsi
408 3559 478 3608 etde
496 3576 515 3608 c.
551 3567 574 3608 et
593 3559 639 3622 ipsi
658 3559 687 3607 de
706 3560 727 3607 b.
762 3557 809 3606 Sed
829 3557 858 3607 du
876 3557 937 3619 ipsis
954 3557 979 3605 ll.
1023 3554 1064 3604 ut.
1082 3556 1183 3605 Aliunde
1201 3556 1279 3614 (Unde
1297 3557 1367 3617 cmg.)
1386 3558 1455 3608 scili·

196 3636 200 3642 '
283 3637 321 3677 eet
337 3627 405 3689 loqui
424 3634 574 3688 possent-
594 3651 624 3660 -
643 3620 720 3673 fidei?
743 3626 837 3686 dungo.
879 3623 981 3672 Aliunde
999 3624 1092 3672 scilicet
1115 3623 1217 3672 suadere
1236 3637 1283 3671 nun
1300 3632 1456 3684 possent-

283 3718 316 3729 -
335 3692 398 3740 ssdei.
415 3692 501 3754 reliqui
515 3698 607 3752 praeter
625 3690 657 3749 B„
678 3692 718 3754 qui
735 3693 801 3740 dubet
820 3689 921 3739 Aliunde
939 3689 983 3738 aed
1002 3698 1103 3752 possent
1121 3691 1151 3740 de
1169 3691 1242 3740 rebus
1261 3689 1330 3751 fidei.¹

351 3758 409 3821 Cap.
428 3758 472 3806 llll.
520 3756 542 3804 Ι.
561 3771 618 3817 ergo
636 3757 662 3804 a.
714 3756 738 3804 2.
758 3758 809 3805 llire
827 3757 878 3806 ube.
929 3755 953 3806 3.
971 3755 1102 3817 dirigebam
1120 3757 1180 3806 lico.
1232 3757 1254 3805 4.
1275 3765 1298 3804 et
1315 3757 1362 3804 buc
1380 3772 1455 3820 prae·

281 3827 434 3876 struebamus
458 3823 681 3887 (praestruebamur
698 3824 734 3875 dt
756 3824 878 3886 Aumpbed.
914 3830 946 3872 -et
968 3831 1120 3885 praestamus
1139 3824 1196 3872 ilde.
1256 3823 1279 3872 5.
1299 3823 1328 3871 ud
1348 3823 1455 3874 locutiu-

281 3895 319 3943 nis
338 3895 371 3943 de.
424 3890 447 3939 6.
467 3891 640 3953 praelationem
659 3890 744 3939 ddube.
798 3891 821 3938 7.
847 3889 986 3939 admittendi
1011 3889 1189 3951 eosdqltcob.
1230 3889 1455 3939 admittendos'eos

280 3959 372 4019 (lutea.
412 3957 435 4007 8.
454 3958 646 4017 ullamttdtbcd.
674 3956 873 4021 illumplqlddo.
912 3955 937 4006 9.
956 3957 976 4005 si
996 3954 1194 4004 baesuntrires
1213 3970 1297 4004 sorum
1316 3973 1335 4006 c.
1371 3959 1453 4006 sintne

281 4025 515 4074 illasimiseurum
535 4026 647 4074 latinius.
690 4024 728 4074 10.
749 4025 782 4074 uti
800 4038 841 4073 eus
858 4023 917 4074 ltu
953 4023 985 4072 uti
1004 4037 1093 4071 uaeas
1113 4022 1151 4072 Cur
1186 4026 1301 4073 anucbc.
1339 4022 1377 4071 ll.
1397 4039 1453 4074 cnm

280 4092 348 4144 nullo
373 4091 445 4141 modo
469 4098 590 4153 competat
617 4093 740 4152 possessio
764 4092 947 4153 scripturarum.
982 4089 1017 4139 Do
1041 4089 1225 4139 edurumdl.
1281 4089 1380 4139 waes
1398 4093 1453 4141 Ado.

280 4174 333 4209 eam
351 4161 385 4220 d.,
405 4160 469 4208 Folo.
481 4159 585 4207 Ursinus.
620 4159 721 4208 eandem
739 4158 776 4208 Cu.
811 4157 896 4207 eadem
914 4158 941 4208 ll.
977 4158 980 4162 ’

312 4325 371 4388 Cap.
390 4324 434 4374 xv,
462 4340 483 4373 a.
502 4324 602 4385 gradum
620 4321 782 4387 obstruimus]
801 4324 838 4375 et.
887 4339 943 4373 sum
962 4339 1016 4374 cum
1041 4323 1171 4381 haeretico,
1195 4324 1263 4386 quasi
1288 4322 1395 4372 diffidam
1420 4325 1451 4373 de

279 4392 360 4441 adnot.
379 4392 408 4440 ad
427 4390 527 4454 ¹lpolog.
546 4391 651 4455 eupli.
889 4392 1002 4450 uictoria,
1039 4399 1080 4440 uut
1105 4391 1292 4453 disputationem
1321 4404 1375 4438 cum
1405 4391 1451 4440 iilo

888 4460 1007 4508 vitandam
1026 4458 1140 4508 statuisse
1166 4460 1205 4506 bie
1223 4466 1323 4520 propter
1341 4457 1449 4507 studium

311 4491 336 4540 δ’
354 4491 382 4539 ⁰d
404 4486 456 4554 ως]
481 4491 542 4539 ΗΜ
561 4496 592 4540 Μ
610 4509 649 4541 ⁶⁰⁸
667 4493 839 4553 mmmmm
890 4526 960 4575 aliter
990 4526 1086 4574 ineundi
1114 4520 1263 4573 certaminis‘
1282 4524 1309 4571 ad
1334 4524 1449 4573 haereses

277 4557 483 4622 paraplrrastirruir
501 4558 622 4607 blacerens
633 4560 663 4606 de
675 4558 837 4620 disputatione

277 4626 408 4675 “iisdem
426 4627 560 4688 scripturis·
578 4626 689 4683 (pamel.)
723 4625 802 4673 Recte·
889 4593 1036 4643 evertendas.
1063 4593 1100 4641 Cf.
1119 4592 1180 4639 inira
1200 4607 1249 4653 cap.
1262 4590 1302 4638 37.
1328 4590 1394 4648 Quae
1412 4592 1451 4641 triu

888 4662 1029 4719 constitutio,
1048 4650 1119 4706 ⁴alias
1142 4665 1216 4708 status
1235 4659 1329 4706 dicitur.
1365 4658 1389 4704 V.
1411 4659 1450 4706 iu-

312 4724 369 4787 Cap.
387 4723 442 4772 xvi.
481 4740 502 4770 u.
521 4721 665 4784 induxerim]
690 4723 782 4771 Possim
801 4726 837 4774 ri·
886 4733 975 4788 terprr.
993 4725 1022 4773 ad
1041 4725 1091 4773 Cic.
1111 4724 1354 4782 Dolrirent.l.8,10.
1379 4724 1449 4774 duct.

277 4791 329 4842 deri
345 4791 511 4851 subterfugere
529 4791 559 4840 ds
576 4791 704 4853 seripturis
719 4805 835 4852 cougres-
887 4793 917 4843 ad
935 4794 1038 4842 llereun.
1055 4792 1076 4852 l,
1088 4790 1126 4843 ΙΙ.
1163 4793 1276 4851 Quinctil.
1294 4791 1335 4853 ΙΙΙ,
1350 4791 1376 4851 6,
1389 4790 1413 4840 2.
