3242 5775
516 673 664 720 corrasus
687 674 861 718 uancroruru
884 678 941 720 ura.
958 680 995 721 rr.
1291 673 1351 737 185

214 821 320 902 exemplo
337 821 418 884 David
440 823 620 903 introgressi
644 824 775 886 sabbatis
798 828 939 906 templum
972 839 1002 889 ct
1029 833 1143 909 operati
1172 834 1270 897 eibum
1293 857 1348 901 au-

186 923 292 986 'tear
310 925 397 985 tractis
419 924 545 1003 panibus
567 925 796 1004 propositionis.
847 929 1021 990 Meminerat
1048 932 1126 992 enim
1156 944 1186 994 et
1212 936 1262 997 ille
1289 939 1349 1001 boc

205 1025 354 1106 priu'legium
375 1026 516 1087 donatum
538 1026 661 1088 sabbato
684 1046 700 1087 a
722 1027 887 1106 primordio
921 1033 989 1109 quo'
1003 1032 1066 1093 dies
1089 1034 1155 1112 ipse
1177 1047 1347 1116 compertus

204 1135 249 1198 ut,
268 1128 367 1188 reniam
390 1127 491 1188 ieiunii
514 1128 591 1188 dico.
625 1128 697 1189 Cum
720 1128 800 1189 enim
823 1130 1025 1208 prohibuisset
1047 1143 1163 1194 creator
1177 1136 1208 1196 in
1221 1137 1346 1202 biduum

201 1225 242 1306 bp'
257 1247 366 1301 manna,
390 1229 581 1290 solummodo
604 1229 739 1308 permisit
762 1230 792 1290 in
807 1249 984 1309 parasceue,
1007 1243 1040 1294 ut
1054 1234 1167 1296 sabbati
1189 1241 1344 1316 sequentis

201 1329 265 1392 tria
284 1330 410 1410 pridiana
434 1331 533 1410 pabuli
555 1340 693 1410 paratura
715 1330 827 1391 ieiunio
850 1332 997 1395 liberaret.
1047 1334 1128 1395 Bene
1151 1337 1241 1414 igitur
1262 1341 1343 1418 quod

202 1439 335 1493 domam
357 1432 481 1493 eandem
504 1442 624 1493 secutus
653 1440 699 1492 est
726 1431 865 1493 dominus
894 1433 925 1493 in
952 1434 1081 1504 sabbati,
1113 1436 1144 1511 ,si
1171 1436 1211 1497 ita
1240 1440 1343 1502 volunt

202 1529 273 1604 Ἢ,
296 1533 515 1606 destructione3
551 1532 628 1593 bene
657 1533 736 1611 quod
760 1542 790 1594 et
810 1535 948 1595 allectum
977 1537 1119 1598 creatoris
1142 1540 1289 1616 expressit
1310 1541 1342 1602 in

203 1631 318 1694 'edbato
340 1653 401 1696 non
423 1633 574 1693 ieiunandi
603 1635 727 1695 bonore.
781 1634 914 1713 benique
943 1644 1013 1696 tunc
1040 1638 1158 1698 demum
1186 1639 1341 1702 sabbatum

207 1731 379 1806 humisset,
403 1736 492 1796 etiam
515 1735 614 1814 ipsum
636 1745 819 1807 creatorem,
842 1735 867 1794 si
890 1735 1052 1814 discipulos
1068 1737 1192 1798 sabbato
1208 1739 1341 1803 ieiunare

209 1835 336 1896 udisset
356 1837 500 1898 adsersus
516 1845 624 1897 statum
640 1837 741 1916 scripti
758 1846 788 1898 et
801 1836 963 1897 voluntatis
978 1837 1133 1900 creatoris
1166 1839 1225 1900 Sed
1241 1859 1340 1918 quon·

212 1929 247 1994 Ἰ
261 1935 406 2015 discipulos
429 1956 492 1998 non
514 1946 684 1998 constanter
705 1936 867 2009 tuebatur‘,
890 1937 944 1998 sed
966 1947 1102 2011 excusat,
1125 1940 1267 2018 quoniam
1281 1942 1339 2002 bu·

215 2049 289 2098 um
302 2039 421 2116 opponit
436 2038 647 2100 necessitatem
662 2040 747 2116 quasi
763 2039 1010 2117 deprecatricem,
1034 2038 1174 2117 quoniam
1191 2042 1341 2119 potiorem

336 2139 448 2200 sabbati
471 2148 570 2199 serrat
591 2157 652 2199 non
674 2138 869 2200 contristandi
897 2159 984 2218 quam
1008 2140 1171 2212 ¹⁷vacandi,
1200 2142 1340 2220 quoniam

250 2237 259 2324 J
297 2241 473 2317 comitesque
502 2239 565 2301 eius
593 2259 660 2301 eum
689 2239 841 2319 discipulis
873 2242 937 2302 suis
966 2249 1072 2319 aequat
1099 2241 1129 2300 in
1152 2242 1236 2320 culpa
1259 2252 1289 2304 et
1309 2245 1340 2304 in

221 2336 282 2411 ἡ,
298 2341 428 2419 quoniam
451 2341 547 2419 placet
568 2340 608 2401 illi
631 2340 697 2419 quia
720 2351 836 2402 creator
860 2341 1162 2421 indulsit‚'quoniam
1183 2342 1221 2402 de
1235 2362 1338 2404 exem-

268 2438 315 2501 rius
339 2441 394 2502 ¹'et
421 2441 487 2519 ipse
516 2450 575 2502 tam
602 2442 700 2502 bonus
730 2451 792 2513 est,
827 2442 893 2503 ideo
922 2442 1036 2502 alienus
1065 2451 1110 2503 est
1137 2461 1153 2503 a
1182 2442 1340 2505 creatore?

250 2535 256 2548 '
308 2541 460 2603 observant
480 2541 627 2621 pbarisaei
651 2543 676 2604 si
700 2542 860 2603 medicinas
882 2542 1013 2604 sabbatis
1042 2553 1158 2621 ageret,
1191 2553 1223 2605 ut
1251 2564 1339 2607 accu·
1358 2559 1478 2612 taetra.

300 2661 372 2714 eum,
394 2653 475 2704 certe
497 2662 554 2722 qua
577 2643 690 2705 sabbati
713 2643 948 2716 destructorem,
971 2663 1031 2704 non
1047 2664 1104 2723 qua
1119 2646 1186 2706 nori
1203 2645 1250 2706 dei
1266 2665 1338 2725 pro·

327 2764 335 2814 3
363 2746 492 2805 tortasse
521 2743 600 2805 euim
627 2744 706 2805 bunc
733 2743 830 2804 solum
860 2743 1012 2805 articulum
1037 2744 1174 2823 ¹⁹ubique
1196 2746 1339 2825 ingeram,

185 2869 194 2882 ·
234 2835 428 2921 hibristum
450 2864 595 2925 nusquam
623 2844 833 2925 praedicatum.
892 2844 923 2905 ln
952 2854 1046 2906 totum
1075 2854 1172 2907 autem
1202 2847 1340 2910 errabant
1444 2900 1449 2907 .

234 2936 324 3017 &aad
341 2949 411 3009 circa
435 2948 550 3009 sabbati
572 2948 683 3025 legem,
715 2965 776 3006 non
804 2944 1075 3008 animadvertentes
1098 2947 1340 3011 condicionaliter

186 3088 188 3093 -
237 3043 430 3110 nbtioentem
452 3049 540 3109 lorias
565 3066 705 3127 operum,
729 3047 784 3107 sub
807 3055 886 3107 certa
908 3048 1006 3126 specie
1030 3066 1143 3110 eorum.
1175 3049 1249 3110 Nam
1272 3070 1339 3112 cum

239 3134 409 3210 libellari
431 3149 518 3220 dicit,
548 3150 643 3210 Omne
671 3168 747 3229 opus
777 3157 858 3209 tuum
880 3167 941 3209 non
964 3149 1054 3209 iacies
1077 3149 1106 3209 in
1130 3169 1180 3224 ca,
1213 3151 1319 3213 dioeud
1430 3182 1438 3244 3

205 3258 209 3265 '
236 3232 333 3309 ¹lude
350 3251 474 3310 bumano
498 3267 589 3328 opere
610 3249 740 3319 definiit,
762 3248 842 3327 quod
865 3250 991 3327 quisque
1015 3269 1049 3310 ex
1072 3249 1195 3310 artificio
1217 3252 1263 3311 rel
1283 3270 1339 3312 ne·
1392 3231 1398 3252 ⁸

267 3342 271 3353 '
297 3365 336 3408 suo
355 3352 520 3430 exequitur,
545 3368 605 3410 non
627 3350 663 3411 de
686 3350 796 3410 divino.
826 3350 910 3429 (lpus
934 3361 1032 3410 autem
1047 3349 1179 3410 2⁰salutis
1203 3359 1233 3411 et
1254 3350 1339 3410 inco·

195 3458 198 3463 '
273 3444 277 3455 '
305 3448 323 3511 ἰ
340 3470 392 3512 non
410 3461 463 3518 ‚est
484 3452 632 3522 bominis,
661 3450 713 3511 sed
741 3452 789 3513 dci
817 3450 983 3529 proprium.
1027 3449 1110 3509 Sicut
1131 3458 1162 3509 et
1182 3467 1288 3510 rursus
1310 3450 1342 3510 in

279 3546 344 3617 ,Non
363 3553 465 3623 lacios,
496 3552 607 3632 inquit,
637 3571 726 3612 omne
748 3570 824 3630 opus
847 3551 950 3623 inea,
978 3549 998 3581 ²¹
1007 3549 1066 3611 nisi
1089 3550 1168 3629 quod
1191 3550 1242 3610 liet
1263 3550 1344 3613 omni
1359 3549 1443 3646 ,¹35⁰ss

264 3640 268 3651 ¹
310 3653 361 3723 ,id
381 3664 425 3715 est
447 3655 478 3714 in
500 3672 589 3716 eausa
611 3653 725 3713 animae
747 3651 933 3712 liberandae:
963 3652 1031 3730 quia
1060 3670 1136 3730 opus
1158 3651 1205 3711 dei
1228 3650 1344 3715 ²²etiarn
1397 3633 1403 3653 ¹

245 3746 395 3829 titinium
417 3756 480 3817 lieri
503 3763 604 3834 potest
624 3754 653 3813 in
676 3753 830 3814 ”salutem
852 3753 982 3823 animae,
1005 3752 1100 3813 adeo
1124 3761 1237 3824 nmen,
1264 3752 1344 3831 quod

333 3856 417 3917 luerat
437 3867 467 3917 et
490 3855 625 3916 Christus
647 3855 754 3925 bomo,
778 3855 846 3932 quia
869 3863 899 3914 et
919 3855 1004 3914 deus.
1040 3854 1074 3914 ln
1089 3854 1168 3915 hunc
1183 3871 1254 3931 ergo
1270 3871 1341 3913 sen-

196 3952 198 3957 ’
249 4014 252 4019 ,
291 3948 342 4031 his
359 3958 494 4019 inducere
517 3956 620 4017 rolens
641 3956 707 4016 illos
734 3974 789 4034 per
817 3974 922 4015 manus
952 3956 1096 4019 arefactae
1122 3953 1342 4015 restitutionem

186 4080 189 4091 ·
346 4058 489 4129 ,licetne
513 4057 644 4118 sabbatis
666 4056 856 4128 benefacere,
878 4074 916 4116 au
938 4053 1022 4116 non?
1056 4054 1182 4116 animam
1204 4054 1478 4126 bberare,cuc.u,o.

186 4256 217 4271 .,
277 4196 367 4261 Εὐδι-
410 4210 449 4261 lb
468 4210 613 4260 sabbatod.
649 4209 741 4259 sabbati
759 4209 855 4273 reliqui.
896 4207 936 4256 rt.
954 4206 1053 4255 vocandi
1072 4206 1114 4255 ot).
1168 4206 1343 4257 18.etom.d.

185 4300 190 4321 ν
276 4269 377 4389 τη
425 4278 467 4329 20.
485 4277 624 4328 sabbatill.
677 4276 718 4327 21.
736 4292 785 4326 non
804 4275 914 4339 quodlt.
972 4273 1013 4323 22.
1031 4273 1107 4334 elli,
1124 4288 1253 4337 proniore.
1304 4272 1345 4323 23.

294 4470 313 4481 ”
341 4475 459 4538 luerim,
478 4488 504 4529 nt
523 4478 661 4528 lorcellinii
679 4495 734 4528 ver·
786 4476 917 4527 coloretur.
951 4475 976 4526 v.
994 4475 1065 4525 Fabri
1083 4482 1174 4525 tnnott.
1191 4475 1222 4525 sd
1240 4474 1347 4524 Senecae

279 4540 317 4595 Β.
331 4556 376 4606 μη
396 4548 574 4598 wutrorersiae
592 4561 634 4596 seu
653 4549 734 4609 potius
786 4546 899 4594 Contror.
918 4543 971 4603 1,t.

270 4652 272 4659 -
313 4612 335 4681 j
402 4616 522 4679 quoddam
538 4629 625 4677 genoe,
643 4614 666 4663 in
685 4629 734 4678 quo
821 4611 839 4659 t.
857 4619 996 4660 constanter
1013 4608 1137 4673 tuebatur]
1155 4608 1345 4663 llalimtetotor,

295 4680 490 4735 *muttonis
517 4691 566 4749 aut,
582 4682 734 4731 detensionis
787 4678 1157 4743 quoenallaqenbicduriorem
1175 4675 1267 4726 tollam.
1286 4672 1348 4749 doe·

297 4738 330 4789 *⁵¹
342 4755 378 4804 Η.
397 4758 421 4799 ιι
436 4752 526 4801 lactum
545 4749 625 4799 minos
644 4751 734 4813 proba·
786 4752 875 4797 rtaoter
892 4745 1144 4796 erusnl'ertullianeo
1156 4743 1347 4812 positumsrgnr-

295 4810 535 4879 wentenum,
553 4818 736 4881 suspicionibus
786 4814 843 4863 llcat
859 4823 952 4878 aperto,
970 4813 1071 4872 directo,
1099 4812 1195 4861 fortiter
1220 4815 1292 4869 atque
1310 4816 1348 4851 in·

186 4907 204 4943 ι
295 4882 326 4923 fl
341 4882 442 4937 uiriliter
465 4886 570 4954 inventis
594 4892 689 4947 tegatur
712 4890 737 4933 et
786 4881 888 4946 trepida.
913 4882 949 4933 ct.
968 4878 1228 4939 sduottadllellspt.
1245 4867 1348 4937 capii·
