3242 5775
583 688 729 732 munuum
749 689 895 734 rumen.
1263 677 1327 743 m

162 860 218 919 ego
241 858 318 903 sum.
348 839 478 901 Primum
500 840 613 902 scilieet
634 840 765 901 omniun
781 858 893 903 sermo.
929 841 962 902 ln
976 842 1122 922 principio
1137 848 1201 905 eret
1215 862 1420 920 uermu,n.1‚r.

161 944 191 1003 in
214 961 273 1022 quo
296 941 440 1021 principio
463 942 594 1021 prolatus
617 961 633 1002 a
654 950 737 1021 patre
758 952 812 1003 est.
867 941 1003 1004 Ceterum
1025 952 1110 1022 peter
1129 962 1190 1006 non
1211 945 1327 1012 babens

161 1044 294 1116 initium,
325 1051 355 1103 ut
377 1044 495 1104 enutio
517 1044 666 1123 prolatus,
695 1043 884 1117 minuatne,
917 1061 977 1104 non
998 1053 1101 1123 potest
1120 1045 1226 1108 rideri.
1265 1045 1327 1121 ont

161 1146 243 1207 solus
266 1145 321 1205 tuit
341 1163 474 1223 semper,
498 1145 630 1206 ordinem
652 1144 761 1206 habere
782 1163 844 1206 non
866 1146 972 1225 potuit.
1008 1145 1101 1224 Igitur
1118 1147 1146 1209 si
1169 1156 1327 1228 propteueu

162 1247 287 1309 eundem
309 1253 339 1306 et
359 1254 472 1324 patrem
495 1255 525 1307 et
546 1246 637 1307 tilium
659 1245 837 1307 eredendum
858 1253 1051 1325 putaverunt,
1073 1255 1106 1308 ut
1125 1266 1217 1310 unum
1239 1249 1327 1313 mum

161 1349 325 1419 vindicent,
360 1347 465 1409 ”satra
493 1356 540 1408 est
566 1348 637 1407 unio
668 1347 732 1408 eius
761 1347 827 1425 qui,
859 1365 924 1409 oum
954 1348 992 1409 sit
1021 1367 1116 1422 unus,
1155 1349 1270 1412 ''bubet
1296 1360 1328 1414 et

161 1449 268 1521 filium,
292 1468 383 1527 aeque
406 1457 436 1509 et
456 1449 552 1528 ipsum
576 1448 689 1510 eisdem
711 1448 865 1529 scripturis
887 1449 1143 1529 comprehensum.
1180 1451 1213 1514 Si
1233 1451 1329 1516 fitium

162 1551 268 1611 nolunt
289 1551 449 1612 seeundum
472 1570 488 1611 a
510 1560 593 1628 patre
615 1550 762 1629 reputari,
794 1568 832 1612 ne
854 1549 999 1612 secundus
1030 1551 1107 1614 duos
1135 1552 1222 1615 faeiat
1250 1553 1325 1616 deos

161 1652 229 1720 diei,
251 1651 457 1712 ostendimusb
480 1652 566 1712 etiam
582 1652 658 1713 duos
674 1651 748 1712 deos
769 1650 800 1712 in
823 1651 966 1731 scriptura
988 1652 1096 1714 reiatos
1117 1662 1149 1715 et
1168 1654 1245 1716 dous
1264 1654 1325 1718 do·

161 1754 275 1826 minos3
305 1763 335 1813 et
355 1764 453 1814 tamen
475 1772 513 1814 ne
541 1753 577 1813 de
605 1752 664 1814 isto
693 1752 971 1827 ¹⁴'so‹endalizentur‚
1002 1754 1146 1820 rationem
1174 1755 1327 1818 reddimus

161 1873 218 1933 qua
241 1853 287 1915 dei
309 1873 367 1914 non
391 1856 449 1915 duo
472 1854 604 1915 dicautur
625 1855 823 1928 medemini,
847 1854 899 1916 sed
920 1874 978 1934 qua
999 1865 1083 1936 pater
1104 1864 1135 1917 et
1154 1855 1232 1919 titius
1253 1855 1325 1929 duo,

162 1965 192 2016 et
213 1956 270 2016 boo
291 1974 351 2016 non
374 1976 407 2016 ex
432 1957 617 2035 separatione
645 1956 841 2028 substantiae,
874 1956 928 2018 sed
956 1976 991 2017 es
1018 1956 1231 2038 dispositione,
1256 1973 1325 2020 cunr

161 2057 341 2118 individuum
364 2065 394 2117 et
416 2059 614 2137 inseparatum
636 2058 727 2118 filium
748 2077 765 2120 a
786 2066 871 2137 patre
891 2059 1131 2138 pronuntiamus,
1158 2076 1216 2120 nee
1233 2066 1325 2131 stetu,

162 2160 215 2219 sed
238 2160 327 2237 gradu
351 2159 455 2232 alium,
485 2160 534 2237 qui
558 2159 613 2219 etsi
637 2160 710 2219 deus
733 2159 860 2233 dicatur,
889 2160 1005 2239 quaudo
1028 2160 1198 2221 nominatur
1218 2159 1324 2239 ningu-

161 2261 248 2333 laris,
281 2278 342 2320 non
365 2261 431 2321 ideo
454 2261 529 2320 duos
552 2260 625 2321 deos
648 2259 748 2328 faeiat.
776 2261 831 2321 sed
860 2278 967 2333 unum,
997 2260 1055 2322 boe
1076 2261 1160 2340 ipso,
1192 2260 1273 2340 quod
1295 2266 1325 2321 et

162 2362 236 2423 deus
259 2380 294 2421 ex
316 2362 427 2423 unitate
448 2362 540 2440 patris
563 2361 660 2422 voeari
681 2361 797 2423 babeat.

247 2462 305 2523 Sed
327 2462 628 2541 argumentationibus
652 2463 771 2524 ¹eorum
793 2462 889 2524 adhue
903 2462 1112 2524 ²retundendis
1128 2480 1220 2542 opere
1233 2480 1323 2544 prue-
1341 2476 1449 2536 ειμι

160 2563 256 2625 benda
285 2573 344 2636 est,
377 2565 402 2624 si
431 2564 499 2642 quid
528 2563 565 2623 de
593 2564 747 2643 scripturis
776 2564 812 2624 ed
837 2565 1015 2625 sententiam
1047 2582 1130 2625 suam
1158 2572 1325 2644 excerpent,

162 2674 257 2726 cetera
279 2666 414 2726 nolentes
436 2665 560 2737 intueri,
593 2684 667 2744 quae
689 2673 718 2726 et
738 2664 820 2744 ³ipsa
841 2666 972 2744 regulum
993 2673 1127 2739 seruant,
1154 2664 1323 2744 etquidem

162 2767 239 2828 saiva
261 2766 371 2828 unione
393 2767 553 2828 divinitatis
576 2775 606 2827 et
627 2766 814 2828 monarchiae
836 2767 962 2828 ⁴souitu.
990 2767 1063 2828 Nam
1079 2766 1198 2828 simtin
1214 2767 1323 2830 reteri·

160 2868 217 2930 bus
246 2868 317 2930 nibil
346 2868 423 2930 aliud
453 2875 553 2930 tenent
581 2887 683 2949 quam,
716 2868 779 2948 Ego
808 2869 882 2930 deus
912 2876 941 2930 et
960 2868 1037 2931 alins
1058 2876 1176 2948 praeter
1196 2887 1244 2932 me
1266 2883 1474 2938 nuntiemus.

161 2981 222 3042 est,
258 2971 296 3031 ita
323 2971 353 3030 in
376 2971 525 3049 evangetio
548 2971 775 3050 responsionem
804 2970 917 3032 domini
942 2972 979 3033 ad
999 2970 1167 3050 Philippum
1192 2980 1325 3043 tuentur,

160 3072 222 3151 Ego
245 3081 275 3134 et
295 3083 379 3151 pater
399 3090 488 3133 unum
512 3092 630 3144 sumus,
654 3082 684 3134 et
705 3073 754 3152 qui
775 3092 823 3134 me
845 3073 965 3143 viderit,
988 3073 1083 3134 ⁶videt
1097 3081 1128 3133 et
1140 3081 1270 3152 patrem,
1294 3079 1475 3148 ettennon.

162 3187 215 3253 ego
239 3176 268 3235 in
290 3183 373 3253 patre
395 3181 424 3234 et
444 3182 528 3252 pater
549 3175 579 3233 iu
602 3193 658 3235 me.
707 3173 777 3234 ⁶His
805 3173 899 3235 tribus
928 3174 1062 3253 capitulis
1089 3182 1183 3234 totum
1211 3174 1323 3237 meun-

162 3285 291 3337 mentum
314 3275 469 3353 utriusque
492 3275 657 3335 testamenti
679 3274 781 3335 roiunt
801 3274 940 3347 ⁷oedern,
970 3294 1035 3335 enm
1057 3281 1194 3352 oporteat
1214 3291 1323 3336 seeun-

162 3377 230 3438 dum
252 3377 335 3456 plura
358 3376 486 3455 intellegi
502 3375 649 3454 pauciora.
682 3373 740 3434 Sed
756 3375 911 3453 proprium
931 3374 1008 3435 'hoo
1029 3384 1075 3434 est
1097 3373 1228 3437 omnium
1250 3374 1323 3435 bee-

162 3480 329 3538 retioorum.
373 3477 444 3537 Nam
468 3477 533 3555 quia
556 3494 646 3555 pauca
669 3483 739 3549 sunt
759 3493 833 3553 quae
862 3475 892 3535 in
925 3474 996 3535 silva
1016 3472 1158 3534 ⁹inveniri
1186 3480 1324 3550 possunt,

162 3598 255 3659 paura
277 3580 416 3640 aduersus
438 3579 521 3658 plura
537 3576 706 3648 detendunt,
729 3585 759 3636 et
772 3575 940 3654 posteriora
955 3575 1096 3635 aduersus
1108 3572 1210 3652 priora
1225 3573 1323 3635 susei-

160 3681 255 3759 piunt.
298 3681 407 3759 Regula
429 3689 526 3740 autem
549 3679 629 3739 omni
658 3677 730 3738 ¹⁰rei
758 3695 877 3757 semper
904 3675 940 3736 eb
972 3675 1056 3736 initio
1085 3674 1266 3737 ”constitute
1289 3673 1324 3738 in

159 3782 328 3861 prioribus·
350 3782 430 3842 etin
453 3780 619 3859 posteriora
640 3778 830 3859 praeseribit,
853 3778 953 3858 utiqffl
975 3786 1006 3839 et
1025 3779 1056 3839 in
1078 3776 1227 3858 pauciore.

244 3883 348 3962 Aspice
369 3885 466 3961 itaque
489 3892 611 3961 quanta·
633 3879 834 3960 praescribent
856 3879 908 3939 tibi
929 3879 1016 3942 etiam
1038 3880 1069 3940 in
1090 3877 1240 3956 evangetio
1255 3887 1323 3941 ente
1340 3906 1456 3966 cmm,

160 3984 286 4064 Pbiiippi
309 3985 556 4045 consultationem
579 3991 609 4044 et
630 3991 697 4043 ante
720 3999 836 4041 omnem
858 3981 1140 4059 argumentationem
1161 3989 1251 4044 tuem.
1286 3979 1325 4045 tn

163 4137 201 4186 12.
221 4139 360 4188 servosne.
381 4141 443 4188 teto.
487 4136 525 4186 ta.
545 4138 615 4184 hebet
634 4138 664 4196 d,
685 4135 834 4185 exemeudet.
846 4135 922 4184 Fuluii
936 4133 1020 4183 Ursini.
1056 4134 1142 4183 babent
1155 4133 1240 4185 Adube.
1260 4134 1324 4184 leid.

163 4206 202 4255 tt.
219 4207 440 4255 scandalizarentur
458 4209 482 4256 A.
502 4207 563 4255 tete.
583 4212 603 4254 et
627 4205 734 4253 tornare
1213 4252 1217 4260 ,

229 4275 286 4337 Cep.
306 4276 351 4323 xx.
395 4275 417 4324 t.
443 4289 525 4321 eorum
550 4274 635 4322 omn.
654 4273 717 4320 Leid.
769 4268 792 4318 2.
811 4269 985 4318 retundendum
1002 4269 1028 4319 t.
1047 4269 1111 4318 teto.
1161 4267 1184 4317 3.
1203 4269 1324 4332 ipsimi.

162 4342 230 4390 iaeid.v
265 4342 289 4391 t.
308 4345 435 4391 senatori.
456 4344 519 4390 isid.
563 4341 586 4388 5.
605 4339 720 4389 vidndi,
763 4337 786 4386 6.
807 4338 919 4397 Legisd.
952 4337 1055 4397 Legibus
1072 4337 1137 4386 tat.
1182 4334 1205 4384 7.
1225 4336 1324 4387 audere
1399 4340 1402 4345 '

160 4410 202 4458 ΑΒ,
222 4411 283 4460 teto.
336 4410 359 4459 8.
379 4418 416 4459 est
434 4411 479 4457 boc
497 4410 559 4457 Lrid.
611 4406 914 4456 ermenteriarum.
968 4404 1006 4453 to.
1026 4405 1061 4453 rei
1079 4404 1324 4464 (redimendum-

161 4491 205 4540 per
222 4478 252 4526 eb
270 4480 324 4528 ded.
344 4480 405 4527 trid.
428 4478 536 4525 Vaticani.
582 4475 620 4523 tt.
641 4475 767 4523 constitute
786 4474 809 4522 iu
829 4473 950 4536 prioribus
968 4472 1032 4520 etin
1051 4472 1185 4535 posteriore
1202 4474 1324 4536 praeseri·

161 4545 202 4603 bn,
222 4546 303 4609 utique
321 4555 344 4595 et
362 4548 384 4594 in
404 4548 515 4608 pauciora
535 4560 583 4606 eoo.
618 4543 744 4591 constitute
763 4543 786 4590 in
805 4541 926 4603 prioribus
944 4548 967 4588 et
984 4541 1008 4588 iu
1026 4541 1159 4604 posteriore
1172 4540 1324 4603 prueeeribit,

162 4616 242 4676 ntique
261 4622 284 4663 et
302 4615 324 4661 in
343 4613 497 4677 peurioribns
514 4612 600 4660 Abobe.
619 4612 681 4660 Leid.
717 4609 844 4658 constitute
863 4622 889 4656 ex
908 4607 1027 4671 prioribus
1045 4615 1069 4657 et
1086 4621 1113 4657 ex
1131 4607 1240 4670 pluribus
1258 4614 1282 4656 ed
1295 4607 1323 4656 in

162 4684 296 4744 posteriore
315 4682 465 4744 praescribit,
485 4680 564 4743 ntique
583 4687 607 4727 et
624 4680 647 4727 in
666 4679 777 4741 pauciore
794 4678 827 4737 d,
847 4692 897 4726 eoru
913 4676 993 4726 Fuluio
1014 4676 1103 4725 Ursino.

196 4784 219 4830 b.
239 4779 401 4847 ostendimus]
419 4783 496 4845 Supra
515 4780 617 4845 cupid.
803 4778 862 4841 Cap.
880 4778 937 4827 iiiii.
983 4791 1005 4827 ι
1027 4771 1128 4842 querite]
1154 4776 1180 4827 id
1205 4782 1241 4825 est
1263 4781 1324 4838 unet

196 4852 253 4914 Cep.
273 4852 320 4900 xx.
346 4868 367 4898 a.
386 4856 409 4899 tn
427 4845 559 4915 prioribus]
578 4847 718 4899 idestdnm
770 4846 882 4911 eupituis.
908 4847 946 4896 Gi.
965 4846 1054 4896 effluit.
1071 4846 1102 4896 ed
1120 4844 1221 4910 Apulos.
1238 4840 1322 4906 cepi.

163 4917 186 4966 iu
204 4919 326 4983 prioribus
344 4920 412 4968 uniet.
