3242 5775
320 613 383 678 586
577 627 678 679 ournrr
702 626 833 670 snrrnur
853 626 1019 669 anonaunrs
1043 625 1242 669 rnnromuru

319 779 427 842 Volunt
449 777 602 841 infantiam
625 778 688 839 sola
711 777 807 838 anima
829 776 992 851 contineri,
1015 795 1073 855 qua
1095 776 1303 838 tautummodo
1325 775 1420 850 vivat,
1442 794 1496 838 noo

320 890 354 943 ut
375 881 486 960 pariter
507 880 617 958 sapiat,
651 880 718 958 quia
751 897 807 940 neo
834 879 932 940 omnia
961 878 1077 956 sapiant
1103 896 1178 956 quae
1205 877 1316 939 vivant.
1370 877 1493 958 [lenique

321 981 444 1043 arbores
466 980 579 1053 virere,
610 997 664 1041 nec
685 988 784 1040 tamen
816 998 939 1058 sapere,
966 977 1130 1039 secundum
1152 976 1394 1053 'Aristotelem·,
1423 989 1449 1040 et
1468 979 1489 1040 si

320 1083 387 1163 quis
409 1081 484 1143 alius
508 1081 703 1143 substantiam
718 1081 875 1142 animalem
889 1080 920 1142 in
934 1081 1071 1141 universa
1087 1081 1300 1153 communicat,
1324 1099 1401 1161 quae
1421 1081 1487 1160 apud

320 1202 378 1245 nos
401 1183 431 1243 in
455 1183 574 1244 bomine
596 1183 707 1261 privata
730 1201 779 1243 res
802 1190 865 1253 est,
894 1200 955 1243 non
986 1181 1075 1242 modo
1105 1190 1138 1241 ut
1165 1181 1214 1242 dei
1236 1200 1335 1261 opus,
1367 1182 1444 1262 quod
1463 1190 1486 1243 et

321 1295 437 1357 cetera,
460 1285 513 1346 sed
537 1292 570 1344 ut
591 1283 637 1344 dei
659 1285 763 1354 llatus,
787 1284 866 1361 qnod
890 1283 963 1344 baec
983 1281 1047 1344 sola
1070 1301 1158 1362 quam
1179 1282 1308 1345 dicimus
1335 1284 1483 1345 cumomni

321 1388 468 1449 instructu
491 1384 569 1445 suol
591 1385 685 1445 nasci.
728 1384 765 1445 Et
787 1384 814 1445 si
836 1384 872 1445 ad
895 1384 1019 1445 arbores
1042 1402 1255 1463 provocamur,
1284 1384 1484 1465 amplectemur

321 1486 498 1564 exemplum,
523 1485 668 1563 siquidem
692 1494 720 1545 et
742 1484 799 1546 illis
823 1485 948 1547 necdum
964 1484 1141 1560 arbusculis,
1164 1486 1217 1548 sed
1234 1485 1390 1566 stipitibus
1403 1485 1483 1548 adbuo
1521 1567 1523 1574 Ι

321 1595 352 1650 et
373 1586 501 1648 surculis
523 1586 707 1658 etiamnunc,
742 1586 831 1647 simul
853 1587 890 1647 de
914 1586 1071 1648 scrobibus
1094 1587 1247 1659 oriuntur,
1276 1588 1360 1649 inest
1379 1586 1481 1667 proprie

320 1690 365 1750 ris
389 1689 513 1750 animae.
557 1688 665 1748 Verum
687 1705 742 1766 pro
766 1687 912 1766 temporis
934 1688 1049 1749 ratione
1077 1696 1245 1750 remoratur
1274 1688 1441 1750 ooalescens
1460 1695 1481 1748 ot

319 1790 532 1852 coadulescens
561 1788 664 1849 robori
692 1808 765 1859 suo,
799 1788 895 1849 donec
921 1796 1003 1850 aetas
1029 1788 1226 1869 ’ladimpleat
1252 1789 1404 1867 habitum,
1433 1805 1480 1867 qno

320 1901 424 1953 natura
447 1892 594 1968 fungatur.
627 1890 683 1950 Aut
706 1888 783 1949 unde
806 1908 875 1950 mox
897 1888 955 1950 illis
979 1898 1008 1951 et
1023 1890 1142 1951 lrulices
1165 1890 1356 1953 inoculantur
1377 1899 1407 1953 et
1424 1889 1479 1974 lolia

319 1994 486 2054 formantur
508 2000 537 2050 et
557 1989 690 2067 germina
711 1989 853 2052 inllantur
874 1999 903 2051 et
923 1992 1040 2053 llosculi
1062 1992 1237 2053 inornantur
1266 2001 1297 2052 et
1318 1991 1479 2055 ⁴suci'con-

321 2092 461 2163 diuntur,
485 2091 511 2152 si
534 2109 594 2151 non
617 2091 648 2151 in
671 2092 745 2169 ipsis
769 2091 867 2153 omnis
890 2103 1025 2171 paratura
1049 2093 1166 2171 generis
1190 2092 1335 2172 quiescit,
1359 2101 1387 2154 el
1401 2092 1479 2172 parti·

320 2193 377 2255 bus
399 2202 536 2272 promota
558 2191 753 2270 grandescit?
796 2193 870 2254 lndo
892 2193 981 2272 igitur
1003 2201 1033 2255 et
1055 2194 1173 2272 sapiunt
1195 2193 1274 2255 unde
1295 2195 1411 2268 vivunt,
1434 2202 1480 2255 lan

320 2294 437 2356 vivendi
460 2312 548 2373 quam
571 2293 704 2372 sapiendi
727 2294 926 2373 proprietate,
955 2304 985 2356 et
1013 2296 1131 2374 quidem
1154 2294 1190 2356 ab
1212 2296 1335 2357 infantia
1365 2306 1394 2358 et
1414 2296 1481 2376 ipsae

321 2416 384 2458 sua.
416 2396 508 2456 Video
532 2395 610 2455 eninr
634 2405 664 2454 et
687 2394 774 2456 vitem
798 2396 894 2456 adhuc
916 2409 1048 2456 teneram
1072 2406 1102 2457 et
1122 2396 1297 2476 inpuberem
1320 2397 1483 2475 intellegen-

322 2506 382 2558 tem
406 2505 502 2558 tamen
525 2497 582 2556 iam
599 2514 689 2575 opera
706 2515 758 2557 sna
778 2505 808 2557 et
822 2497 969 2558 volentem
984 2496 1086 2558 ³alicui
1102 2497 1278 2570 adhaerere,
1301 2498 1368 2559 ‘oui
1383 2499 1486 2559 ’innita

322 2605 353 2659 et
373 2598 478 2658 innexa
501 2597 644 2676 proliciat.
688 2597 821 2676 Denique
844 2616 903 2658 non
927 2607 1077 2676 expectata
1100 2598 1209 2659 rustica
1232 2599 1406 2679 disciplina,
1432 2601 1491 2661 sino

320 2698 482 2769 arundine,
506 2697 571 2759 sine
592 2698 727 2771 'cervo⁸,
751 2698 776 2759 si
800 2700 870 2777 quiid
893 2699 1037 2777 attigerit,
1062 2700 1138 2760 ultro
1159 2699 1302 2772 ⁹amabit,
1326 2701 1492 2782 etquidem

320 2798 479 2860 viriosius¹
501 2799 740 2877 ¹⁰amplerabitur
762 2800 798 2860 de
821 2819 877 2860 suo
900 2801 1018 2878 ingenio
1034 2819 1120 2879 quarn
1137 2801 1173 2862 de
1189 2809 1240 2861 tuo
1257 2801 1391 2863 arbitrio.
1419 2803 1495 2863 Pro‘

320 2910 404 2982 perat
437 2920 506 2964 esse
538 2920 654 2963 secura.
704 2901 794 2962 Video
825 2913 854 2963 et
882 2903 1054 2963 ¹⁰¹¹bederas
1083 2913 1224 2981 quantum
1252 2903 1326 2965 velis
1356 2905 1496 2984 ¹¹primas

321 3004 420 3065 statim
442 3005 479 3065 ad
501 3021 630 3082 superna
652 3004 753 3064 conari
777 3011 806 3064 ct
827 3003 908 3064 nullo
931 3013 1092 3082 praeeunte
1115 3004 1275 3084 suspendi,
1297 3006 1378 3083 quod
1394 3007 1505 3069 malint

323 3104 512 3184 ¹’parietibus
535 3103 633 3165 invelri
658 3104 748 3165 textili
778 3105 851 3165 silva
879 3124 965 3183 quarn
994 3105 1076 3166 humi
1105 3105 1160 3167 teri
1183 3105 1348 3167 voluntaria
1378 3107 1499 3170 iniuria.

321 3205 431 3268 Contra
453 3206 562 3285 quibus
586 3206 622 3266 de
643 3206 777 3266 aedilicio
807 3205 882 3266 rnale
910 3211 984 3277 est⁶,
1019 3216 1051 3267 ut
1079 3207 1240 3268 crescendo
1270 3208 1435 3279 recedunt,
1466 3217 1504 3270 ut

321 3306 522 3386 ¹³relugiunt?
568 3306 687 3367 Sentias
709 3325 809 3367 ramos
833 3306 975 3367 aliorsum
999 3307 1207 3380 ¹¹destinatos,
1231 3318 1261 3370 et
1282 3308 1496 3372 animationem

318 3409 436 3470 arboris
459 3409 496 3469 de
519 3408 645 3469 divortio
668 3407 789 3487 parietis
812 3408 983 3486 intellegam
1008 3408 1171 3470 ¹³contenta
1195 3418 1320 3474 sua.est
1342 3411 1494 3490 parvitate,

318 3529 404 3590 quam
427 3529 462 3570 er
485 3508 650 3588 primordio
673 3508 926 3587 providentissimi
943 3509 1056 3571 fruticis
1074 3509 1231 3583 ¹⁶edidicit,
1256 3511 1393 3574 ¹'timens
1409 3513 1496 3581 etiarn

239 3688 247 3697 ·
318 3662 342 3712 3.
361 3662 505 3712 Aristotelen
524 3665 549 3713 l.
602 3660 824 3724 adimpleatur.
877 3661 901 3710 4.
926 3663 1020 3711 sucin.
1062 3663 1127 3712 succi
1152 3664 1245 3728 reliqui.
1302 3664 1328 3713 5.
1348 3666 1439 3716 alicubi
1458 3664 1494 3715 Co

318 3730 343 3781 6.
362 3745 415 3781 cum
436 3731 492 3779 Boo.
555 3730 578 3777 l.
599 3731 675 3778 innisa
700 3732 731 3789 b,
751 3731 864 3778 Latinius.
927 3727 951 3777 8.
970 3744 1039 3778 cerro
1063 3731 1176 3793 Aqussb.
1220 3744 1281 3779 orno
1306 3732 1334 3780 u.
1379 3748 1456 3783 corno
1473 3750 1495 3783 ι.

317 3798 342 3849 9.
362 3798 462 3847 ambibit
480 3798 511 3855 b,
530 3813 581 3845 cum
599 3798 698 3846 latinio.
742 3796 780 3846 ld.
799 3797 973 3860 amplexabitur
991 3800 1085 3848 om.Ab.
1131 3797 1191 3847 ton.
1211 3798 1340 3849 ederssA.
1386 3801 1494 3863 ll.pri·

318 3879 370 3914 mss
389 3867 429 3914 Ab.
465 3864 672 3926 premasrelr'an'.
727 3863 765 3913 12.
785 3865 807 3912 in
828 3865 960 3928 parietibus
977 3866 1066 3926 ΛΜ.
1077 3882 1114 3930 pr.
1170 3865 1207 3914 1³.
1227 3864 1374 3925 refugiunt?
1400 3870 1494 3918 Sentias

318 3933 349 3990 b„
371 3933 400 3980 de
418 3931 529 3979 emendat.
549 3930 624 3978 Fuluii
644 3931 728 3979 llrsinr‘.
770 3933 889 3991 refugium
908 3932 998 3980 sentias
1016 3932 1092 3982 luta.
1154 3933 1193 3983 tl.
1218 3933 1365 3984 destinatum
1387 3936 1410 3987 C.
1458 3936 1495 3986 la.

317 4005 428 4046 contenta
449 4011 491 4043 suu
511 4005 547 4045 est
566 3997 679 4059 parvitate
697 4015 747 4062 epo.
788 4007 914 4048 contentae
932 4014 975 4047 sua
996 4002 1110 4061 parvitate
1130 4001 1168 4050 Co.
1210 4008 1321 4050 contenta
1341 4012 1400 4054 sunt
1418 4004 1496 4068 prasi·

317 4072 365 4114 tate
383 4064 407 4113 ll.
443 4064 588 4113 continentia
606 4067 752 4122 (continenti
772 4067 825 4127 All.)
844 4075 880 4115 est
899 4070 1013 4128 parvitate
1030 4068 1111 4131 Adoro.
1153 4076 1263 4119 contenta
1282 4077 1320 4119 est
1338 4071 1456 4134 parvitate
1473 4074 1496 4121 l.

319 4131 358 4182 16.
379 4132 410 4181 Se
428 4132 511 4182 didicit
527 4133 571 4182 AB.
626 4132 664 4182 l'l.
682 4135 788 4184 timentis
805 4151 837 4195 o.,
857 4149 908 4184 rum
925 4135 1024 4185 latinio.

351 4233 409 4297 Cup.
427 4234 486 4284 Xlll.
512 4250 533 4283 a.
552 4231 716 4300 Aristotelem]
736 4236 880 4285 tristotue
931 4235 995 4298 quod
1022 4236 1151 4300 aliqnando
1181 4251 1279 4287 censum
1305 4238 1496 4304 interpretantur

316 4299 399 4350 bolma
420 4302 449 4360 ll,
461 4302 484 4351 2.
496 4302 519 4351 3.
930 4304 1016 4361 nostri,
1035 4305 1097 4354 sicut
1115 4319 1179 4354 nnnc
1196 4307 1334 4355 instructum
1353 4308 1437 4358 dicero
1453 4323 1492 4358 ro·

349 4369 373 4417 b.
399 4384 452 4418 curn
483 4371 548 4419 omni
579 4371 695 4420 instructu
718 4365 775 4433 suo]
804 4371 878 4428 Quasi
930 4370 1046 4419 luimus.“
1077 4371 1112 4422 ct.
1132 4372 1234 4436 apolog.
1252 4372 1343 4430 cano.
1363 4376 1469 4437 (urgan.)

315 4451 369 4486 curn
388 4437 454 4485 omni
473 4439 588 4486 instructo
603 4447 626 4486 et
636 4440 804 4496 instrumento,
823 4453 877 4487 cum
963 4453 984 4487 c.
1003 4436 1084 4504 cerro]
1104 4440 1171 4489 Cervi
1189 4449 1245 4490 sunt
1262 4445 1439 4499 sustentacula,
1457 4444 1493 4493 in·

255 4544 259 4559 ,
315 4505 380 4552 omni
400 4520 482 4559 censo,
502 4520 555 4554 curn
574 4506 764 4554 omnibussuis.
800 4505 876 4568 Atque
929 4514 1034 4568 terpretc
1055 4508 1134 4571 Papia.
1160 4509 1493 4573 ettenoruulsvatt.

315 4571 338 4620 in
368 4572 432 4620 buno
458 4572 616 4633 significatum
650 4572 783 4622 locutiones
816 4573 875 4623 istos
928 4576 995 4622 Serv.
1015 4577 1037 4623 in
1057 4575 1143 4635 vernt.
1163 4575 1212 4625 Eol.
1232 4574 1315 4634 ll,29.

313 4638 512 4703 apodllricanos
531 4641 674 4703 praesertim
693 4641 768 4689 lrrissc
787 4641 877 4691 indicat
961 4641 986 4690 d.
1004 4638 1127 4707 viriosius]
1152 4643 1189 4693 ct.
1215 4644 1306 4694 adnolt.
1325 4644 1357 4695 ad
1376 4646 1433 4697 ddt.
1450 4645 1493 4694 Va·

313 4707 439 4768 augustin.
452 4707 492 4755 lib.
503 4707 523 4757 ll
543 4709 650 4766 Quaestt.
662 4710 684 4755 in
696 4708 767 4757 Esod.
777 4710 875 4767 Quaest.
927 4707 1011 4758 lentio.
1030 4725 1081 4773 cap.
1094 4710 1131 4760 16.

313 4774 361 4824 d'l:
380 4776 513 4836 „Graecos
532 4775 617 4838 inquit,
630 4765 783 4834 ἀποσκευὴν
795 4777 874 4837 babet,
962 4791 983 4825 e.
1002 4777 1032 4826 de
1050 4779 1159 4829 aedilicio
1179 4779 1242 4827 malo
1260 4775 1311 4846 est]
1339 4780 1383 4831 Sic
1401 4781 1443 4831 lib.
1461 4780 1494 4829 llo

313 4843 353 4892 nbi
368 4845 521 4894 substantiam
532 4843 630 4893 Latinos
648 4844 875 4907 iuterpretatnsost,
926 4843 1003 4894 Pallio
1023 4848 1100 4910 capt
1121 4845 1158 4909 „A
1176 4845 1244 4897 coelo
1263 4847 1326 4899 benc
1344 4848 1412 4901 cat.“
1423 4847 1495 4913 (Εἰς.)
