3242 5775
706 628 745 670 oe
768 628 867 672 anm.
1090 645 1105 663 ,
1307 617 1370 682 609

197 795 281 848 aura,
306 775 377 856 quid
400 776 487 837 laciet
507 776 537 837 in
560 775 753 855 amplioribus
769 776 858 857 longe
872 778 918 839 rel
940 778 1149 841 minutioribus
1172 781 1370 845 animalibus?

197 879 326 940 lacesse
349 886 396 938 est
422 876 499 937 enim
527 876 586 937 ”et
613 896 722 956 corpus
751 897 839 939 omne
868 880 964 939 anima
994 881 1152 961 compleri,
1187 890 1216 943 et
1243 883 1369 944 animam

197 997 314 1042 amnem
337 978 493 1058 ²'corpore
508 977 625 1038 obduci.
662 980 820 1051 Quomodo
844 998 915 1058 ergo
938 980 1036 1042 anima
1057 982 1188 1043 hominis
1211 982 1371 1063 complebit

198 1078 407 1161 lephantum?
429 1080 580 1157 quomodo
603 1079 673 1139 item
695 1079 891 1140 ¹8obducetur
913 1081 942 1140 in
964 1080 1081 1142 culice?
1104 1083 1264 1145 sitantum
1286 1082 1370 1144 ”ex-

197 1182 406 1256 endeturaut
428 1179 662 1252 ”contrahetum
688 1182 824 1259 prolecto
846 1181 1070 1260 periclitabitur.
1115 1182 1152 1243 Et
1173 1184 1242 1244 ideo
1264 1184 1370 1257 adicio,

197 1284 242 1343 ¹si
268 1282 350 1343 nulla
372 1282 487 1341 ratione
510 1300 598 1361 capax
623 1289 667 1341 est
688 1281 861 1342 huiusmodi
880 1282 1081 1343 translationis
1105 1283 1135 1343 in
1159 1284 1293 1345 animalia
1316 1303 1372 1346 nec
1428 1352 1434 1371 Ι

198 1384 322 1445 nodulis
346 1400 504 1461 corporum
528 1400 583 1442 nec
604 1382 711 1442 ceteris
744 1392 866 1443 naturae
896 1402 967 1443 suae
995 1383 1110 1461 legibus
1138 1383 1370 1465 ”adaequantia

197 1483 334 1562 numquid
358 1502 428 1561 ergo
451 1482 649 1542 demutabitur
671 1483 834 1543 secundum
865 1483 1020 1561 qualitates
1049 1503 1190 1563 generum
1220 1493 1250 1548 ol
1281 1484 1369 1548 vitam

198 1604 299 1647 orum
320 1583 527 1644 ³³contrariam
551 1583 696 1643 humanae
718 1585 810 1656 vitae,
834 1584 907 1644 lacta
933 1593 961 1645 et
980 1585 1045 1663 ipsa
1060 1587 1208 1646 contraria
1222 1586 1369 1647 humanae

197 1706 244 1747 ter
277 1682 534 1745 demutationem?
583 1683 770 1745 *Enimvero
803 1685 829 1744 si
858 1683 1089 1746 demutationem
1121 1688 1200 1764 capit
1231 1688 1369 1747 amittens

197 1787 271 1867 quod
295 1786 359 1858 luit,
382 1785 491 1845 341ἠοη
515 1785 570 1844 erit
592 1803 667 1863 quae
690 1786 753 1857 sirit,
777 1796 807 1845 et
830 1785 857 1845 si
879 1804 953 1864 quae
968 1786 1023 1846 luit
1037 1804 1098 1846 non
1115 1786 1180 1859 erit,
1204 1787 1300 1847 soluta
1323 1797 1370 1847 est

198 1886 500 1959 ⁵metensomatosis,
524 1904 584 1945 non
607 1886 798 1946 adscribenda
822 1885 934 1946 scilicet
956 1886 982 1945 ei
999 1886 1203 1967 animaequae
1221 1886 1367 1948 sidemu·

198 1990 303 2049 abitur
324 2006 384 2047 non
408 1988 473 2046 erit.
518 1985 598 2046 lllius
621 1986 699 2045 enim
722 1986 1012 2047 ³6metensomatosis
1042 1987 1156 2048 dicetur
1177 2006 1369 2069 quaecuuque

197 2108 256 2150 ram
279 2090 310 2149 in
334 2106 388 2148 suo
412 2097 489 2147 statu
511 2088 712 2164 permanendo
734 2095 895 2165 pateretur.
939 2085 1032 2164 lgitur
1054 2088 1080 2148 si
1102 2106 1157 2147 uec
1180 2088 1287 2150 mutari
1309 2107 1367 2167 po·

200 2198 267 2261 est,
291 2208 329 2249 ne
353 2206 413 2248 non
437 2188 476 2247 sit
498 2186 578 2265 ipsa,
603 2206 658 2246 nec
679 2206 854 2265 permanere
877 2188 906 2248 in
929 2196 1023 2261 statu,
1047 2188 1114 2267 quia
1138 2190 1288 2250 conuaria'
1307 2206 1367 2249 noo

197 2291 284 2371 sapit,
308 2307 420 2368 quaero
443 2290 539 2349 adbuc
562 2306 678 2347 causam
700 2287 826 2366 aliquam
849 2288 906 2347 fide
930 2286 1047 2365 dignam
1074 2289 1246 2349 huiusmodi
1268 2298 1368 2349 trans-

198 2392 318 2452 ationis.
363 2379 435 2449 Na‘m
459 2390 513 2449 etsi
538 2389 655 2467 quidam
679 2389 815 2449 homines
839 2387 943 2448 bestiis
966 2389 1170 2468 adaequantur-
1189 2407 1245 2468 pro
1266 2388 1364 2467 quali·

197 2492 302 2553 atibus
324 2509 440 2552 morum
466 2499 494 2549 et
516 2490 702 2567 ingeniorum
726 2498 755 2549 et
770 2490 944 2560 affectuum,
969 2490 1036 2568 quia
1052 2499 1081 2550 et
1096 2490 1186 2564 deus,
1208 2490 1364 2576 ³⁷Assimi-
1381 2495 1485 2589 usp-²¹

197 2602 266 2655 atus
291 2601 354 2666 est,
383 2591 492 2669 inquit,
521 2590 611 2650 homo
635 2588 887 2650 ”inrationalibus
910 2589 1067 2662 iumentis,
1100 2609 1161 2651 non
1191 2591 1257 2651 ideo
1285 2590 1367 2676 milri
1445 2576 1452 2599 ⁹
1488 2576 1494 2588 ⁸

198 2714 224 2755 ex
248 2692 405 2771 rapacibus
428 2693 514 2761 fient,
548 2703 578 2751 et
600 2710 688 2751 canes
719 2710 752 2750 ex
782 2689 914 2769 spurcis,
950 2697 980 2749 el
1000 2691 1162 2768 pantherae
1184 2711 1220 2752 ex
1241 2691 1368 2767 acerbis,

198 2796 269 2856 ⁹aut
292 2812 364 2854 ores
388 2811 422 2852 ex
445 2792 565 2870 probis,
596 2800 625 2851 et
646 2791 821 2852 hirundines
844 2810 878 2851 en
901 2789 1074 2867 ”garrulis
1104 2799 1134 2852 el
1155 2792 1309 2853 columbae
1332 2811 1368 2854 ex

198 2896 322 2967 iudicis,
357 2895 441 2972 quasi
471 2893 572 2953 eadem
604 2893 768 2955 substantia
798 2893 913 2954 animae
941 2892 1050 2972 ubique
1073 2902 1207 2955 naturam
1231 2913 1315 2956 suam
1337 2893 1368 2955 in

197 2997 359 3057 animalium
383 2995 614 3073 proprietatibus
631 3004 754 3072 repetat.
792 2994 877 3055 Aliud
901 3002 948 3054 est
969 3002 1066 3054 autem
1090 2995 1266 3069 substantia,
1290 2994 1368 3056 aliud

198 3106 293 3158 latura
324 3095 521 3167 substantiae3
559 3095 703 3172 siquidem
727 3095 892 3156 substantia
915 3095 1035 3173 propria
1066 3106 1113 3155 est
1141 3097 1184 3156 rei
1214 3097 1367 3175 cuiusque,

198 3207 293 3260 satura
315 3216 386 3256 vero
410 3207 508 3275 potest
532 3214 599 3255 esse
622 3198 798 3256 eommunis.
833 3196 956 3274 Suspice
980 3196 1156 3275 exemplum.
1195 3197 1367 3256 Substantia

197 3308 237 3361 est
264 3298 357 3377 lapis,
391 3298 517 3356 lartum:
546 3297 652 3356 duritia
683 3297 788 3374 lapidis
819 3305 848 3356 et
877 3295 947 3355 lerri
977 3306 1080 3356 natura
1104 3297 1288 3357 substantiae
1311 3305 1366 3356 est.

197 3401 304 3463 lluritia
329 3397 540 3469 communicat,
571 3397 732 3456 substantia
762 3395 921 3456 discordat.
966 3396 1088 3455 Mollitia
1116 3397 1215 3468 lanae,
1244 3395 1367 3456 mollitia
1407 3425 1412 3437 ·

197 3502 321 3579 plumae,
346 3500 462 3578 pariant
485 3498 627 3557 battualia
651 3516 768 3569 earum,
791 3494 974 3556 substantiva
998 3515 1058 3554 non
1081 3494 1226 3573 parianu.
1266 3495 1317 3555 Sic
1338 3502 1366 3555 et

197 3603 216 3662 si
238 3621 324 3663 saera
347 3601 440 3660 bestia
464 3600 537 3658 ‘¹¹vel
561 3599 652 3677 proba
676 3606 797 3658 vocetur
820 3597 925 3666 homo,
960 3597 1013 3655 sed
1041 3614 1102 3655 non
1132 3596 1234 3655 eadem
1257 3595 1365 3657 anima.

197 3702 261 3763 Nam
286 3713 316 3763 et
338 3711 408 3762 tunc
430 3710 550 3760 naturae
575 3699 735 3758 similitudo
759 3706 879 3757 notatur
907 3714 972 3757 eum
996 3695 1179 3757 substantiae
1208 3695 1365 3756 dissimili·

197 3806 259 3865 tudo
296 3803 487 3880 conspicitur.
537 3801 667 3879 ⁴²lpsum
701 3800 779 3859 enim
809 3797 888 3878 quod
917 3798 1068 3858 hominem
1097 3797 1224 3859 similem
1254 3797 1366 3859 bestiae
1412 3799 1415 3812 ¹

197 3901 318 3978 iudicas,
352 3904 501 3965 conliteris
531 3903 657 3961 animam
686 3920 746 3960 non
768 3900 937 3971 ³³eandem,
972 3900 1097 3960 similem
1128 3898 1270 3972 dicendo,
1304 3917 1363 3960 non

197 4002 294 4079 ipsam.
330 4006 379 4066 Sic
394 4013 423 4064 et
438 4004 534 4063 divina
558 4003 760 4082 pronuntiatio
785 4002 878 4081 sapit,
900 4002 1064 4080 pecudibus
1088 4001 1282 4093 ‘'adaequans
1305 4001 1363 4062 ho-

197 4150 227 4207 28.
248 4168 272 4208 et
291 4160 372 4207 onom
427 4156 465 4204 at.
493 4158 589 4219 corpori
609 4157 687 4217 dllmq.
750 4155 789 4204 28.
810 4154 992 4214 obduceturd.,
1013 4156 1170 4203 deemeadot.
1189 4155 1365 4204 Fuluiillasiai.

197 4221 350 4276 'bduceretur
368 4227 460 4287 reliqui.
504 4224 543 4270 tt).
564 4223 972 4281 extendeturmajoredomus.
1009 4223 1177 4269 extenderetur
1193 4224 1286 4285 reliqui.
1323 4221 1364 4270 30.

198 4296 344 4344 ⁰ntrabetur
368 4295 398 4352 b,
425 4295 453 4339 de
478 4294 589 4339 emendat.
615 4293 690 4339 Fuluii
707 4291 791 4339 Urairrl.
845 4290 1027 4338 contraheretur
1051 4290 1126 4337 lata.
1190 4287 1231 4336 31.
1260 4290 1279 4336 si
1304 4289 1364 4338 ddb.

198 4365 248 4412 uod
269 4363 363 4424 reliqui.
418 4359 458 4407 32.
478 4360 677 4420 anaequantird.
730 4358 770 4406 33.
797 4357 949 4406 Contrarium
968 4358 1017 4417 dtp.
1077 4355 1117 4404 34.
1136 4355 1262 4404 Enimuero
1281 4356 1300 4403 si
1321 4356 1364 4404 de-

197 4432 343 4480 tulationem
363 4444 406 4476 om.
425 4430 449 4475 l.
504 4427 566 4474 3lo.
586 4442 633 4474 non
653 4427 697 4473 erit
716 4441 776 4488 quae
796 4426 839 4473 luit
858 4427 935 4474 oml.
982 4422 1022 4471 35.
1040 4416 1288 4487 μετενσωμάτωσις
1306 4423 1363 4472 uua.

197 4489 220 4542 3.
242 4488 567 4564 psarvooepdroutellt'c.
622 4494 662 4541 3'l.
682 4494 845 4540 adsimulatus
866 4493 887 4541 G.
941 4489 982 4539 38.
1002 4491 1245 4552 inrationalibusld.
1282 4492 1304 4539 in
1324 4505 1364 4538 ra-

198 4566 316 4614 >natibus
336 4565 361 4612 B.
404 4563 583 4611 irrationalibus
604 4563 626 4609 C.
663 4562 869 4609 irrationabilibus
888 4558 986 4621 (Atplub.
1041 4558 1082 4608 39.
1101 4568 1141 4607 aut
1160 4574 1215 4608 ores
1234 4573 1261 4606 er
1280 4556 1363 4621 probis

197 4637 263 4684 m.
306 4630 511 4691 dhgarullisd.
553 4629 839 4691 ll.velprobaom.d.
886 4625 1071 4688 dhlpsuddll.
1116 4624 1362 4675 43eandemsimi-

197 4707 229 4750 ¹1]
251 4703 303 4761 alb„
324 4702 436 4748 latinius.
473 4698 572 4745 eandem
592 4697 705 4756 similem,
725 4697 828 4744 similem
848 4694 906 4743 aco.
959 4693 1000 4743 44.
1020 4695 1175 4758 adbaequaus
1192 4696 1217 4743 l.

209 4833 240 4886 h.
263 4830 369 4900 pariant]
389 4834 424 4883 Ci.
444 4833 534 4881 alnou.
553 4833 581 4881 ad
602 4832 705 4896 cap.30.

209 4919 381 4965 ‘uenantum
397 4932 448 4963 ore.
463 4932 606 4963 nomentan.
644 4919 706 4959 Tum.
717 4916 743 4958 ll.
1174 4910 1206 4960 39
