3242 5775
575 661 723 705 soranam
745 662 918 706 usncronmt
940 666 1053 710 cro.1v.
1344 661 1407 724 255

223 831 277 875 nec
297 811 375 886 illic;
398 830 469 874 ecce
490 810 572 873 enim
594 811 670 873 intra
694 832 747 873 vos
770 820 817 873 est
838 831 962 892 regnum
984 813 1041 896 dei.
1080 814 1117 876 Et
1131 834 1169 877 ne
1184 832 1408 897 argumentetur

223 912 341 976 uuna
364 912 516 974 haeretica
538 913 576 973 de
598 931 690 991 regno
713 913 873 985 creatoris,
897 914 1015 993 dequo
1038 917 1261 994 consulebatur,
1286 941 1345 984 noo
1369 925 1407 989 de

224 1031 275 1076 ssa
296 1014 498 1094 respondisse
520 1015 564 1075 eis
586 1013 757 1084 dominnm,
792 1015 945 1092 sequentia
973 1015 1133 1079 obsistunt.
1189 1018 1296 1082 Dicens
1324 1025 1404 1086 euim

224 1115 310 1177 flium
334 1116 469 1176 hominis
492 1123 561 1176 aute
583 1114 671 1177 multa
695 1115 755 1195 pati
778 1128 808 1176 et
829 1115 983 1193 reprobari
1013 1128 1169 1195 oportere,
1199 1130 1267 1181 anto
1289 1122 1529 1190 adven-auertiue

225 1225 280 1278 u
309 1235 420 1285 suuni,
460 1216 489 1276 in
519 1234 577 1294 quo
608 1223 636 1276 et
664 1235 788 1294 regnum
825 1216 1057 1277 substantialiter
1084 1219 1278 1293 revelabitur,
1316 1243 1403 1287 suom

225 1318 354 1380 modii
376 1325 410 1377 et
431 1335 556 1394 regnum
579 1316 615 1377 de
637 1337 696 1396 quo
718 1318 931 1395 responderat,
959 1319 1037 1396 quod
1061 1320 1218 1398 passiones
1242 1332 1272 1383 et
1293 1342 1401 1402 repro·

226 1416 355 1480 Eiones
386 1418 485 1497 ipsius
513 1417 693 1496 expectabat.
748 1418 912 1495 Reprobari
941 1427 1037 1479 autem
1068 1420 1198 1494 habeus,
1236 1430 1264 1484 et
1296 1434 1401 1503 postea

227 1519 340 1599 §sosoi
365 1530 398 1580 et
419 1518 532 1579 assumi
556 1527 586 1579 et
606 1517 723 1590 extolli,
757 1517 845 1579 etiam
874 1518 972 1598 ipsum
1001 1519 1122 1581 verbnm
1151 1521 1305 1599 reprobari
1332 1523 1402 1586 inde

198 1673 199 1724 ἑ
227 1617 404 1700 “decerpsit
424 1618 475 1680 ubi
498 1619 529 1680 in
550 1619 656 1699 lapidis
679 1620 844 1697 aenigmate
866 1630 991 1698 utraque
1011 1620 1151 1681 revelatio
1167 1622 1232 1683 eius
1247 1624 1324 1701 apud
1340 1625 1400 1686 lia·

228 1719 267 1782 n'd
286 1721 470 1793 canebatur,
492 1719 586 1799 prima
608 1719 801 1790 recusabilis,
825 1720 954 1781 secunda
977 1720 1172 1782 honorabilis.
1215 1722 1322 1801 Lapis,
1350 1726 1380 1786 in
1414 1718 1529 1816 affl„

231 1821 300 1902 pli,
332 1839 428 1901 quem
457 1819 691 1899 reprobaverunt
717 1820 925 1891 aedificantes,
961 1819 1020 1881 iste
1051 1822 1144 1882 lactus
1177 1830 1222 1883 est
1256 1823 1286 1883 in
1315 1834 1402 1903 caput
1495 1801 1502 1822 ’

233 1922 331 2002 quii.
376 1918 547 1983 Ademino
576 1921 759 1981 factumest
787 1922 853 1981 boo.
898 1921 1010 1981 Vanum
1038 1921 1135 1993 enim,
1168 1923 1194 1982 si
1220 1915 1529 2014 credidimusl⁰55{'}·}

235 2019 309 2085 bn
337 2022 379 2084 de
408 2020 587 2082 contumelia
613 2032 664 2082 aut
691 2022 784 2098 gloria
814 2022 927 2083 scilicet
952 2021 1076 2082 alicuius
1105 2022 1309 2100 praedicasse,
1341 2023 1403 2087 ³³ut
1506 2001 1513 2021 ¹

238 2139 285 2185 ΙΙ
304 2142 375 2185 eum
399 2121 595 2202 portenderet
615 2139 703 2199 quem
726 2130 755 2182 et
777 2122 805 2181 in
829 2121 934 2201 lapidis
958 2131 986 2183 ct
1008 2122 1038 2182 in
1062 2131 1162 2200 petrae
1189 2131 1218 2184 et
1239 2124 1269 2184 in
1292 2125 1402 2187 montis

234 2221 314 2303 'hro
329 2223 566 2304 ³'portenderat
600 2221 659 2282 Sed
682 2221 708 2281 si
731 2222 767 2281 de
790 2241 846 2283 suo
870 2223 1001 2301 loquitur
1016 2224 1158 2294 adventu,
1180 2242 1316 2285 curcum
1332 2225 1398 2286 die·
1412 2217 1529 2312 Lffi'fl

243 2317 284 2386 b
301 2325 366 2386 Noe
398 2332 427 2384 et
450 2323 527 2384 Loth
555 2331 707 2401 comparat
734 2323 820 2382 tetris
848 2333 878 2384 et
905 2323 1069 2394 atrocibus,
1106 2323 1180 2384 deus
1208 2332 1240 2385 et
1267 2325 1343 2386 lenis
1372 2334 1402 2387 et

245 2422 328 2487 inst
361 2425 425 2486 Cur
439 2424 581 2485 admonet
594 2423 768 2484 meminisse
783 2423 886 2484 uxoris
903 2423 999 2495 Loth,
1022 2443 1097 2502 quae
1111 2434 1301 2505 praeceptum
1316 2444 1401 2488 moa-

246 2525 303 2586 hris
321 2544 384 2587 nou
407 2526 528 2603 impune
550 2523 743 2601 contempsit,
777 2524 802 2583 si
826 2543 885 2584 non
908 2542 974 2585 cum
1002 2524 1112 2606 indicio
1141 2525 1221 2585 venit
1247 2524 1401 2586 vindican-

243 2621 330 2687 fin
352 2634 582 2705 praeceptorum
605 2621 754 2686 suorum?
787 2624 882 2685 Etiam
906 2625 931 2685 si
954 2624 1080 2684 vindicat
1101 2634 1133 2685 ut
1155 2624 1220 2697 ille,
1244 2626 1269 2685 si
1292 2625 1401 2687 iudicat

241 2731 296 2797 b.
313 2745 372 2787 non
396 2725 499 2787 debuit
519 2742 575 2803 per
596 2724 659 2783 eius
682 2722 858 2783 documenta
880 2717 1008 2784 lormare
1024 2743 1113 2803 quem
1128 2701 1269 2796 destruil,
1291 2744 1330 2785 ne
1351 2725 1401 2786 illc
1451 2723 1454 2728 ’

247 2827 423 2889 nalormarc
446 2827 590 2887 videatur.
624 2824 655 2886 Si
678 2842 747 2883 vero
771 2824 870 2883 ethic
893 2842 951 2884 oon
975 2824 1011 2884 de
1033 2843 1088 2884 suo
1111 2824 1241 2904 loquitur
1264 2825 1399 2899 adventu,
1506 2883 1509 2889 ,

249 2926 288 2987 d
305 2927 340 2988 de
355 2927 456 2989 ludaei
471 2925 597 2998 Christi,
620 2934 809 3003 expectemus
833 2925 919 2985 etiam
942 2943 1020 2985 nunc
1042 2944 1079 2986 ne
1101 2926 1171 3003 quid
1187 2926 1224 2987 de
1239 2945 1294 2986 suo
1309 2945 1399 3004 prae-

249 3024 322 3097 iat,
344 3029 423 3089 illum
448 3026 566 3087 iuterim
590 3045 657 3085 esse
680 3025 835 3085 credentes
858 3044 945 3103 quem
969 3028 1048 3084 ororii
1072 3026 1138 3086 loco
1161 3027 1320 3104 praedicat.

314 3129 383 3190 Nam
405 3136 436 3189 et
458 3127 564 3188 orandi
586 3126 836 3204 perseverantiam
863 3134 893 3185 et
915 3124 1081 3186 instantiam
1104 3127 1247 3186 mendam
1270 3127 1529 3205 parabo-cupam

251 3222 417 3290 hindicis
445 3228 532 3307 ponit
561 3227 654 3286 coacti
682 3226 784 3286 audire
807 3225 922 3285 viduam
952 3225 1090 3285 instantia
1119 3236 1150 3285 et
1181 3206 1529 3302 perseverantiaffllzblll

253 3323 497 3408 'Urpelhtionum
520 3327 595 3386 eius.
640 3328 716 3404 Ergo
739 3327 863 3386 iudicem
887 3327 974 3385 deum
998 3325 1129 3385 ostendit
1151 3325 1312 3397 orandum,
1340 3345 1401 3385 non

253 3430 330 3499 §.si
350 3448 408 3490 oon
431 3428 498 3506 ipse
521 3436 566 3488 est
588 3427 686 3487 iudex.
724 3426 783 3485 Sed
806 3425 960 3486 subiunxit
980 3427 1125 3484 lecturum
1141 3424 1228 3482 derum
1245 3424 1400 3484 vindictam

248 3524 389 3591 hierom
411 3547 547 3590 suorum.
597 3527 629 3587 Si
652 3546 723 3605 ergo
746 3527 810 3603 ipse
834 3527 891 3587 erit
912 3527 997 3586 iudex
1021 3524 1069 3603 qui
1094 3533 1123 3584 et
1145 3523 1267 3594 vindex,
1300 3524 1400 3585 ¹crea·

249 3628 327 3691 ficu
348 3648 418 3708 ergo
443 3629 595 3690 meliorem
619 3628 706 3688 deum
731 3627 880 3705 probavit,
903 3645 991 3704 quem
1010 3625 1170 3685 electorum
1195 3643 1317 3685 suorum
1341 3625 1402 3686 cla-

249 3730 371 3790 hatum
392 3729 429 3789 ad
453 3747 522 3790 eum
544 3729 591 3788 dic
612 3727 661 3788 'et
682 3736 768 3788 nocte
791 3727 936 3787 vindicem
959 3726 1100 3786 ostendit.
1149 3725 1186 3785 Et
1214 3735 1310 3786 tamen
1334 3745 1400 3787 oum
1415 3722 1529 3819 lufflll

251 3828 371 3908 ¹hieru
393 3829 537 3891 creatoris
558 3829 685 3897 inducit,
708 3836 738 3888 et
758 3828 836 3888 duos
859 3828 1016 3888 adorantes
1038 3827 1153 3886 diversa
1173 3836 1271 3887 mente
1286 3826 1401 3887 descri-

251 3918 300 3999 ἃ,
328 3932 513 4008 pharisaeum
541 3929 571 3989 in
600 3929 757 4007 superbia,
789 3927 977 4005 publicanum
1008 3927 1037 3986 in
1065 3926 1246 3998 humilitate,
1278 3927 1403 4005 ideoque

256 4022 355 4091 buu
377 4030 585 4109 reprobatum,
612 4030 736 4089 alterum
760 4029 947 4089 iustificatum
979 4026 1190 4097 descendisse,
1222 4027 1322 4104 utique
1344 4026 1402 4087 do-

260 4128 330 4189 ·io
349 4150 403 4209 qua
426 4129 580 4207 disciplina
603 4130 642 4190 sit
663 4129 806 4189 orandum
831 4147 897 4188 euru
927 4136 957 4187 et
977 4127 1025 4186 bic
1048 4126 1190 4186 orandum
1213 4127 1403 4186 constituito

261 4216 435 4303 §relaturi
459 4238 563 4289 essent
584 4248 646 4288 earn
670 4229 773 4288 orandi
797 4229 999 4304 disciplinam,
1023 4226 1084 4285 sive
1100 4225 1331 4303 reprobatricem
1347 4245 1401 4285 su·

260 4325 355 4401 plne
375 4329 438 4389 sive
460 4329 704 4389 ’iustificatricem
726 4329 929 4388 ‘humilitatis
966 4327 1094 4386 Alterius
1117 4325 1164 4385 dei
1186 4344 1241 4386 uec
1263 4327 1404 4404 templum

261 4436 304 4487 hc
318 4439 451 4489 oratores
474 4446 529 4488 nec
551 4427 686 4489 iudicium
710 4431 829 4489 invenio
859 4447 952 4507 penes
976 4427 1141 4498 Christum,
1170 4426 1228 4486 nisi
1251 4425 1404 4486 creatoris.

261 4516 325 4587 h
344 4527 424 4589 iubet
447 4527 572 4588 adorare
593 4529 620 4589 in
643 4530 823 4602 bumilitate,
847 4538 879 4589 ut
900 4527 1087 4588 allevatorem
1103 4526 1274 4599 humilium,
1298 4543 1359 4585 non
1375 4521 1404 4580 in

279 4706 414 4773 tampsii
436 4713 595 4761 Vaticannn
611 4717 675 4764 alter.
728 4715 770 4765 35.
789 4731 837 4766 non
857 4721 883 4763 ut
900 4715 958 4763 nea.
1011 4713 1052 4763 38.
1071 4713 1226 4776 portenderet
1243 4713 1295 4761 bod.

271 4779 363 4894 εἰς.
381 4778 479 4827 ffll'l·
525 4778 549 4825 l·
566 4780 585 4826 ti
601 4791 731 4833 mastonem
751 4785 794 4833 BC.
848 4781 871 4832 2.
890 4782 987 4831 ocbcd.
1045 4780 1069 4830 3.
1087 4779 1279 4830 instillcatiooem
1297 4775 1341 4825 BC.
1381 4768 1407 4819 4·

353 4861 405 4895 ιι
1367 4864 1373 4873 “
