3242 5775
599 694 745 739 remeans
767 695 939 743 macrone!
960 700 1018 743 me.
1034 700 1060 744 v.
1362 689 1425 754 295

240 842 354 904 nnllam
377 842 467 905 talem
489 842 627 907 babebat.
671 846 760 920 Bovi,
790 847 901 928 inquit,
934 851 1041 912 terenti
1065 867 1100 912 os
1121 869 1182 947 non
1205 851 1366 933 obligabis,
1395 856 1529 953 eldssffi

240 944 345 1017 adicit,
369 943 521 1025 Numquid
543 946 580 1007 de
601 945 725 1009 ¹'bubus
746 949 876 1029 pertinet
890 950 926 1011 ad
942 950 1119 1014 dominum?
1141 953 1228 1014 etiam
1244 953 1310 1016 ²⁴de
1326 955 1425 1018 bubus

242 1054 367 1126 propter
389 1046 528 1109 homines
550 1046 736 1127 benignum?
762 1049 891 1130 Propter
912 1070 969 1114 nos
985 1053 1063 1114 enim
1079 1052 1222 1134 seriptum
1239 1064 1295 1128 est,
1317 1055 1423 1137 inquit.
1438 1057 1529 1165 ¹l⁵a⁰qu¹

243 1147 319 1228 Ergo
344 1155 376 1209 et
397 1147 494 1226 legem
518 1149 704 1228 allegoricam
726 1150 890 1212 seeundum
912 1171 969 1213 nos
985 1151 1136 1233 probavit,
1158 1156 1247 1217 etde
1270 1158 1521 1254 evangelioxlvlppp¹

244 1248 412 1311 virentibus
434 1249 685 1329 patrocinantem,
708 1270 741 1312 ac
763 1261 888 1331 propter
903 1253 961 1314 hoo
975 1272 1036 1314 non
1059 1255 1181 1316 alterius
1203 1275 1272 1318 esse
1295 1276 1423 1337 evange·
1457 1317 1464 1331 ,
1498 1242 1505 1262 '

244 1351 381 1413 hatores
406 1370 495 1431 quam
519 1353 602 1413 euius
625 1352 671 1413 lex
693 1370 767 1431 quae
790 1354 945 1433 prospexit
973 1353 1049 1427 illis,
1082 1373 1149 1417 eum
1177 1356 1264 1430 dicit,
1298 1358 1425 1439 Propter

244 1471 296 1515 eos
317 1452 403 1514 enim
428 1453 571 1532 seriptum
593 1465 651 1514 est.
689 1453 748 1515 Sed
769 1453 866 1515 noluit
886 1454 929 1515 uti
951 1455 1024 1533 legis
1046 1464 1209 1534 potestate,
1232 1457 1300 1535 quia
1321 1459 1426 1520 maluit

246 1556 330 1633 graus
346 1554 498 1615 laborare.
534 1553 598 1615 lloe
618 1555 655 1616 ad
676 1555 800 1633 gloriam
824 1573 908 1616 suam
930 1556 1046 1629 retulit,
1069 1576 1156 1635 quam
1178 1558 1296 1635 negavit
1316 1578 1422 1638 quem
1437 1556 1529 1664 ¹¹⁰⁶⁰gp¹ql

245 1673 326 1734 qaam
350 1663 581 1728 evacuaturum,
605 1674 665 1717 uon
688 1657 724 1717 ad
746 1656 820 1734 legis
836 1657 1084 1730 destructionem,
1108 1676 1164 1735 qua
1185 1658 1273 1720 alium
1289 1660 1426 1738 probavit

247 1774 377 1819 tamum.
425 1755 502 1817 Eece
525 1756 603 1817 enim
625 1765 655 1817 et
677 1758 707 1817 in
729 1765 845 1835 petram
875 1757 1000 1819 ollendit
1026 1777 1131 1819 caecus
1153 1759 1282 1820 Marcion
1306 1759 1343 1820 de
1365 1778 1423 1839 qua

247 1855 380 1918 bibebant
411 1856 442 1917 in
472 1855 629 1918 solitudine
657 1865 758 1937 patres
785 1859 891 1919 nostri.
942 1858 973 1920 Si
1001 1860 1079 1920 enim
1107 1866 1191 1938 petra
1213 1860 1261 1921 illa
1285 1859 1529 1930 Christustooru.

249 1957 308 2024 ffit.
332 1958 439 2037 utique
463 1959 622 2029 creatoris,
652 1959 736 2020 cuius
759 1970 789 2021 et
809 1959 949 2039 populus.
1001 1959 1054 2021 Cui
1077 1961 1119 2021 rei
1143 1962 1266 2039 liguram
1289 1961 1423 2023 extranei

250 2060 439 2120 immenti·
461 2058 696 2137 interpretatur?
723 2063 767 2121 dn
789 2069 822 2122 ut
843 2061 900 2121 hoc
922 2061 1019 2140 ipsum
1041 2060 1164 2122 doceret
1183 2062 1308 2140 figurata
1329 2060 1421 2123 luisse

252 2168 340 2221 rem
362 2160 394 2221 in
412 2158 566 2221 Christum
588 2161 704 2223 exiliis
727 2160 968 2223 recensendum?
1004 2162 1077 2222 Nam
1100 2170 1130 2223 et
1149 2161 1294 2241 reliquum
1310 2161 1420 2223 exitum

253 2261 342 2339 papati
363 2261 553 2323 decursurus
575 2262 751 2341 praemittit,
774 2262 855 2323 llaec
876 2270 974 2323 autem
996 2263 1128 2343 exempla
1144 2262 1232 2323 nobis
1249 2270 1320 2323 suut
1334 2264 1419 2323 lacta
1433 2279 1529 2332 tecet.

255 2358 298 2421 bie
316 2362 401 2433 mibi,
424 2380 440 2422 a
465 2372 598 2424 creatore
621 2363 742 2424 alterius
765 2362 886 2442 quidem
909 2363 1001 2442 ignoti
1026 2363 1073 2424 dei
1093 2363 1265 2452 bominibus
1289 2362 1423 2442 exempla

257 2469 317 2524 aaut
341 2465 436 2535 laeta,
470 2481 508 2524 au
536 2464 610 2526 alius
633 2465 706 2527 deus
729 2464 765 2526 ab
787 2464 845 2526 alio
867 2472 1018 2526 mutuatur
1040 2465 1189 2545 exempla,
1222 2463 1422 2543 ”etquidem

195 2619 201 2632 ,
259 2563 383 2626 uuo?
416 2564 461 2625 lle
482 2565 534 2625 illo
558 2584 604 2625 me
626 2574 718 2628 terret
741 2566 798 2627 sibi
821 2585 838 2628 a
860 2585 919 2645 quo
941 2565 1029 2627 fidem
1053 2583 1148 2627 meem
1170 2566 1323 2627 transiert.
1356 2563 1421 2625 ble-

195 2697 206 2736 ,
261 2662 348 2725 berem
369 2685 419 2727 me
441 2665 483 2726 illi
505 2665 691 2730 adversarius
715 2665 823 2729 faciet?
860 2667 920 2729 lam
943 2667 970 2727 si
992 2666 1144 2746 deliquero
1168 2666 1271 2728 eadem
1293 2684 1369 2746 quae
1393 2675 1422 2727 et

195 2801 212 2839 μ
265 2766 388 2843 mins,
415 2767 560 2828 eademne
582 2787 727 2847 passurus
750 2787 834 2841 sum,
864 2788 899 2830 an
922 2766 1007 2829 noni
1050 2768 1158 2847 Atquin
1181 2767 1206 2828 si
1228 2785 1290 2828 non
1306 2766 1420 2840 eadem,
1434 2770 1529 2876 ¹7⁶3?

196 2912 216 2936 ,
268 2879 323 2927 me
347 2869 417 2930 mibi
448 2868 577 2931 timenda
606 2870 747 2951 proponit
777 2890 852 2948 quae
881 2889 941 2931 non
970 2890 1036 2932 sum
1064 2889 1220 2949 passurus.
1271 2868 1420 2931 Passurus

196 3008 221 3043 a
273 2976 346 3029 ntem
365 2988 382 3031 a
403 2989 463 3049 quo
486 2970 565 3030 ero?
609 2972 641 3031 Si
663 2991 680 3031 a
702 2979 852 3043 creatore,
882 2972 978 3050 qualia
1008 2971 1140 3049 infligere
1168 2970 1261 3048 ipsius
1291 2969 1359 3032 est?
1390 2980 1421 3031 et

196 3100 225 3145 ,ι
276 3067 336 3141 μὴ
353 3070 407 3131 erit
426 3080 460 3132 ut
481 3081 666 3150 peccatorem
689 3072 794 3134 aemuli
818 3073 863 3133 sui
886 3074 990 3151 puniat
1010 3073 1104 3151 magis
1126 3090 1213 3151 quarn
1237 3071 1418 3133 econtrario

196 3180 228 3249 „l
279 3165 435 3231 miens
458 3171 596 3232 zelotes?
628 3174 659 3233 st
681 3174 716 3232 ab
739 3172 788 3231 illo
811 3171 890 3232 deo?
927 3174 1034 3251 Atquin
1049 3174 1157 3253 punire
1172 3190 1232 3231 non
1246 3172 1338 3233 novit.
1375 3171 1416 3232 lta

217 3305 232 3325 ·.
283 3272 325 3326 teu
340 3270 385 3330 ista
405 3272 574 3351 propositio
597 3272 724 3349 apostoli
747 3273 825 3332 nulla
847 3272 963 3333 ratione
978 3273 1130 3341 consistit,
1155 3272 1180 3330 si
1196 3290 1256 3331 non
1272 3271 1307 3332 ad
1323 3271 1416 3333 disei-

196 3402 232 3421 -·
287 3364 361 3440 llum
379 3373 521 3434 creatoris
545 3381 599 3432 est.
641 3372 771 3451 [lenique
795 3382 825 3432 et
846 3373 877 3432 in
900 3372 1028 3433 clausula
1050 3370 1223 3450 praelationi
1246 3370 1417 3448 respondet.

199 3486 240 3549 ,5
290 3461 342 3529 leae
356 3483 441 3535 tutem
463 3473 712 3552 quemadmodum
729 3482 890 3534 evenerunt
905 3472 977 3543 illis,
1001 3471 1109 3549 scripta
1124 3477 1195 3530 sunt
1210 3469 1245 3528 ad
1262 3487 1319 3530 nos
1335 3488 1419 3531 com-
1434 3491 1529 3546 reeex.

195 3606 243 3673 pa
294 3574 429 3649 emtas,
451 3577 483 3637 in
507 3594 583 3653 quos
607 3575 680 3634 lines
703 3593 842 3635 aevorum
865 3574 1107 3634 decucurrerunt.
1153 3571 1177 3631 0
1202 3578 1367 3630 creatorem
1390 3578 1421 3631 et

195 3704 247 3755 ,uu
297 3674 411 3739 mem
432 3678 490 3737 ianr
515 3686 544 3737 et
572 3675 788 3736 admonitorem
817 3675 981 3736 alienorum
1004 3669 1257 3734 Christianorum!
1301 3668 1422 3732 ”Prae-

196 3802 251 3857 ,35
300 3770 349 3829 *et
364 3776 383 3835 si
401 3777 539 3856 quando‘¹
561 3777 641 3855 paria
659 3795 762 3838 eorum
779 3794 854 3855 quae
869 3784 1025 3836 retraetata
1042 3783 1122 3846 sunt,
1146 3772 1289 3853 quaedam
1305 3780 1333 3833 ct
1349 3771 1409 3834 bre·

196 3899 254 3968 ‚fga
302 3864 521 3959 werpungo.
567 3880 701 3956 Magnum
724 3886 929 3956 argumentum
953 3877 999 3937 dei
1023 3875 1144 3937 alterius
1166 3874 1326 3954 permissio
1352 3891 1418 3934 om·
1434 3878 1529 3985 Ιξὸοξὶἶξ.

196 4002 257 4060 μ
305 3964 350 4032 ’ΠΙ
365 3978 545 4042 obsoniorum
568 3980 710 4041 adversus
732 3980 837 4057 legem.
883 3977 973 4049 Quasi
1002 3995 1063 4037 non
1092 3987 1121 4037 et
1149 3975 1205 4055 ipsi
1228 3976 1422 4036 conliteamur

306 4060 432 4144 hi’ssertera
453 4082 594 4150 dimissa,
625 4082 678 4142 sed
701 4081 736 4140 ab
760 4099 795 4140 eo
820 4080 869 4157 qui
892 4079 1051 4157 imposuit,
1080 4077 1130 4155 qui
1158 4076 1348 4137 novationem
1370 4095 1420 4137 re·

196 4188 260 4261 ‘²⁵²3
307 4176 398 4241 illisit
436 4184 479 4243 lta
503 4191 533 4243 et
555 4181 636 4243 cibos
659 4183 708 4260 qui
732 4181 867 4252 abstulit,
890 4178 1034 4248 reddidit,
1063 4176 1143 4254 quod
1164 4186 1194 4237 et
1216 4196 1232 4238 a
1254 4176 1421 4257 primordio

197 4261 263 4359 “sa
307 4278 408 4343 mitt.
442 4284 579 4346 Ceterum
604 4284 629 4342 si
653 4282 818 4361 quisalius
842 4281 914 4342 deus
939 4280 1044 4340 luisset
1066 4277 1234 4338 destructor
1250 4278 1296 4339 dei
1312 4277 1420 4348 nostri,

198 4404 215 4429 r·
232 4382 263 4420 ‘·''
307 4366 345 4434 ff]
359 4384 434 4462 magis
456 4403 531 4445 suos
554 4383 756 4464 prohibuisset
779 4401 866 4462 quam
890 4381 926 4442 de
949 4380 1043 4459 copiis
1066 4378 1226 4440 adversarii
1248 4379 1356 4439 vivere.

304 4548 429 4620 Uberae.
471 4571 513 4621 tt.
532 4572 561 4620 de
579 4572 657 4620 bubus
675 4569 809 4627 tbobnsll.)
829 4569 915 4618 BCobc.
951 4576 974 4616 et
992 4565 1070 4615 bubus
1089 4569 1112 4616 d.
1149 4564 1226 4614 bubos
1238 4566 1303 4615 Fule.
1315 4563 1420 4621 Ursinus,

232 4650 257 4685 nt
301 4629 482 4690 “bau'mea
533 4639 573 4688 25.
593 4640 729 4703 etquidem
749 4639 816 4687 obed.
836 4638 966 4687 tiernensis
985 4637 1050 4684 liber.
1087 4633 1198 4698 equidem
1211 4633 1254 4683 BG.
1289 4630 1329 4680 26.
1349 4629 1421 4678 Prae-

196 4723 212 4755 :e
227 4705 254 4749 εἰ
299 4696 360 4750 Μ
374 4709 462 4769 quendo
479 4708 524 4757 BC.
576 4706 616 4756 27.
636 4721 745 4769 expungo
764 4707 788 4755 C.

203 4806 243 4880 »¹⁸⁸⁴
313 4844 428 4893 tumaci
444 4836 601 4906 sacramenti-l
630 4841 656 4890 ld
683 4849 719 4890 est
746 4840 808 4902 siqui
896 4836 919 4886 d.
937 4837 958 4887 si
977 4830 1086 4901 qnondol
1104 4829 1422 4899 Clqueeadnotarirnpre

292 4905 330 4952 ¹⁰ss
343 4921 353 4955 t
367 4908 410 4960 dee
427 4919 539 4961 extraneo
557 4911 613 4961 dati.
632 4909 792 4969 (inluniae.)
862 4906 893 4957 sd
911 4905 998 4981 cepi.
