3242 5775
319 605 382 670 208
578 619 681 671 cursor
704 618 836 661 ssrmrm
857 618 1023 662 sconsssrs
1045 617 1243 662 assensuum

319 772 469 843 hrodum.
491 769 638 842 llarcion,
661 768 761 848 aspice
783 768 858 830 mari
879 766 988 840 rubro,
1009 767 1131 829 vastiori
1152 759 1325 849 snper‘omr

318 872 459 945 iudaeae,
482 870 593 949 virgam
608 870 701 949 ldoysi
722 868 935 947 imperantem,
957 877 990 930 nt
1011 868 1143 931 ltmditus
1164 870 1323 949 proscisso

318 973 473 1052 'utrinque
496 980 619 1050 stupore
641 969 821 1032 discriminis
844 970 934 1031 fixum
962 970 1042 1031 sicco
1070 970 1319 1058 populum-pede

318 1075 424 1136 itinere
446 1072 677 1140 transmitteret.
699 1070 883 1150 'rursusque
905 1070 961 1131 sub
984 1069 1117 1132 eiusdem
1138 1072 1236 1151 virgae
1258 1082 1324 1135 nuti

317 1183 422 1237 natura
443 1173 615 1253 Aegyptium
639 1172 799 1233 exereitum
823 1172 966 1233 undarum
989 1172 1147 1234 concordia
1170 1173 1324 1246 obmeret‚

318 1294 395 1356 opus
417 1275 559 1336 claustri
589 1274 766 1338 servierunt.
814 1272 894 1352 Lege
921 1273 1049 1336 ⁴extorri
1078 1274 1206 1337 familiae
1233 1276 1321 1337 dirim

316 1376 444 1438 mansitu
471 1374 536 1436 eius
562 1373 716 1435 ⁸lomaois
745 1374 929 1435 machaeram
956 1375 1079 1448 luisse·,
1115 1375 1200 1446 cuius
1232 1376 1324 1457 impet

204 1499 304 1550 nens.
319 1477 478 1539 decursum
499 1477 586 1555 plane
608 1485 638 1536 et
659 1476 743 1536 lesus
771 1475 913 1536 docuerat
938 1476 1094 1556 prophetis
1119 1478 1324 1539 tmnsmeantil

320 1578 397 1651 Quid
419 1580 455 1640 ad
477 1576 573 1641 haec?
616 1577 647 1637 Si
671 1585 739 1638 tuus
761 1576 898 1638 Christus
927 1590 989 1650 est,
1018 1596 1079 1639 non
1107 1579 1165 1641 erit
1192 1579 1324 1659 potentio

318 1679 472 1741 creatoris.
515 1678 573 1741 Sed
595 1678 642 1739 his
665 1678 739 1739 solis
762 1677 903 1757 exemplis
926 1696 1000 1740 usus
1022 1697 1137 1752 essem,
1160 1678 1185 1738 si
1208 1698 1269 1740 non
1290 1689 1323 1742 et

307 1781 424 1843 'dicatio
448 1780 578 1841 marinae
599 1778 684 1840 istius
706 1777 902 1857 expeditionis
918 1778 1068 1866 Christum
1084 1780 1306 1841 antecessisset.

166 1901 307 1954 renna.
320 1883 503 1954 transfretat,
536 1879 669 1960 psalmus
698 1879 908 1958 expungitur.¹
943 1879 1105 1954 Dominus,
1136 1881 1247 1959 inquit,
1281 1899 1323 1962 sup

179 2004 304 2055 cismo.
319 1984 436 2045 multas.
480 1981 552 2043 Cum
575 1981 669 2043 undas
691 1981 759 2040 lreti
781 1979 933 2054 ⁷discutitv
964 1981 1081 2043 Abacuc
1102 1981 1305 2061 'adimpletum

319 2103 409 2164 gens,
444 2083 555 2162 inquit,
586 2099 678 2161 aquas
705 2081 822 2142 itinere.
876 2080 950 2142 Cum
977 2082 1013 2143 ad
1043 2082 1139 2143 minas
1168 2084 1233 2145 eius
1257 2084 1323 2146 elidi

178 2186 411 2256 sionensllaum
434 2203 551 2264 quoque
572 2182 744 2245 absolvitur.
788 2181 995 2252 Comminans.
1023 2184 1134 2262 inquit,
1167 2185 1241 2246 mari
1270 2194 1301 2245 et

318 2286 405 2356 illud.
428 2286 528 2365 utique
551 2303 616 2347 cum
639 2284 752 2355 ventis,
786 2282 894 2362 quihus
918 2283 1173 2362 ¹‘'inquietabatur.
1217 2285 1302 2347 Unde

318 2387 461 2447 vindicem
483 2382 658 2447 Christum?
686 2383 722 2445 de
745 2385 904 2462 exempliS‚
932 2401 969 2445 an
992 2385 1029 2445 de
1050 2385 1204 2464 prophetis
1226 2396 1323 2448 creato

318 2505 412 2560 nunc,
435 2486 490 2565 qui
507 2486 663 2547 militarem
686 2493 716 2545 et
736 2494 881 2546 armatum
903 2484 1076 2547 bellatorem
1098 2486 1260 2566 praedicari
1283 2506 1323 2567 pu

318 2589 440 2665 figurate
474 2603 529 2646 nec
559 2584 729 2662 allegorice,
776 2586 826 2665 qui
859 2585 966 2648 bellum
1000 2586 1133 2665 spiritale
1165 2587 1310 2650 adversus

319 2687 422 2747 hostes
444 2684 569 2764 spiritali
591 2685 692 2747 militie
716 2696 744 2747 et
765 2685 947 2765 spiritalibus
976 2688 1066 2748 armis
1094 2687 1268 2767 spiritaliter
1289 2689 1322 2751 de

166 2793 416 2858 hue-Vllldtesset,
438 2804 505 2846 cum
527 2785 642 2847 invenis
664 2785 692 2846 in
717 2805 776 2846 uno
800 2787 920 2848 homine
942 2788 1157 2849 multitudinem
1176 2788 1322 2852 doemone

317 2906 386 2949 nem
409 2905 443 2948 se
463 2888 645 2966 molossum,
673 2886 775 2967 ntique
798 2888 978 2968 spiritalem,
1006 2889 1086 2952 disce
1114 2900 1144 2952 et
1165 2890 1315 2953 Christum

319 3072 342 3122 2.
362 3081 489 3136 utrumqne
507 3071 737 3137 llostispessalosas.
795 3073 820 3125 3.
845 3090 977 3138 russosque
994 3075 1166 3141 idestispesssl.
1228 3076 1251 3126 1.
1271 3086 1322 3128 exto

318 3141 466 3189 dirimendae
485 3156 534 3203 epo.
570 3149 680 3189 exserte
699 3141 803 3191 lamillae
821 3143 969 3191 dirimendae
987 3145 1036 3193 abe.
1082 3151 1114 3200 et.
1132 3152 1197 3193 sorte
1216 3145 1321 3194 familiar

319 3210 342 3256 d.
364 3208 485 3257 Vaticanus
502 3223 570 3273 anas.
605 3215 629 3256 et
646 3217 725 3257 sortes
744 3210 850 3258 [omiliae
867 3210 1014 3259 dirimendae
1032 3211 1201 3276 delitiscendi.
1238 3222 1262 3262 et
1278 3214 1322 3262 lort

319 3275 596 3326 dirimendoFr.lssisrs.
637 3275 661 3324 b.
681 3277 703 3324 in
723 3278 824 3325 lrsnsitu
834 3278 910 3338 Colo,
922 3277 958 3326 rr.
966 3279 1054 3327 lanias.
1089 3279 1112 3327 io
1132 3281 1258 3328 transitum
1278 3283 1321 3330 d..

318 3344 342 3392 6.
361 3344 457 3393 lordsni
477 3343 614 3393 Fnlsnirrs.
667 3343 690 3391 ’1.
709 3343 813 3393 dicenter
829 3344 998 3408 donrtspemt.
1052 3344 1075 3395 8.
1094 3346 1240 3409 adimpletos
1257 3349 1319 3397 dont

318 3413 461 3474 dispargens
479 3412 502 3460 d.
520 3409 690 3475 identi'rpessal.
726 3411 869 3474 dispergens
888 3412 942 3461 Cob.
976 3412 1103 3476 disperges
1120 3430 1139 3464 r.
1194 3415 1233 3463 11).
1253 3414 1320 3479 inqui

318 3481 496 3543 tiapessrtlcnrra.

352 3613 410 3673 Cap.
429 3611 474 3660 lx.
515 3625 537 3660 a.
566 3612 628 3673 Lege
655 3611 742 3660 extorri
770 3610 876 3660 lamllise
926 3612 1234 3676 betorlosneeapdetl.
1254 3615 1321 3678 (llige

317 3677 465 3726 dirimendae
484 3678 507 3725 in
526 3680 626 3727 transitu
638 3677 808 3728 einslordanis
823 3692 875 3727 ma·
926 3682 1107 3730 rescribendum
1133 3691 1185 3731 erat
1208 3686 1321 3747 retorsit

318 3745 428 3794 cheeram
447 3740 534 3808 luisse]
558 3747 615 3807 lece
639 3753 659 3794 et
682 3753 755 3795 sortes
771 3747 876 3807 [omiliae
925 3763 977 3806 „ec
994 3754 1056 3797 sorte
1072 3748 1197 3810 ramittae“
1214 3753 1263 3799 sire
1281 3758 1321 3810 „et

317 3813 459 3861 dirimendae
477 3811 547 3859 habet
565 3811 687 3874 exemplar
709 3808 748 3877 [Ρ.
763 3810 875 3877 l'itboeil.
926 3815 990 3862 lise“
1009 3815 1044 3863 sel
1056 3824 1097 3873 „et
1109 3825 1189 3864 sortes
1201 3817 1321 3877 [omiliae.⁴

318 3879 386 3936 Quod
405 3877 518 3940 explicsri
537 3886 631 3940 potest:
649 3880 818 3943 serenoque„
837 3881 874 3929 bi·
925 3889 1015 3930 tenent.
1050 3883 1121 3944 Lege,
1140 3885 1225 3947 inquit.
1249 3886 1318 3935 lorda

316 3947 415 3994 storiam
435 3944 552 4003 iordanis,
570 3946 634 3995 scies
651 3947 703 3996 eins
722 3948 874 3996 machaerum
925 3962 976 3997 ram
996 3949 1072 3998 inisse
1089 3954 1177 4000 extorri
1202 3952 1310 4002 familiae

316 4011 391 4060 inisse
409 4013 433 4061 in
452 4012 577 4060 transitum
597 4014 700 4062 lairrilise
717 4015 874 4074 dirimendae,
926 4030 979 4065 snm
990 4017 1075 4071 lar-rell
1092 4019 1242 4067 dirimendae
1260 4020 1318 4073 the

316 4079 438 4128 obstitisse
456 4079 566 4127 transitui
591 4081 695 4130 illiorum
712 4082 797 4140 lsrael,
821 4091 875 4132 tan·
925 4092 948 4132 et
967 4084 1141 4147 prohibendae)
1159 4086 1320 4136 intransitu«

316 4160 386 4208 qnam
414 4147 489 4195 aciem
513 4147 615 4207 ingentis
639 4149 721 4210 gladii,
750 4151 875 4199 obstitisse
926 4150 1165 4202 iuterrsrnCrossn.
1191 4153 1319 4204 ltaomnia

315 4216 447 4262 transeunti
465 4213 570 4263 lamilise
593 4223 658 4264 sorte
676 4216 833 4276 dirimendae,
852 4225 876 4265 et
925 4217 994 4277 Quod
1008 4219 1116 4269 lordanis
1134 4221 1180 4269 hoc
1198 4221 1320 4273 locornsel

315 4289 395 4329 tamen
422 4282 473 4329 eius
497 4282 612 4344 impetum
644 4290 715 4346 atque
745 4284 873 4333 deenrsnm
924 4296 1030 4343 roratur¹
1049 4296 1103 4350 spte
1122 4288 1251 4350 liipaltios:
1270 4290 1320 4347 ..st

315 4348 440 4410 prophetis
465 4350 668 4398 transmeantibus
691 4351 797 4409 stetisse,
815 4366 874 4415 pro·
925 4367 985 4401 cano
1003 4369 1128 4404 sacrornm
1147 4356 1263 4405 vocabulo
1277 4356 1320 4407 dier

315 4415 401 4477 phetas
432 4428 510 4464 arcam
543 4415 648 4465 foederis
684 4416 789 4467 terentes
819 4433 873 4467 com
923 4427 1022 4470 anctore
1040 4424 1122 4472 Servio
1141 4423 1170 4471 ad
1189 4422 1320 4485 illalirpili

315 4481 393 4544 iisqne
416 4483 480 4531 lilius
504 4481 577 4531 lsrael
609 4485 674 4532 sicco
705 4486 767 4546 pede
793 4495 874 4535 trans·
924 4485 956 4536 63
966 4484 1016 4552 erp]
1042 4504 1104 4551 „ego
1127 4504 1180 4538 sirm
1204 4491 1279 4553 pleno
1296 4506 1320 4555 qr

316 4562 418 4597 meane.
461 4549 578 4598 Nimirum
610 4549 708 4599 verbnm
732 4553 792 4601 illud
816 4554 874 4615 lece
924 4556 1173 4618 cernieStringentem
1192 4558 1259 4620 ripas
1277 4567 1320 4621 etp

314 4616 447 4680 respondet
464 4617 721 4681 praecedentilnspice.
747 4620 829 4684 ltaque
848 4628 873 4669 ut
922 4632 1055 4681 secantem,
1073 4624 1204 4674 Caeruleus
1221 4625 1320 4675 Tibris⁸⁸

315 4697 388 4744 snpra
406 4683 464 4732 dixit
474 4684 561 4745 lnspice
570 4682 684 4744 fiendum,
704 4686 734 4733 ita
752 4687 872 4736 hicetism
957 4690 980 4740 b.
999 4696 1046 4752 Age
1064 4706 1136 4749 nnnc,
1153 4693 1195 4756 qni
1215 4692 1318 4743 militare

315 4751 404 4799 dixisse
433 4751 524 4799 ridetur
548 4749 606 4812 leae
628 4761 650 4800 st
673 4760 746 4801 sortes
768 4757 873 4815 [omiliae
921 4762 972 4805 torn
999 4759 1141 4807 bellatorem
1169 4761 1304 4822 praedicari

315 4819 457 4868 diriesesrlse
484 4830 586 4882 quarum
604 4819 697 4868 scilicet
710 4820 809 4871 historia
826 4822 871 4871 hs·
921 4838 996 4887 sopra
1014 4825 1110 4887 lib.lll,
1127 4841 1181 4890 cap.
1195 4825 1234 4876 ld.
