3242 5775
194 429 208 455 ⁰
313 431 378 500 598
438 439 445 446 ’
574 447 675 498 oumrr
697 445 829 490 SEP'l'ffll
850 442 1016 488 FLOREN'HB
1038 439 1236 486 rssttruhmttt

317 618 372 679 ego
394 597 437 659 illi
459 615 519 658 non
547 597 636 658 modo
664 596 739 657 duas
767 595 882 656 animas
914 592 945 655 in
975 610 1066 654 unum
1093 599 1249 670 congestas
1280 590 1453 652 ostendisset

316 700 446 778 sicutet
468 716 610 778 corpora,
633 696 664 758 in
686 696 812 769 letibus,
834 714 937 757 verum
959 703 989 755 et
1011 694 1066 754 alia
1088 692 1178 754 multa
1193 691 1291 753 ”cum
1306 693 1401 753 anima
1415 709 1453 753 cor

318 808 414 872 serta,
437 798 591 860 daemonis
615 798 742 869 scilicet,
765 796 945 868 noconius,
976 794 1059 856 utin
1082 794 1204 855 Socrate
1227 793 1312 872 ipso,
1341 812 1436 855 verum

164 897 640 979 sue.1vr,o.septenariispiritus,
672 907 706 959 ut
726 899 756 959 in
779 897 964 977 llagdalena,
996 904 1026 956 et
1053 895 1208 973 legionarii
1239 886 1372 966 numeri,
1405 904 1433 957 ut

203 996 299 1103 ,¹3:34
318 1001 488 1070 Geraseno,
517 1018 576 1078 quo
599 999 713 1060 lucilius
736 998 832 1059 anima
855 1017 920 1059 cum
943 998 1040 1059 anima
1062 996 1267 1057 ³³conseretur
1295 1015 1331 1057 ex
1356 998 1453 1058 societa

221 1078 228 1101 ⁹
319 1101 501 1164 substantiae
524 1119 611 1179 quom
633 1100 756 1178 spiritus
778 1118 906 1178 nequam
930 1118 965 1159 ex
987 1097 1156 1159 diversitate
1179 1105 1313 1158 naturae.
1358 1100 1395 1159 ht
1415 1098 1453 1159 ide

318 1203 350 1265 in
373 1212 457 1263 sexto
481 1203 611 1280 legemr
633 1219 759 1262 monens
782 1219 885 1261 cavere
907 1219 944 1260 ne
967 1199 1079 1261 vitiatio
1103 1198 1226 1259 seminis
1249 1217 1286 1259 ex
1308 1199 1406 1278 aliqua
1427 1200 1451 1260 ri

318 1311 396 1365 uter
418 1301 592 1363 concubitus
615 1300 710 1361 labem
733 1300 851 1380 corpori
875 1310 904 1361 et
919 1300 1033 1361 animae
1049 1307 1206 1379 supparet,
1229 1300 1331 1360 nescio
1349 1301 1387 1360 de
1402 1301 1453 1379 ⁵⁴p1

320 1404 398 1465 stina
425 1403 533 1481 magis,
567 1421 604 1464 an
632 1402 669 1463 de
696 1402 754 1463 ista
783 1401 929 1463 sententia
957 1400 1014 1462 sihi
1037 1399 1188 1461 exciderit.
1245 1400 1388 1462 Ostendit
1416 1420 1451 1463 eo

319 1505 446 1566 animam
468 1504 505 1565 de
527 1503 641 1565 semine
662 1502 778 1574 induci,
801 1502 880 1581 quod
896 1502 991 1563 curari
1010 1509 1126 1590 monet,
1148 1518 1210 1561 non
1232 1501 1270 1562 de
1292 1502 1389 1580 prims
1411 1522 1453 1582 asq

319 1606 434 1666 ratione
466 1604 625 1666 nascentis.
675 1603 775 1675 Unde,
809 1621 863 1663 oro
892 1604 966 1675 ⁶⁵te,
999 1602 1192 1664 similitudine
1224 1601 1341 1663 animae
1376 1623 1453 1683 quoq

319 1704 491 1784 parentibus
515 1704 552 1765 de
574 1704 700 1782 ingeniis
722 1704 941 1783 respondemus
964 1704 1125 1765 secundum
1149 1702 1330 1763 ⁵⁰Cleanthis
1357 1706 1453 1765 testim

319 1805 429 1877 hiuma
462 1806 487 1865 si
515 1823 576 1865 non
604 1804 665 1865 “et
691 1824 726 1865 ex
756 1807 871 1866 animae
894 1804 1007 1866 semine
1030 1802 1204 1865 educimur?
1241 1803 1308 1864 'Cur
1338 1815 1438 1866 autem

319 1915 436 1967 veteres
465 1906 606 1983 astrologi
635 1906 798 1983 genituram
829 1906 959 1966 hominis
988 1904 1024 1965 ab
1054 1904 1142 1966 initio
1161 1914 1323 1984 conceptus
1347 1906 1453 1985 “diget

312 2005 405 2077 hant,
429 2006 454 2066 si
476 2025 538 2067 non
560 2007 665 2068 exinde
686 2006 744 2067 ³⁰et
765 2006 862 2068 anima
878 2005 948 2068 est‘l
981 2007 1023 2067 dd
1047 2024 1133 2085 quam
1155 2025 1248 2085 eoque
1270 2006 1418 2084 pertinet,
1440 2008 1453 2039 ⁰

320 2107 390 2186 quid
413 2116 476 2176 est,
499 2109 613 2169 datust
1108 2091 1113 2100 ’

179 2216 312 2275 ειμωι.
405 2209 462 2269 Sed
486 2210 583 2270 omnis
605 2209 797 2288 inaequalitas
820 2208 984 2269 sententiae
999 2208 1152 2268 humanae
1181 2208 1335 2285 usquead
1359 2209 1407 2270 dei
1431 2219 1453 2271 ts

320 2309 430 2371 minos.
467 2310 501 2370 ln
523 2319 640 2370 nostras
656 2310 713 2371 iam
729 2309 822 2370 lineas
838 2310 960 2387 gradum
976 2309 1136 2386 colligam,
1162 2316 1193 2368 ut
1208 2308 1453 2390 quodphilosopl

320 2408 502 2488 medicisque
524 2411 680 2489 respondi,
712 2410 880 2471 Christiano
903 2409 1037 2488 probem.
1081 2409 1123 2469 lle
1152 2417 1219 2481 tuo,
1247 2411 1356 2482 irater,
1388 2412 1453 2473 lund

322 2518 422 2569 mento
444 2510 532 2571 tidem
556 2511 703 2572 'aedifica
736 2512 841 2590 Aspice
863 2511 993 2572 virentes
1016 2518 1118 2572 uteros
1133 2510 1392 2572 sanctissimarum
1408 2513 1453 2573 leo

321 2627 444 2682 narum,
478 2629 533 2671 uec
554 2612 643 2671 modo
665 2612 812 2690 spirantes
835 2612 891 2672 iam
921 2611 979 2672 illic
1008 2610 1151 2681 infantes,
1185 2629 1286 2672 verum
1310 2616 1400 2673 etiarn
1423 2632 1453 2693 pr

180 2712 304 2819 „pegia
322 2710 489 2789 phetantes.
543 2712 619 2773 Ecce
654 2712 766 2773 viscera
794 2711 944 2781 Rebeccae
976 2712 1192 2790 inquietantur,
1226 2722 1257 2772 et
1282 2712 1374 2791 louge
1402 2715 1453 2776 adl

236 2795 242 2816 ’
306 2797 439 2890 partus,
463 2820 492 2872 et
513 2811 591 2873 aeris
613 2813 710 2874 nullus
732 2813 886 2892 impulsus.
920 2813 996 2873 Ecce
1018 2813 1124 2892 duplex
1147 2813 1224 2874 letus
1247 2813 1276 2873 in
1300 2812 1379 2875 locis
1395 2824 1453 2877 mat

320 2912 546 2986 'tumultuatum
577 2924 607 2976 et
634 2933 778 2993 nusquam
801 2915 896 2976 adhuc
917 2915 1017 2993 populi
1042 2914 1112 2975 duo.
1162 2915 1340 2975 Portentosa
1370 2918 1453 2979 forsit

321 3013 482 3094 petulantia
509 3015 647 3077 infantiae
675 3024 742 3077 ante
770 3016 910 3077 certantis
938 3035 1024 3094 quam
1054 3015 1194 3086 viventis,
1228 3024 1295 3076 ante
1323 3015 1453 3080 'animos

321 3134 409 3195 quam
431 3117 591 3190 animatae,
614 3117 640 3178 si
664 3117 869 3179 tantummodo
891 3125 1015 3179 matrem
1037 3116 1248 3178 ‘subsultando
1264 3117 1428 3181 turbasset.

320 3235 385 3278 cum
408 3226 513 3297 partus
536 3218 667 3298 aperitur
689 3228 716 3279 et
738 3233 879 3278 numerus
902 3218 1059 3297 inspicitur
1081 3226 1110 3278 et
1125 3227 1284 3295 auguratus
1301 3236 1450 3298 recognos

319 3325 384 3391 tur,
414 3329 503 3399 puto,
530 3320 589 3382 iam
611 3337 672 3380 non
694 3319 808 3380 animae
831 3319 1018 3380 solummodo
1047 3318 1211 3398 probantur
1232 3308 1413 3395 ⁵inlautum,
1442 3342 1453 3384 s

320 3470 362 3520 52.
386 3479 411 3521 nt
429 3484 482 3522 cum
500 3473 544 3522 ΑΒ.
603 3471 644 3521 53.
669 3479 811 3521 conseretur
834 3471 926 3534 (Auli,
953 3474 981 3521 ds
1005 3474 1114 3521 emendat.
1137 3472 1212 3521 Fuluii
1226 3470 1312 3521 Ursini.
1357 3474 1453 3525 coniers

319 3539 414 3598 spera.
466 3536 506 3588 54.
525 3540 633 3602 pristinis
650 3541 691 3590 lo.
753 3538 793 3587 ⁵5.
818 3545 841 3586 te
865 3539 949 3588 omi.
1010 3539 1049 3588 56.
1075 3539 1181 3588 cleantis
1199 3539 1224 3587 B.
1285 3539 1327 3590 hi.
1353 3550 1378 3590 et
1396 3557 1441 3592 ost.

321 3603 361 3653 hh.
380 3605 520 3666 digerebant
534 3606 648 3668 qudch.
689 3605 885 3667 dirigebantlll.
937 3601 977 3654 59.
996 3609 1119 3656 etormet.
1172 3604 1213 3656 60.
1231 3606 1349 3671 quidquid
1370 3618 1408 3660 est
1426 3610 1453 3659 ha

320 3671 382 3734 Bmp.
418 3673 438 3720 si
457 3672 514 3734 quid
533 3680 570 3720 est
589 3680 665 3721 status
684 3675 715 3733 h.,
735 3689 785 3723 com
803 3673 884 3723 Fulvio
903 3673 993 3722 Ursino.

390 3737 448 3801 Cep.
466 3738 541 3787 xxvi.
588 3739 608 3787 1.
628 3740 750 3789 aedificem
770 3741 847 3804 limpor.
906 3739 930 3788 2.
948 3740 1125 3790 tumultuantur
1149 3741 1201 3790 edd.
1219 3742 1317 3791 Semlers‘
1334 3748 1357 3791 et
1376 3744 1453 3810 Leops

320 3802 403 3853 lisseio
421 3821 467 3868 quo
484 3807 627 3856 auctoritate.
684 3805 709 3857 3.
733 3808 828 3857 animos
855 3821 929 3871 sequa
954 3811 1040 3872 (aeque
1057 3809 1094 3865 B.)
1111 3809 1215 3857 animato
1232 3808 1301 3872 scr.
1354 3810 1380 3860 4.
1399 3826 1453 3862 sues

321 3871 454 3933 teudulfi.
507 3872 530 3922 5.
549 3875 666 3923 inlautum
684 3880 709 3926 Α.
746 3876 873 3925 infantium
891 3877 985 3940 reliqui.

355 3972 460 4034 pidem
484 3975 508 4024 ln
533 3983 600 4024 sexto
623 3971 725 4040 legum]
754 3975 821 4025 Plato
846 3976 879 4024 ile
931 3977 951 4024 si
971 3977 1024 4039 quis
1052 3984 1087 4024 est
1111 3983 1187 4024 status
1213 3976 1275 4025 unde
1300 3977 1388 4027 couiiei
1415 3980 1452 4030 lut

319 4038 392 4099 Legg.
410 4040 446 4098 Vl,
464 4037 488 4104 ἦ
503 4041 540 4091 18.
560 4059 582 4105 p.
593 4042 689 4107 'i'lhsq
721 4044 766 4092 Pro
784 4059 879 4094 monens
931 4043 1045 4105 queant.⁸‘
1083 4044 1220 4105 Perperam.
1256 4043 1345 4093 Reduxi
1365 4048 1453 4106 georio

320 4122 399 4157 cerne
421 4108 485 4157 lscili
504 4112 636 4159 mutatione
659 4111 811 4174 reposuerim
829 4126 880 4160 mo·
930 4112 1074 4173 scriptoram
1093 4111 1208 4168 „llatus.“
1251 4111 1320 4169 Quod
1345 4114 1384 4173 si,
1410 4114 1453 4180 inq

319 4189 376 4223 sens
393 4190 435 4223 sos
453 4191 540 4227 coum.
931 4186 1062 4240 conceptus
1081 4178 1185 4240 pertinet
1202 4177 1232 4226 ed
1249 4180 1397 4240 genituram,
1419 4197 1450 4247 pe

353 4256 377 4304 q.
396 4256 423 4289 ex
449 4243 528 4306 sliqus
552 4238 651 4308 vilitate]
681 4244 798 4295 Vilitstem
822 4244 880 4295 dicit
930 4254 971 4294 net
995 4247 1024 4294 ad
1051 4260 1102 4294 earn
1128 4246 1199 4293 etiarn
1223 4247 1302 4294 tlstus.
1348 4247 1384 4298 Ex
1413 4251 1453 4300 sl!

319 4302 489 4373 φαυλότητα.
510 4311 615 4372 (lligslt)
930 4312 1038 4362 uidelicet
1056 4314 1149 4361 snimss
1166 4312 1322 4363 nascentibus
1349 4318 1453 4382 corpori

352 4391 372 4424 r.
391 4375 514 4426 Cleanthis
539 4375 716 4444 testimouium]
743 4379 781 4430 Cl.
803 4393 878 4444 supro
929 4381 1023 4444 concipi
1043 4381 1114 4429 modo
1139 4380 1266 4430 didicimus
1290 4380 1453 4450 philosopher

319 4459 372 4508 cap.
384 4444 408 4493 5.
929 4448 1005 4497 luisse
1024 4449 1172 4510 opinionem.

350 4525 371 4560 s.
390 4511 411 4561 si
429 4510 486 4575 quid
504 4519 550 4573 est,
574 4507 656 4577 fletos]
683 4513 798 4575 ltiqsltios
820 4522 877 4565 com
963 4516 1021 4579 Cep.
1040 4516 1116 4565 lllllll.
1152 4531 1175 4564 a.
1194 4515 1220 4565 ln
1238 4523 1337 4566 nostres
1353 4517 1403 4567 ism
1419 4516 1453 4569 lis

318 4578 400 4628 Fulvio
427 4579 513 4629 Ursino
545 4580 671 4644 rescripsit
697 4582 816 4645 „siquid
840 4590 878 4632 est
928 4583 1028 4644 predum
1048 4579 1172 4647 colligam]
1197 4582 1234 4633 Cl.
1253 4598 1317 4649 ques
1335 4586 1448 4637 ennensi

316 4645 424 4707 statur,“
452 4647 517 4713 quod
539 4648 711 4712 interpretetur
735 4649 806 4710 „lloe
830 4657 876 4711 est,
927 4650 962 4702 lle
980 4651 1112 4717 Scorpiscs
1129 4650 1218 4716 cept.
