3242 5775
295 459 358 524 111
553 468 656 521 omnm
679 455 996 512 sarrmrr·rcoaearrs
1019 458 1215 503 rearounaru
1307 449 1314 463 '

174 648 281 706 caper.
381 619 474 684 Nobis
495 618 582 681 interi
603 633 664 679 non
695 613 773 677 uude
800 611 945 674 mansites
973 628 1030 671 nec
1057 606 1218 669 subdivalis
1244 606 1345 687 aliqua
1371 601 1472 668 muli

295 722 412 787 sentin
434 720 612 791 ereduntur,
635 715 689 779 sed
710 714 742 776 in
763 714 847 775 losse
868 720 967 773 terrae
989 719 1019 772 et
1039 708 1071 769 iu
1093 708 1152 769 alto
1167 706 1291 769 vastitas
1305 715 1337 769 et
1351 706 1382 768 iu
1397 705 1464 787 ips'n

294 821 459 886 visceribus
487 821 553 882 eius
581 819 718 880 abstrusa
746 811 952 893 profunditas,
985 809 1131 887 siquidem
1155 807 1293 870 'Christo
1322 808 1354 869 in
1383 804 1466 869 corde

294 923 410 985 'terrae
433 919 562 983 triduum
584 916 690 980 mortis
712 915 837 994 legimus
857 918 1052 993 expunctum,
1075 910 1104 971 id
1121 917 1168 970 est
1182 909 1213 969 in
1228 926 1353 970 recessu
1368 908 1467 969 intimo

296 1034 325 1086 et
347 1023 462 1085 interno
486 1030 516 1082 et
535 1019 584 1081 'in
607 1018 671 1099 ipsa
694 1026 773 1077 terra
795 1021 902 1093 operto
931 1021 961 1073 et
982 1010 1059 1071 intra
1081 1010 1177 1088 ipsam
1199 1009 1319 1071 ‘clauso
1344 1018 1376 1071 et
1396 1009 1467 1071 inle-

295 1122 424 1186 riorihus
446 1121 543 1182 adhuc
564 1118 679 1199 abyssis
700 1117 938 1195 ‘superstructo
983 1110 1098 1183 Quodsi
1117 1109 1259 1171 <Christus
1282 1109 1377 1183 deus,
1406 1111 1469 1190 quia

296 1233 325 1286 et
346 1224 437 1284 homo
459 1229 596 1282 meruius
620 1217 782 1281 secundum
805 1213 971 1294 scripturas
994 1220 1023 1273 et
1038 1210 1174 1291 sepultus
1195 1210 1382 1273 ⁶secundum
1405 1229 1470 1273 eas·

297 1324 383 1397 dem,
410 1320 498 1383 ⁷hutc
520 1337 638 1400 quoque
659 1316 715 1397 legi
737 1314 882 1379 satisfecit
909 1315 1003 1374 forma
1027 1313 1172 1372 humanae
1194 1311 1303 1372 mortis
1323 1313 1405 1393 apud
1426 1313 1470 1374 in-

296 1425 377 1487 teros
399 1424 534 1491 iunctus,
563 1437 619 1481 nec
640 1428 708 1480 ante
730 1418 865 1479 ascendit
885 1414 914 1475 in
938 1412 1112 1474 sublimiora
1134 1411 1284 1473 raelomm
1307 1431 1396 1491 quam
1420 1413 1471 1475 de-

296 1523 412 1588 scendit
432 1523 463 1584 in
484 1521 625 1583 interiora
647 1529 810 1591 terrarum,
834 1526 867 1577 ut
887 1514 948 1576 illio
968 1513 1150 1594 patriarchas
1166 1521 1196 1574 et
1209 1511 1376 1592 propbetas
1390 1533 1471 1576 com-

296 1634 384 1706 potes
407 1622 452 1686 sui
475 1624 594 1693 laceret,
616 1619 709 1681 babes
731 1617 946 1696 et⁸regionem
960 1616 1087 1675 interum
1103 1614 1326 1676 subterraneam
1342 1615 1473 1687 eredere,

298 1733 330 1787 et
350 1724 419 1787 illos
441 1721 541 1785 cubito
564 1718 675 1800 pellere
696 1717 764 1798 ”qui
792 1717 867 1779 satis
895 1715 1024 1796 superbe
1053 1732 1113 1775 non
1135 1724 1240 1793 putent
1262 1713 1379 1777 animas
1401 1715 1474 1777 lide·

298 1825 370 1888 hum
393 1824 496 1886 inieris
519 1823 651 1901 dignam.
701 1818 786 1880 Servi
814 1835 907 1897 super
929 1816 1126 1886 ⁸⁰dominum‚
1161 1825 1190 1877 et
1217 1815 1355 1896 discipuli
1386 1833 1476 1898 super

299 1925 490 2005 magistmm
513 1922 679 2003 espemati‚
703 1921 729 1981 si
751 1922 843 1991 torte,
866 1919 896 1980 in
912 1915 1046 1979 Abrabae
1067 1917 1135 1977 sinu
1151 1918 1349 1995 expectandae
1373 1935 1475 1980 resur·

299 2025 442 2088 rectionis
464 2023 603 2087 solatium
626 2023 645 2055 ¹¹
654 2039 770 2102 cepere.
803 2020 862 2081 Sed
885 2020 1005 2090 inber,
1029 2017 1180 2095 inquiunt,
1203 2016 1341 2079 Christus
1365 2018 1476 2086 interos

268 2148 270 2154 ·
300 2123 387 2201 adiit,
415 2144 454 2189 ne
475 2143 533 2188 nos
555 2124 716 2186 adiremus.
766 2121 903 2184 Ceterum
932 2119 1010 2199 quod
1040 2118 1201 2181 discrimen
1231 2118 1421 2181 ethnicorum
1448 2128 1478 2181 et

300 2226 554 2300 OEnahanorum
578 2224 605 2285 si
627 2241 728 2285 carcer
748 2222 876 2283 mortuis
898 2218 1000 2282 idem?
1044 2219 1232 2292 ¹²Quomodo
1255 2237 1328 2299 ergo
1354 2219 1477 2282 ¹³anima

302 2326 450 2391 exhalabit
469 2327 501 2387 in
523 2325 655 2398 melum,
678 2323 796 2385 Christo
820 2323 880 2384 illic
900 2321 996 2383 adbuc
1018 2320 1168 2382 “sedente
1189 2321 1226 2382 ad
1248 2321 1402 2383 dexteram
1422 2340 1477 2401 pa·

303 2427 374 2498 tria,
396 2426 528 2487 noudum
550 2426 597 2487 dei
620 2426 705 2487 iussu
728 2442 783 2503 per
804 2424 905 2485 tubam
927 2422 1094 2501 archangeli
1111 2421 1228 2495 audito,
1251 2421 1388 2484 noudum
1410 2422 1478 2496 illis,

303 2545 380 2608 quos
403 2526 514 2588 domini
537 2526 680 2588 adrentus
702 2524 733 2584 in
755 2524 874 2586 saeculo
896 2523 1058 2595 invenerit,
1093 2522 1209 2584 obviam
1233 2522 1253 2554 ¹⁸
1261 2521 1288 2583 ei
1311 2525 1426 2605 ereptis
1448 2524 1478 2586 in

303 2634 421 2701 aerem,
444 2644 511 2689 cum
532 2627 581 2687 his
604 2626 652 2706 qui
676 2625 784 2686 mortui
802 2626 832 2686 in
849 2624 968 2685 Christo
983 2623 1069 2703 primi
1086 2620 1269 2701 resurgenti
1302 2622 1384 2687 Nulli
1399 2634 1480 2706 patet

304 2728 433 2802 caelum,
465 2736 544 2788 terra
567 2726 663 2788 adhue
683 2725 778 2798 salva,
810 2744 849 2787 ue
870 2725 994 2787 dixerim
1023 2724 1129 2786 clausa.
1175 2724 1247 2785 Cum
1277 2727 1479 2789 transactione

303 2828 383 2891 enim
405 2827 507 2890 mundi
528 2827 742 2890 reserabuntur
763 2844 854 2907 regna
869 2826 1028 2889 caelorum.
1061 2826 1119 2889 Sed
1141 2826 1172 2887 iu
1195 2824 1316 2888 aethere
1337 2826 1479 2890 dormitio

304 2937 409 2992 nostra
430 2947 497 2991 cum
520 2928 694 3008 “puerariis
716 2927 879 3001 elstanni,
903 2935 954 2989 aut
974 2929 1004 2989 iu
1027 2933 1096 2989 aere
1119 2946 1185 2989 eum
1208 2927 1297 3000 trio,
1329 2937 1382 2990 aut
1403 2930 1480 2992 circa

303 3030 403 3091 lunam
425 3014 492 3092 cum
513 3029 748 3111 Endymionibus
771 3028 969 3090 Stoicorumt
1002 3029 1114 3102 immo,
1137 3028 1252 3108 inquis,
1275 3029 1306 3089 in
1327 3031 1480 3109 paradiso,

304 3148 363 3209 quo
386 3130 444 3191 iam
466 3140 537 3193 tuno
559 3138 588 3192 et
608 3130 792 3211 patriarchae
815 3138 845 3191 et
865 3130 1028 3211 prophetae
1044 3129 1222 3209 appendices
1239 3128 1403 3192 dominicae
1427 3151 1480 3195 re·

153 3248 285 3304 specus.
304 3232 500 3293 surrectionis
523 3231 559 3293 ah
581 3230 684 3292 inieris
698 3231 897 3309 migraverint.
932 3230 970 3291 Et
990 3231 1140 3309 quomodo
1165 3227 1294 3292 ¹'loanni
1315 3228 1346 3290 iu
1368 3231 1481 3310 spiritu

302 3332 431 3412 paradisi
454 3332 536 3412 regio
559 3331 701 3404 revelata,
734 3347 809 3410 quae
838 3330 982 3393 subicitur
1011 3331 1109 3403 attan,
1143 3328 1239 3391 nullas
1268 3328 1340 3391 alias
1363 3329 1480 3393 animas

304 3433 382 3511 apud
404 3452 438 3494 se
460 3442 578 3512 praeter
599 3440 760 3510 mamyrum
781 3430 935 3493 ostendit?
972 3432 1131 3504 Quomodo
1147 3432 1291 3510 Perpetua
1313 3431 1480 3494 fortissima

304 3542 416 3612 martyr
437 3530 493 3595 sub
516 3532 563 3594 die
585 3532 737 3612 passionis
766 3533 798 3594 in
826 3531 1006 3594 revelatione
1027 3532 1156 3613 paradisi
1180 3531 1263 3593 solos
1284 3530 1345 3595 illio
1368 3533 1479 3595 ¹'com·

374 3686 432 3748 Cap.
451 3683 496 3732 tv.
541 3684 562 3732 1.
582 3683 678 3733 Christo
695 3685 736 3734 11.
778 3684 900 3735 Christum
924 3683 1019 3747 reliqui.
1076 3681 1099 3732 2.
1119 3686 1173 3735 trita
1193 3683 1216 3734 id
1232 3692 1269 3733 est
1285 3685 1312 3734 1.
1365 3682 1391 3734 3.
1410 3699 1437 3734 es
1456 3686 1482 3735 1.

305 3751 330 3801 4.
349 3751 432 3800 clauso
449 3750 493 3799 11.
535 3758 616 3799 caneto
640 3751 750 3814 Bmpcnb.
809 3751 833 3800 1.
851 3759 1026 3814 superstructo.
1060 3750 1099 3800 tte*
1123 3750 1241 3801 turtius
1266 3750 1305 3800 ΕΤ
1330 3752 1369 3802 111
1395 3746 1481 3802 lttt'c

306 3816 407 3867 onnus
425 3816 536 3865 11111111
554 3816 792 3868 contestentur
810 3817 1058 3881 (contestinum
1077 3818 1119 3878 cn.
1145 3819 1235 3879 Quodsi
1252 3818 1297 3869 10.
1338 3816 1379 3868 DE
1398 3820 1481 3870 tritt:-

304 3883 353 3934 lllS
372 3883 410 3933 ET
427 3883 465 3933 111
485 3883 570 3935 thllC
589 3883 699 3936 01111Εὸ.
729 3880 854 3945 Quodsi?
918 3884 942 3934 o.
966 3900 1037 3934 secus
1060 3886 1100 3936 11.
1159 3884 1339 3936 11110111.
1383 3885 1424 3937 hic
1442 3886 1482 3938 Co

306 3948 330 4001 8.
350 3952 467 4012 originem
488 3951 511 4001 0.
563 3951 587 4001 9.
623 3953 704 4004 eiad
759 3952 797 4001 ro.
817 3949 865 4002 drio
883 3954 910 4003 1.
973 3952 1012 4001 11.
1031 3967 1132 4016 carpere
1150 3954 1190 4003 llo.
1251 3950 1289 4002 tt.
1309 3966 1357 4016 qno
1377 3968 1436 4016 ergo
1454 3954 1480 4004 1.

309 4017 348 4068 13.
367 4017 470 4068 animam
487 4018 532 4070 11.
587 3967 626 4069 tl.
644 4019 743 4070 sedente
762 4017 791 4071 ad
817 4020 937 4069 dexteram
962 4020 1037 4084 patris
1055 4023 1137 4070 1111.
1198 4019 1238 4070 11.
1264 4021 1286 4070 ei
1311 4021 1405 4084 ereptis
1421 4021 1482 4072 111.

307 4087 329 4135 ai
347 4086 421 4149 raptis
441 4085 480 4136 Cn.
533 4084 573 4137 111.
591 4087 710 4152 puerariis
727 4088 768 4138 11.
803 4087 886 4151 pneris
903 4088 996 4151 reliqui.
1051 4087 1090 4139 11.
1109 4087 1209 4138 lobrunl
1226 4089 1252 4139 1.
1298 4086 1338 4137 ts.
1357 4100 1481 4139 comnm-

307 4158 370 4216 tprea
390 4153 443 4204 Gal.
479 4164 562 4205 costra
580 4163 697 4218 marteres
713 4155 740 4204 1.
776 4162 893 4217 martyres
911 4155 936 4205 1.

341 4253 399 4316 Cap.
418 4255 462 4302 tv.
497 4269 518 4303 a.
544 4257 583 4319 qni
608 4257 667 4304 satis
690 4254 796 4319 superbe
820 4266 868 4305 non
952 4271 973 4305 c.
992 4270 1046 4305 com
1065 4256 1253 4319 Endymionibus
1266 4251 1428 4322 Stoicorum]
1445 4256 1484 4307 Cl.

306 4328 390 4383 patent
409 4321 501 4369 animas
527 4321 634 4372 tldelinm
661 4323 745 4372 inieris
762 4317 869 4387 dignas]
917 4323 1018 4386 capbl.
1050 4324 1211 4388 Endymiones
1229 4325 1365 4373 eratetiam
1383 4332 1483 4374 satane

306 4387 343 4436 Cl.
362 4386 477 4436 irenaeus
494 4388 549 4439 ldr.
569 4390 639 4439 llaer.
656 4389 683 4449 tt,
701 4405 753 4454 cap.
772 4391 817 4440 ult.
918 4390 1080 4440 Varronianus
1090 4392 1225 4455 inscriptio,
1243 4404 1317 4454 qoam
1332 4399 1442 4441 saturam
1460 4394 1486 4442 ia

341 4455 365 4502 1.
384 4469 437 4503 com
449 4457 567 4518 puerariis
578 4452 697 4522 Platonis]
715 4457 751 4507 Cl.
765 4472 791 4507 ca
811 4456 868 4506 ,51
917 4457 1064 4507 derisionem
1090 4459 1198 4508 eiusdem
1216 4459 1355 4508 Stoicorum
1379 4458 1485 4522 dogma·

306 4520 386 4597 Glops.
411 4521 517 4571 Philon:
547 4525 703 4585 „Pensm
736 4537 777 4571 ns
819 4537 867 4590 pc·
917 4525 948 4574 tis
967 4526 1127 4589 compositam
1145 4528 1221 4576 lamec
1238 4525 1370 4576 admodum
1389 4526 1486 4591 prohe-

306 4589 509 4718 pp'rpflpzl‘ni‘l‘loss.
528 4591 624 4653 Cyrilli:
642 4585 865 4658 „hammerstein
915 4591 965 4641 bile
984 4601 1028 4642 eet.
