3242 5775
965 538 979 572 Ι

580 640 619 684 ur
641 639 885 686 resurreccione
906 640 1020 687 mit.
1316 628 1380 696 m

221 797 294 853 tatus
316 797 347 852 et
373 789 543 853 voluntatis.
597 789 693 852 Porro
720 790 746 853 si
774 790 849 854 baec
875 791 949 856 satis
975 787 1080 855 essent
1105 792 1142 856 ed
1169 792 1382 874 plenitudine-
1484 861 1488 868 ,

218 892 407 965 meritorum,
439 892 499 954 ¹⁰ut
526 910 587 954 non
614 893 839 972 requirerentur
865 902 896 956 et
920 895 1011 969 lacu,
1043 894 1193 958 sufficeret
1224 895 1255 958 in
1286 903 1382 960 toturn

216 993 311 1056 anima
333 993 370 1055 ad
392 993 603 1074 perfectionem
625 993 725 1056 iudicii
747 994 784 1057 de
805 994 853 1056 bis
876 981 1029 1058 indicenda
1051 995 1080 1058 in
1102 1014 1177 1077 quae
1191 996 1304 1077 agenda
1316 998 1381 1061 sola

216 1096 383 1158 suffecerat
420 1095 493 1157 Cum
514 1113 584 1157 vero
608 1094 695 1157 etiam
719 1096 821 1159 ”lacta
841 1097 975 1160 devincta
997 1096 1057 1159 sint
1077 1096 1209 1172 meritis,
1229 1100 1304 1165 lauta
1325 1117 1381 1163 au·
1472 1121 1478 1137 ·

215 1206 274 1260 tem
295 1215 352 1278 per
372 1215 489 1261 carnem
511 1196 769 1271 administrentur,
792 1198 932 1302 ianbnon
951 1197 1060 1260 sulllcit
1073 1197 1199 1261 animam
1214 1199 1281 1263 siue
1294 1219 1382 1265 cume

215 1299 308 1362 loreri
331 1299 395 1361 sire
416 1298 539 1361 mucimi
561 1317 616 1378 pro
639 1299 780 1379 operibus
802 1300 890 1362 etiam
918 1299 1031 1375 carnis,
1064 1298 1121 1361 etsi
1147 1300 1236 1363 babet
1261 1320 1382 1385 wmus,

217 1399 301 1462 ¹²etsi
324 1400 412 1462 habet
433 1400 580 1474 membra,
603 1419 677 1480 quae
701 1400 853 1481 ”proinde
874 1401 916 1463 illi
937 1418 998 1463 non
1019 1401 1230 1486 solllciunt·ad¹
1246 1403 1382 1467 senticu-

216 1500 285 1564 dum
310 1501 433 1583 “plene
455 1502 700 1582 quemadmodum
724 1522 779 1565 nec
799 1504 837 1565 ad
858 1502 1003 1582 agendum
1025 1503 1164 1590 perlecto.
1197 1503 1310 1570 ldeirco
1324 1523 1382 1588 pro

218 1604 365 1684 “monuo
387 1604 477 1665 modo
499 1605 569 1684 egit,
592 1624 646 1685 pro
668 1624 705 1666 eo
720 1615 749 1667 et
763 1606 874 1686 patitur
887 1604 964 1685 apud
979 1603 1104 1679 interos,
1126 1604 1210 1686 prior
1222 1606 1381 1687 degusnne

217 1705 372 1779 indicium,
404 1705 482 1768 sicut
509 1705 592 1786 prior
618 1706 734 1768 induxit
754 1706 933 1780 admissum
966 1714 1122 1786 expectans
1144 1715 1242 1770 tamen
1262 1716 1293 1771 et
1313 1727 1381 1771 car·

218 1825 298 1881 uem,
333 1816 367 1869 ut
393 1824 448 1888 per
475 1807 553 1869 illam
582 1808 669 1871 etiam
698 1810 770 1870 iactu
798 1816 971 1888 compenset
997 1808 1042 1870 cui
1071 1808 1195 1888 cogitata
1222 1808 1381 1874 mandevit.

217 1907 346 1988 benique
365 1908 442 1996 ¹baec
463 1909 520 1970 erit
541 1909 615 1971 ratio
638 1910 668 1972 in
690 1895 824 1973 ultimum
846 1910 934 1972 linem
964 1909 1101 1973 destinati
1123 1909 1241 1984 iudicii,
1271 1917 1305 1975 at
1325 1930 1382 1975 eu-

220 2008 358 2072 bibitione
380 2010 478 2072 carnis
501 2012 599 2072 omnis
622 2011 718 2073 divina
741 2030 867 2073 censura
888 2012 989 2091 pertici
1011 2011 1120 2091 possit.
1161 2011 1296 2093 Alioquin
1318 2031 1381 2077 non

223 2110 442 2175 ¹‘sustiueretur
463 2112 494 2174 in
515 2114 608 2174 linem-
626 2114 705 2192 quod
727 2122 757 2175 et
770 2132 849 2175 nunc
866 2113 979 2174 animae
1002 2112 1211 2193 ¹⁷decerpuut¹
1232 2114 1309 2194 eputl
1330 2115 1380 2178 itt·

222 2212 311 2287 ieros,
333 2214 362 2275 si
385 2214 458 2276 solis
479 2214 632 2276 animabus
654 2214 863 2277 destinaretur.
895 2223 899 2230 '

295 2316 457 2394 Hucusque
477 2314 762 2395 praestructionibus
784 2314 895 2395 egerim
916 2316 951 2377 ad
973 2314 1150 2377 muniendos
1180 2333 1287 2380 sensus
1309 2333 1377 2379 om·
1394 2331 1529 2391 cmrnu.

227 2414 294 2480 nium
317 2417 547 2498 scripturarum,
570 2436 645 2497 quae
667 2417 764 2479 carnis
787 2417 993 2479 'recidivatum
1015 2417 1200 2497 pollicentur.
1225 2416 1291 2493 juni
1312 2437 1381 2482 cun

227 2515 275 2581 'tot
293 2520 486 2592 auctoritates
514 2518 658 2581 iustorum
680 2517 913 2598 patrociniorum
933 2527 1109 2598 procurent,
1137 2518 1284 2583 honores·
1312 2519 1381 2583 dieo
1468 2574 1473 2582 .

230 2619 395 2685 ttbstantim
424 2621 531 2701 ipsius,
569 2620 648 2680 ³tum
678 2621 755 2681 vires
783 2619 848 2694 dei,
880 2619 964 2681 ⁴tum
989 2619 1120 2700 exempla
1148 2638 1266 2694 earum,
1299 2622 1381 2685 ‘tuus

231 2723 345 2786 udones
368 2722 468 2785 iudicii
491 2728 521 2783 et
542 2721 736 2783 necessitates
759 2721 884 2800 ipsiusl,
907 2720 1008 2801 utique
1021 2721 1184 2783 secundum
1201 2722 1381 2801 praeiudicia

232 2828 262 2886 tot
278 2821 484 2888 auctoritatum
507 2823 667 2904 scripturas
690 2822 819 2903 intellegi
841 2822 1005 2903 oportebit,
1027 2841 1088 2884 non
1110 2823 1272 2887 secundum
1293 2824 1380 2907 ingo

232 2923 265 2987 iii
283 2927 516 2998 baereticorum,
550 2927 587 2987 de
609 2926 672 2987 sola
695 2925 898 2987 incredulitate
925 2926 1085 2998 venientia,
1119 2924 1186 3005 quia
1208 2925 1380 2990 incredibile

233 3023 354 3092 habeatur
385 3030 501 3091 restitui
530 3027 722 3089 substantiam
751 3028 872 3089 interitu
901 3027 1090 3102 subductam,
1122 3047 1184 3089 nou
1216 3027 1284 3108 quia
1311 3028 1380 3092 ‘aut

236 3128 397 3195 amentiae
419 3131 476 3210 ipsi
497 3130 715 3191 'inemeribile'
738 3130 793 3201 sit,
816 3138 867 3190 aut
888 3129 944 3190 deo
966 3128 1184 3209 'impossibile
1206 3137 1257 3191 aut
1270 3130 1379 3192 iudicio

235 3224 370 3296 'illubile
413 3232 502 3293 Plane
525 3230 712 3303 incredibile,
742 3230 767 3291 si
790 3249 846 3291 nec
869 3230 1092 3308 ¹⁰praedicatum
1114 3230 1252 3291 divinitus
1274 3231 1379 3306 brerit3

235 3329 277 3394 uisi
295 3335 374 3415 quod
397 3335 454 3397 etsi
476 3334 673 3414 praedicatum
701 3332 730 3394 id
759 3351 775 3392 a
804 3331 860 3392 deo
883 3330 950 3392 non'
966 3331 1087 3403 luisset,
1120 3330 1198 3391 ultro
1226 3331 1381 3410 praesumi*

234 3429 382 3509 debuisset,
416 3445 448 3497 ut
475 3444 632 3515 propterea
660 3452 720 3494 non
748 3432 962 3512 praedicatum,
1000 3431 1067 3511 quia
1090 3439 1135 3493 tot
1155 3429 1379 3493 auctoritatibus

233 3538 454 3610 praeiudicatum.
497 3538 535 3598 dt
556 3555 622 3599 cum
650 3535 755 3597 divinis
784 3553 902 3615 quoque
929 3534 1051 3595 vocibus
1080 3533 1099 3564 ¹¹
1107 3540 1263 3612 personat,
1296 3541 1378 3595 tanto

233 3634 300 3703 dest
318 3649 352 3705 ut
373 3640 457 3702 aliter
479 3639 662 3718 intellegatur
682 3656 769 3716 quam
791 3636 961 3699 desiderant
981 3636 1028 3698 illa
1043 3654 1059 3697 a
1075 3634 1183 3714 quibus
1204 3633 1291 3696 etiam
1312 3634 1381 3698 sine
1420 3646 1422 3651 ’

235 3786 263 3839 ¹⁰.
277 3801 298 3843 et
312 3794 338 3845 Δ.
401 3794 439 3843 ll.
458 3794 519 3843 lacta
538 3795 618 3844 cnud
678 3790 717 3841 12.
741 3800 764 3840 et
787 3791 858 3840 babet
876 3807 898 3841 o.
960 3788 998 3839 ¹3.
1023 3788 1123 3853 perinde
1146 3788 1171 3838 B.
1230 3786 1269 3838 14.
1297 3786 1378 3853 piene,
1481 3840 1484 3845 ,

233 3862 415 3919 Μιάωοᾱυω
440 3864 567 3912 omdllco.
629 3863 665 3910 15.
690 3875 787 3924 quoquo
812 3860 884 3910 suen.
909 3866 954 3908 tres
976 3859 1085 3909 Vaticani.
1127 3871 1175 3922 quo
1200 3857 1293 3922 reliqui.
1338 3855 1378 3908 lb.

233 3929 379 3981 minuerunt
396 3931 439 3980 AB.
493 3931 531 3982 l'l.
550 3931 682 3994 decerpunt
700 3930 750 3978 dod.
786 3927 948 3991 decerpuntur
964 3927 1057 3991 reliqui.

283 3997 338 4063 Cep.
357 3998 435 4048 xtltt.
481 3999 503 4047 l.
521 3999 622 4047 recidiva
642 4011 694 4047 cnm
713 3995 859 4060 pollicentur
874 3994 918 4045 dd.
979 3993 1002 4043 2.
1021 4001 1068 4043 tota
1094 3992 1234 4043 auctoritate
1256 3991 1277 4042 sl
1301 3990 1379 4042 insto·

234 4072 273 4112 nu
287 4066 346 4117 ABG.
399 4064 423 4115 3.
442 4081 495 4114 eum
513 4067 556 4115 All.
609 4066 633 4115 t.
652 4079 704 4114 eom
723 4065 766 4114 AB.
825 4063 850 4113 5.
868 4076 921 4111 cum
942 4061 981 4112 tn.
1041 4060 1065 4110 d.
1090 4061 1198 4111 rutbcd.
1239 4067 1263 4110 et
1284 4061 1378 4126 reliqui.

233 4125 250 4176 'l-
263 4133 414 4184 memorabile
432 4135 457 4183 B.
499 4135 653 4183 inremeabile
672 4136 731 4183 roni.
750 4133 878 4191 lltenonur,
903 4132 938 4179 oti
955 4131 1038 4192 legitur
1054 4131 1079 4178 in
1095 4143 1166 4192 morp.
1185 4129 1221 4178 ed.
1237 4131 1311 4194 princ.
1352 4127 1377 4179 8.

232 4195 397 4263 inauditas.
449 4202 473 4251 9.
492 4203 646 4251 inhabitabile
664 4202 724 4252 Alc.
787 4200 826 4249 10.
849 4197 1037 4263 praeiudicatum
1058 4197 1095 4247 Co.
1149 4196 1188 4245 ll.
1212 4204 1328 4261 personet
1352 4197 1376 4246 d.
1412 4250 1416 4257 ,

257 4333 307 4400 Cap.
324 4337 391 4388 xvtl.
424 4353 445 4386 a.
465 4333 606 4402 decerpunt]
630 4337 655 4385 ld
675 4343 711 4384 est
729 4334 771 4384 de·
822 4333 967 4383 resurrectio
984 4340 1064 4385 nostra
1079 4330 1175 4381 liilcitur
1188 4330 1329 4395 cappllet
1338 4331 1377 4382 13.

233 4396 300 4464 libant,
317 4405 452 4468 degustent,
472 4413 496 4453 ut
515 4420 586 4468 supra
606 4405 671 4453 dixit.
823 4403 921 4462 (Ludos.
940 4401 969 4450 de
988 4401 1009 4450 la
1029 4400 1124 4458 fierda.)

257 4469 308 4535 Cap.
317 4473 394 4523 xvtll.
420 4490 442 4522 a.
456 4469 573 4538 bonores]
592 4473 693 4536 Epilogo
706 4471 772 4520 brevi
857 4470 880 4519 b.
899 4470 990 4518 ratione
1000 4468 1080 4517 iudicii
1092 4475 1115 4519 et
1125 4461 1380 4533 necessitrtesipsiusl

232 4540 297 4588 ennii
314 4551 452 4603 trgumenta
472 4555 515 4603 pro
529 4541 704 4589 resurreetione
718 4554 772 4588 car·
823 4537 856 4587 lle
875 4539 921 4586 boc
939 4551 1007 4600 capp.
1019 4535 1125 4586 lsi-li.
1255 4582 1261 4593 ,

232 4602 384 4659 musenius
403 4610 464 4659 dicta
485 4609 579 4657 claudit.
621 4609 655 4656 lle
680 4608 771 4657 bonore
856 4621 875 4655 e.
895 4602 1055 4667 inemeribile]
1080 4603 1216 4653 l‘clonius
1233 4603 1377 4665 interpretr-

232 4676 297 4724 unis
309 4679 355 4739 egit
373 4676 527 4741 cappo-9.
557 4677 591 4726 lle
608 4677 713 4740 potentia
733 4675 770 4724 dei
822 4682 860 4723 tur
878 4673 1074 4737 „consequibile;
1096 4673 1160 4737 qnod
1178 4685 1234 4721 caro
1253 4684 1299 4719 non
1317 4682 1377 4733 pos·

232 4738 423 4796 tlsuscitrndam
442 4759 537 4794 curnem
556 4747 603 4807 egit
619 4759 669 4807 cap.
683 4743 730 4801 lt,
748 4751 772 4793 et
822 4743 853 4791 sit
871 4741 986 4803 attingere
1007 4749 1047 4791 aut
1064 4739 1206 4805 consequi.“
1241 4737 1328 4787 Ludos.
1346 4736 1377 4785 tle

233 4804 256 4855 de
271 4814 379 4878 exemplis
397 4814 420 4863 in
440 4813 669 4864 rebusnatuiulibus
684 4812 771 4876 quibus
822 4809 932 4927 ledberds
952 4817 1033 4860 contn
1051 4824 1117 4872 „nou
1136 4815 1221 4872 potens
1239 4805 1335 4864 mereri,
1353 4811 1379 4854 et

822 4893 846 4928 tn
865 4878 971 4941 ignum.“
