3242 5775
304 646 368 710 594
558 658 661 711 onrnrr
685 613 817 701 durarum
837 657 1005 700 monearis
1029 656 1226 700 rsnrnuunru

302 830 338 875 ac
357 827 412 891 per
432 809 492 869 boc
512 808 703 887 potissimum
725 815 845 869 aeterna
867 807 1014 869 credatur.
1048 806 1134 879 Quod
1151 809 1230 869 enim
1246 815 1406 870 aeteruum
1429 817 1481 879 est,

304 931 340 973 eo
363 911 430 989 quia
454 909 665 996 19ιιίιιιιιιιιιιι
688 916 734 970 est
756 926 852 987 neque
875 908 990 970 initium
1013 926 1109 986 neque
1136 908 1226 969 finem
1256 909 1406 987 temporis
1429 909 1479 971 ad·

304 1011 448 1073 mittendo
477 1010 589 1072 nullum
619 1010 740 1071 modum
773 1009 917 1088 temporis
944 1008 1063 1087 patitur.
1117 1007 1170 1068 Cui
1198 1009 1347 1089 temporis
1376 1010 1477 1074 modus

304 1112 401 1173 nullus
423 1120 484 1185 est,
508 1129 563 1171 nec
585 1110 642 1172 ulla
664 1110 867 1172 demutatione
887 1109 1043 1189 ”tempori
1059 1108 1177 1181 subest,
1192 1128 1256 1171 nee
1270 1110 1336 1172 ''ea
1351 1110 1388 1172 de
1403 1110 1473 1174 mul·

304 1213 429 1275 titudine
452 1212 596 1291 temporis
619 1211 664 1272 vis
686 1221 740 1273 est.
791 1211 823 1273 Si
847 1220 963 1289 tempus
985 1211 1016 1271 in
1038 1228 1126 1271 causa
1150 1220 1198 1271 est
1220 1210 1400 1283 oblivionis,
1427 1230 1470 1300 ctu

304 1333 340 1376 ex
361 1332 421 1393 quo
444 1312 541 1374 anima
563 1312 683 1390 corpori
704 1312 871 1383 inducitur,
895 1311 1037 1372 memoria
1060 1311 1231 1385 delabitnr¹,
1264 1313 1351 1391 quasi
1377 1312 1466 1373 exinde

303 1428 422 1494 tempus
444 1413 541 1474 anima
564 1412 744 1485 sustineam,
778 1430 853 1491 quae
882 1412 946 1473 sine
967 1412 1057 1473 dubio
1081 1414 1164 1491 prior
1186 1432 1313 1492 corpore
1344 1433 1402 1475 non
1422 1412 1464 1473 luit

216 1509 220 1516 ’
303 1516 407 1595 utique
429 1513 495 1575 sina
518 1511 676 1593 tempore?
720 1513 857 1591 ingressa
885 1531 955 1573 vero
984 1532 1094 1592 corpus
1117 1513 1257 1575 statimne
1286 1514 1461 1584 obliviscitur,

285 1634 341 1696 ¹an
373 1615 522 1693 aliquanto
556 1612 650 1692 post?
682 1613 733 1674 .Si
762 1614 877 1686 statim,
910 1612 1048 1692 ”ecquae
1077 1616 1133 1676 erit
1166 1616 1312 1693 temporis
1346 1614 1460 1676 nondun

303 1714 511 1795 ”subputandi
533 1712 717 1776 multitudo?
737 1714 860 1776 inlantia
882 1714 1003 1776 scilicet.
1037 1716 1069 1776 Si
1091 1715 1276 1794 ²‘aliquando
1293 1716 1383 1795 post,
1404 1730 1460 1791 ergo

303 1817 354 1880 illo
376 1818 407 1878 in
429 1815 525 1895 spatio
547 1824 616 1875 ante
646 1822 780 1894 tempora
810 1814 969 1876 oblivionis
1000 1833 1115 1876 memor
1141 1816 1238 1877 adbuc
1265 1828 1332 1895 aget
1359 1810 1461 1879 anima?

304 1918 342 1980 lit
362 1917 448 1996 quale
470 1925 517 1977 est
539 1924 572 1976 ut
592 1923 697 1994 postea
721 1915 927 1988 obliviscatur,
959 1926 989 1978 et
1015 1935 1122 1978 rursus
1151 1926 1256 1996 postea
1279 1910 1460 1979 recordetur?

305 2018 433 2096 Quoquo
456 2025 553 2078 autem
576 2023 711 2096 tompore
742 2016 821 2082 illam
850 2016 959 2080 oblivio
987 2017 1127 2090 inruerit,
1160 2025 1288 2096 quantus
1315 2019 1364 2080 bic
1387 2019 1460 2080 etiam

304 2117 461 2182 habebitur
482 2116 590 2178 modus
613 2116 782 2196 temporis?
816 2126 893 2191 tota,
919 2119 1042 2196 opinor,
1065 2119 1141 2179 vitae
1164 2119 1299 2180 decursio
1323 2121 1392 2181 satis
1412 2132 1463 2180 non

305 2221 362 2282 erit
382 2220 419 2284 ad
440 2218 656 2281 ”evertendam
679 2218 853 2280 memoriam
877 2220 948 2279 tanti
971 2227 1038 2285 ante
1062 2238 1170 2298 corpus
1187 2220 1260 2281 aevi.
1296 2221 1356 2281 Sed
1370 2232 1463 2282 rursus

304 2321 410 2382 Platon
432 2338 551 2384 causam
574 2318 705 2381 demutat
733 2318 762 2379 in
786 2337 910 2398 corpus,
939 2320 1024 2399 quasi
1056 2330 1085 2381 et
1112 2322 1170 2381 boc
1197 2321 1255 2381 lide
1281 2322 1417 2401 dignum,
1440 2323 1467 2383 ut

303 2431 371 2484 nata
393 2419 695 2483 substautiainnatae
717 2418 774 2480 vim
797 2420 957 2499 extinguat.
1001 2422 1123 2499 blagnae
1153 2432 1251 2484 autem
1279 2421 1343 2485 ²⁸ac
1370 2404 1468 2486 mutue

303 2522 487 2584 differentiae
509 2539 669 2600 corporum
690 2539 746 2599 pro
769 2520 947 2599 gentilitate,
969 2541 1025 2601 pro
1042 2523 1261 2601 magnitudine,
1280 2543 1338 2604 pro
1360 2524 1471 2587 babitu·

304 2622 390 2695 dine,
419 2640 474 2701 pro
496 2632 606 2702 aetate,
635 2640 691 2700 pro
712 2621 888 2684 valetudine.
938 2622 1014 2684 Num
1037 2642 1108 2701 ergo
1132 2634 1162 2685 et
1183 2624 1367 2688 oblivionum
1391 2626 1475 2688 dille-

302 2723 417 2786 sentiae
438 2720 697 2784 aestimabuntur?
741 2723 799 2785 Sed
822 2723 978 2786 unilormis
1001 2723 1110 2785 oblivio
1139 2733 1200 2798 est;
1233 2744 1303 2804 ergo
1333 2746 1396 2791 non
1424 2728 1479 2789 erit

303 2824 496 2905 corporalitas
524 2823 714 2893 multilormis
742 2823 802 2884 ”in
829 2842 918 2887 causa
948 2824 1042 2887 exitus
1073 2826 1239 2889 uniformis.
1288 2828 1380 2891 blulta
1409 2829 1480 2893 item

196 2996 199 3001 ,
302 2926 496 3000 documenta,
519 2934 596 2989 teste
618 2927 686 3006 ipso
708 2924 859 2998 Platono⁰,
893 2926 1103 2992 diuinationem
1125 2928 1238 2989 animae
1265 2929 1482 3008 probaverunt,

302 3047 378 3106 qnae
404 3027 618 3107 proposuimus
647 3027 705 3087 iam
726 3026 917 3104 Hermogeni.
968 3028 1027 3089 Sed
1056 3047 1111 3089 nec
1138 3029 1292 3109 quisquam
1321 3031 1482 3097 bominum

302 3147 363 3189 nou
386 3136 415 3191 et
436 3128 502 3207 ipse
524 3127 682 3207 aliquando
704 3145 879 3206 praesagam
900 3128 1026 3191 animam
1043 3148 1126 3190 suam
1145 3131 1249 3204 sentit,
1272 3133 1483 3197 aut¹⁸ominis

302 3239 353 3291 sut
374 3228 496 3308 periculi
519 3238 569 3289 aut
590 3227 688 3306 gaudii
710 3246 862 3306 augurem.
905 3228 936 3290 Si
959 3230 1128 3291 divinationi
1153 3250 1212 3293 non
1234 3232 1388 3313 obstrepit
1409 3254 1481 3298 cor·

302 3347 376 3409 pus,
405 3347 460 3391 nee
482 3330 644 3390 memoriae
666 3329 773 3408 opinor
796 3329 916 3390 olliciet.
965 3329 1000 3391 ln
1027 3330 1132 3391 eodem
1161 3341 1240 3393 certe
1263 3352 1395 3412 corporo
1422 3335 1485 3401 ²'et

300 3429 513 3493 obliviscuntur
534 3428 648 3490 animae
670 3437 699 3490 et
719 3429 924 3491 recordantur.
968 3430 999 3491 Si
1028 3449 1085 3508 qua
1114 3435 1249 3511 corporis
1271 3435 1351 3497 ratio
1372 3436 1485 3501 incutit

300 3530 496 3602 oblivionem,
520 3530 671 3607 quomodo
694 3529 873 3590 contrariam
895 3529 960 3591 eius
975 3532 1110 3593 admittet
1125 3534 1391 3599 recordationem?
1414 3538 1484 3617 quia

299 3639 330 3692 et
356 3630 422 3708 ipsa
450 3640 521 3709 post
543 3629 720 3691 oblivionem
747 3630 916 3692 recordatio
947 3633 1088 3692 memoria
1116 3634 1262 3696 recidivat
1284 3645 1343 3698 est.
1390 3638 1483 3711 Quod

299 3731 413 3810 primae
440 3730 602 3793 memoriae
630 3731 820 3803 adversatur,
854 3749 907 3791 eur
934 3749 994 3792 nnn
1025 3741 1055 3793 et
1081 3735 1228 3796 secundae
1256 3734 1484 3818 ³⁰retragetur?

300 3829 476 3903 Postremo,
499 3829 549 3907 qui
572 3831 665 3908 magis
680 3831 942 3893 reminiscerentur
956 3851 1042 3910 quam
1059 3833 1191 3911 pueruli,
1214 3834 1275 3897 ³¹ut
1289 3840 1483 3903 recentiore·

299 3928 430 4002 animae,
452 3936 487 3993 ut
507 3929 638 3991 nondum
660 3929 820 3994 immersae
840 3932 1011 3995 domesticis
1034 3952 1068 3994 ae
1089 3935 1215 4014 publicis
1231 3936 1329 4011 euris,
1354 3947 1390 4001 ut
1403 3940 1486 4022 ipsis

302 4113 340 4162 ts.
360 4120 383 4162 et
401 4115 499 4176 ondit.
557 4113 598 4164 20.
622 4117 726 4178 tempori
751 4119 801 4179 Aa,
828 4118 940 4167 latinius.
985 4121 1102 4183 temporis
1129 4123 1222 4186 reliqui.
1284 4121 1327 4175 21.
1352 4139 1382 4174 aa
1407 4126 1438 4176 de
1455 4128 1491 4177 b·

300 4182 384 4230 eadem
402 4182 461 4231 bea.
503 4182 586 4231 eadem
606 4184 629 4232 in
649 4184 760 4233 latinius.
803 4187 829 4234 ln
847 4187 871 4234 l.
891 4187 1052 4236 desiderantur
1076 4191 1131 4238 burc
1148 4192 1216 4239 verbu
1235 4205 1279 4238 nee
1296 4206 1325 4240 ea
1345 4192 1376 4241 dc
1394 4194 1490 4245 multl’

300 4249 382 4297 tudine
401 4250 516 4312 temporis
535 4252 569 4299 vis
588 4260 633 4299 est.
678 4251 718 4300 22.
738 4267 828 4315 ecquae
847 4254 891 4301 erit
909 4269 958 4315 epo.
994 4264 1016 4303 ot
1035 4257 1162 4318 quuerltd.
1198 4266 1300 4320 etqnuc
1319 4260 1493 4326 eritreligrvs’·

299 4315 340 4365 23.
359 4316 504 4379 subputandi
523 4319 566 4368 AB.
602 4319 747 4382 supputandi
765 4321 859 4383 reliqui.
901 4321 940 4368 tt.
960 4323 1127 4386 aliqnandod.
1164 4324 1401 4390 aliquantorelipsi.
1436 4327 1493 4378 2⁵-

298 4385 450 4432 erertendam
469 4386 500 4443 b.,
527 4387 555 4434 de
580 4389 692 4436 emendet.
710 4388 804 4436 Lotivn'i.
845 4389 981 4437 vertendam
1006 4390 1082 4439 illiso.
1141 4390 1181 4441 26.
1200 4408 1228 4442 ac
1245 4393 1288 4442 Aa.
1333 4405 1364 4443 et·
1382 4394 1496 4460 reliqni-

299 4449 339 4499 tt.
360 4452 383 4498 in
402 4465 473 4499 cansa
493 4454 572 4501 esitus
591 4454 818 4504 deiformissima.
871 4454 911 4504 28.
931 4457 1019 4505 ominis
1038 4458 1148 4520 BurpCub.
1184 4460 1352 4512 bominisdll.
1394 4462 1434 4514 29.
1451 4462 1496 4511 a!

298 4518 383 4568 omd.
435 4517 477 4566 30.
495 4521 630 4581 refragatur
647 4524 687 4572 Ab.
741 4520 1101 4575 alumnusalumnus.
1137 4527 1278 4577 virentiores
1295 4528 1361 4593 Bmg.

332 4650 347 4699 Ι,
366 4647 498 4715 delabitur]
516 4651 613 4703 Scilicet
623 4654 652 4703 de
665 4656 752 4705 anima.
776 4656 859 4706 Verius
946 4673 970 4708 n.
990 4657 1101 4723 Platone]
1130 4660 1190 4710 l‘ltt.
1215 4661 1326 4712 Phaedro
1350 4677 1406 4727 pag.
1418 4658 1496 4714 242

296 4718 400 4768 fortusse
419 4718 540 4768 dilabitur.
912 4741 964 4788 cap.
976 4725 1016 4776 20,
1052 4730 1117 4776 Adde
1136 4729 1196 4778 Tim.
1216 4729 1282 4791 pll
1297 4744 1336 4793 sq.
1355 4727 1380 4793 θ.
1392 4732 1434 4782 tr.

327 4800 360 4834 m.
378 4782 507 4850 srvstioeat]
523 4787 635 4845 Patimur,
646 4789 765 4840 alliciatur
777 4791 805 4840 rb
819 4805 857 4840 eo.
944 4807 967 4855 p.
987 4792 1101 4859 inoblita}
1127 4796 1162 4844 tl.
1181 4797 1212 4845 de
1231 4799 1276 4845 boc
1294 4801 1413 4850 vocabulo
1430 4792 1496 4849 αὶ·

328 4867 353 4903 n.
370 4848 452 4916 Plato]
473 4853 599 4904 l'basdone
617 4856 685 4918 pbb
699 4871 736 4920 sq.
909 4869 969 4909 nott.
988 4861 1017 4910 ad
1036 4861 1092 4911 dds.
1112 4863 1182 4913 blare
1203 4863 1238 4926 tt,
1251 4863 1291 4914 25.
