3242 5775
631 634 779 680 sumasne
800 636 1014 680 nunuoesnau.
1347 627 1407 690 371

199 795 244 848 ut
270 785 378 848 ‘nec
408 782 483 846 alia
507 782 614 846 reddit
656 783 836 863 ‘Corporale
858 785 936 846 enim
958 786 1098 848 materiae
1119 786 1181 849 vult
1201 806 1270 851 osse
1291 789 1329 853 de
1351 810 1410 871 quo

199 904 313 967 rpora
361 884 537 956 edantur,
568 883 756 963 incorporale
785 903 856 946 vero
885 885 1067 947 inconditum
1099 895 1212 950 motum
1246 889 1322 950 eius.
1377 891 1411 952 Si

198 986 270 1061 im,
299 986 383 1058 ait,
416 1002 543 1064 corpus
564 984 769 1046 tantummodo
791 994 889 1058 esset,
911 985 982 1046 nibil
999 988 1025 1047 ei
1042 987 1230 1067 incorporale
1244 998 1410 1068 appareret,

220 1096 280 1149 est
307 1094 471 1148 motus:
496 1085 523 1145 si
545 1102 615 1146 vero
637 1084 668 1144 in
684 1093 779 1145 totum
794 1085 1009 1165 'incorporalis
1025 1086 1149 1160 luisset,
1173 1071 1410 1168 nullum‘corpus

198 1206 273 1250 rea
301 1188 436 1249 fieret.
477 1184 597 1257 Quanto
619 1184 691 1245 baec
712 1185 823 1246 rectior
843 1185 953 1247 ‘ratiol
981 1185 1045 1247 Nisi
1060 1184 1156 1265 quod,
1180 1187 1207 1247 si
1229 1195 1289 1248 tam
1310 1195 1408 1249 rectas

198 1307 278 1351 neas
307 1286 470 1358 ’ducis,
494 1285 713 1364 Hermogenes,
747 1303 835 1363 quam
858 1286 1087 1358 ¹⁰ratiociuaris,
1119 1286 1216 1364 pictor
1238 1279 1268 1348 te
1288 1287 1411 1349 bardior

198 1408 242 1450 on
267 1398 345 1452 est.
397 1385 489 1459 Quis
512 1386 591 1446 enirn
612 1384 665 1446 tibi
687 1385 824 1447 concedit
843 1394 957 1447 motum
979 1387 1009 1446 in
1033 1387 1192 1448 secundam
1207 1396 1320 1468 partem
1335 1387 1409 1449 sub-

198 1491 326 1551 tantiae
356 1488 383 1520 ¹¹
397 1486 572 1565 deputare,
596 1485 869 1548 comsubstantiva
892 1504 941 1546 res
964 1505 1025 1547 non
1048 1486 1103 1559 sit,
1133 1487 1200 1566 quia
1222 1505 1278 1550 noc
1298 1504 1409 1567 corpo·

198 1591 280 1664 rsus,
317 1588 390 1650 sed
419 1585 581 1659 accidens,
617 1587 643 1647 si
672 1587 764 1659 iorte,
798 1586 981 1647 substantiae
1004 1593 1034 1648 ct
1055 1587 1192 1664 corpori,
1221 1595 1255 1649 ut
1275 1596 1358 1649 actus
1381 1594 1412 1648 et

200 1690 330 1769 pulsus,
360 1697 404 1750 ut
430 1686 555 1766 lapsus,
579 1685 638 1748 ¹'ut
653 1705 754 1756 casus,
778 1687 817 1747 ita
833 1696 864 1747 et
878 1697 988 1747 motus.
1020 1686 1093 1747 Nam
1117 1686 1171 1747 'tsi
1192 1687 1237 1748 vel
1259 1705 1275 1748 a
1297 1696 1410 1749 semot-

206 1789 265 1868 ’φο
291 1787 418 1868 ²⁴quid
447 1796 599 1859 movetur,
629 1796 711 1848 actus
734 1788 798 1848 eius
821 1795 869 1847 est
890 1795 1005 1858 motus,
1034 1794 1115 1846 certe
1136 1803 1206 1865 pars
1228 1786 1410 1847 substantiae

212 1907 265 1949 uon
286 1897 367 1958 est,
404 1886 491 1949 sicut
512 1894 544 1948 tu
565 1895 679 1964 motum
702 1887 898 1948 substantiam
926 1885 997 1946 facis
1020 1885 1160 1947 materiae
1181 1885 1410 1966 incorporalem.

218 1987 321 2050 onnia
348 1987 496 2065 denique
517 1994 674 2048 moventur
696 1987 773 2048 ”aut
795 2005 810 2046 a
834 1986 1021 2065 semetipsis,
1055 1995 1088 2047 ut
1115 1985 1265 2058 animalia,
1297 1992 1347 2048 sut
1374 1984 1410 2046 ab

222 2087 295 2162 aliis,
321 2096 365 2149 ut
391 2085 610 2158 ¹⁶inanimalia,
635 2095 732 2147 tamen
749 2105 804 2148 nec
819 2086 969 2147 bominem
989 2104 1046 2146 nec
1066 2085 1192 2164 lapidem
1215 2094 1246 2147 et
1267 2103 1410 2166 corpora·

226 2185 330 2250 leuet
355 2186 585 2265 incorporalem
607 2187 756 2258 dicemus,
778 2186 846 2265 quia
869 2194 899 2247 ct
915 2204 1024 2265 corpus
1040 2185 1144 2246 babeat
1160 2196 1189 2246 et
1202 2194 1333 2259 motum,
1356 2184 1410 2248 sed

232 2303 310 2348 mm
335 2286 489 2348 omnibus
511 2287 636 2347 sormam
659 2287 752 2348 solius
780 2285 1014 2365 corporalitatis,
1047 2305 1122 2365 quae
1149 2284 1331 2347 substantioe
1358 2302 1409 2346 res

237 2395 288 2459 αις
309 2388 338 2449 si
365 2405 429 2465 qua
453 2386 677 2465 ¹⁷incorporalia
705 2387 748 2448 eis
773 2386 923 2459 ¹'adsunt,
956 2395 1006 2446 aut
1033 2396 1130 2458 actus,
1163 2394 1214 2446 aut
1239 2383 1409 2464 passiones,

241 2495 282 2546 at
300 2486 422 2559 officia,
457 2496 507 2548 aut
533 2487 687 2561 libidines,
717 2505 821 2548 eorum
850 2505 910 2546 non
931 2487 1088 2564 portiones
1110 2486 1296 2565 deputamus.
1341 2482 1409 2556 Quo

245 2601 302 2664 ergo
326 2586 430 2647 ”lacit
450 2587 619 2665 portionem
642 2588 781 2648 materiae
804 2587 834 2647 in
867 2595 979 2647 motum
1009 2586 1186 2665 disponere,
1217 2584 1268 2663 qui
1290 2602 1351 2645 nou
1372 2582 1409 2645 ad

198 2738 199 2745 ,
248 2684 432 2748 &stantiam
454 2687 598 2766 pertinet,
621 2689 673 2749 sed
696 2689 731 2748 ad
755 2686 937 2770 substantiae
959 2684 1115 2746 habitum?
1157 2683 1236 2758 Quid
1258 2684 1354 2757 enim,
1383 2683 1410 2744 si

197 2801 202 2824 ¹
252 2781 418 2849 innobilem
441 2788 603 2875 placuisset
624 2788 677 2849 tibi
700 2787 839 2848 iuducere
862 2787 1032 2859 materiam,
1055 2784 1198 2864 numquid
1220 2783 1410 2845 immobilitas

198 2920 206 2963 t
256 2889 365 2949 tamuda
387 2906 459 2968 pars
481 2889 593 2950 formae
620 2887 793 2951 videretur?
837 2888 886 2949 Sic
917 2889 1015 2965 itaque
1042 2906 1098 2948 nec
1124 2895 1234 2948 motus.
1285 2883 1343 2946 Sed
1373 2884 1409 2945 de

262 2997 326 3048 notu
345 3000 374 3050 et
395 2988 464 3049 alibi
486 2989 613 3050 licebitl.

197 3154 205 3165 ‚
327 3089 408 3150 Nunc
430 3089 506 3150 enim
529 3090 616 3150 video
647 3099 674 3150 te
703 3091 738 3150 ad
768 3089 862 3149 ¹illam
890 3108 996 3149 rursus
1026 3088 1171 3148 radonem
1200 3088 1309 3148 reverti
1337 3104 1411 3165 quae
1430 3077 1523 3186 xggh

198 3225 216 3261 .;.
268 3184 304 3251 lbi
320 3189 387 3249 nibil
408 3190 497 3250 'certi
520 3190 691 3250 renuntiare
714 3190 876 3250 consucvit.
928 3189 1001 3247 Nam
1023 3187 1116 3247 ’sicut
1144 3178 1199 3247 nec
1226 3186 1411 3265 corporalem
1525 3172 1529 3184 ¹

198 3296 219 3364 ,ς’
272 3300 310 3346 teo
327 3289 535 3368 incorporalem
558 3290 669 3350 ⁴infers
691 3291 859 3360 materiam,
883 3289 920 3348 ita
944 3305 1000 3347 nec
1019 3285 1128 3346 bonam
1144 3303 1200 3345 nec
1213 3286 1318 3346 malam
1340 3286 1411 3346 'ad-

274 3380 345 3461 letss,
365 3399 393 3449 et
415 3390 540 3468 proinde
562 3390 898 3468 ‘superargumentans,
923 3388 954 3447 Si
971 3387 1066 3456 enim,
1089 3384 1204 3461 inquis,
1227 3382 1413 3454 essetbona,

275 3499 326 3558 ttae
344 3508 456 3568 semper
483 3490 541 3551 boc
568 3493 679 3561 luerat,
712 3507 772 3549 non
799 3488 985 3548 desideraret
1011 3483 1260 3562 compositionem
1288 3482 1351 3543 dei:
1385 3483 1410 3542 si

223 3666 227 3673 Ι
277 3596 334 3646 eset
357 3599 454 3650 natura
482 3591 572 3663 mala,
605 3609 666 3651 non
695 3590 860 3668 accepisset
889 3585 1110 3646 translationem
1138 3584 1168 3642 in
1202 3582 1322 3653 melius,
1356 3600 1412 3642 noc

207 3734 228 3767 '²³'
281 3728 570 3799 linceis.,rr.1unns.
622 3743 644 3791 6.
664 3741 821 3804 corporalem
841 3742 903 3789 enim
923 3739 1045 3787 materiam
1065 3737 1106 3784 sed
1126 3735 1195 3783 vultis
1214 3734 1256 3782 sed
1275 3748 1337 3797 aquo
1355 3748 1411 3782 eor-

223 3861 228 3871 ,
282 3807 406 3857 satanin
422 3815 446 3858 Α.
505 3811 528 3857 l.
553 3811 749 3872 incorporatos.
811 3808 835 3857 8.
860 3808 960 3855 rationis
979 3807 998 3853 si
1018 3804 1081 3868 quod
1106 3804 1131 3851 nt
1155 3804 1196 3859 lsit
1214 3801 1248 3860 B.)
1273 3810 1350 3851 rectas
1368 3802 1410 3851 ts.

224 3882 228 3891 ’
282 3861 400 3924 ΜιείΑΒ.
454 3878 492 3925 10.
512 3878 663 3926 ratiocinaris
683 3877 818 3924 Faltonius.
854 3874 939 3922 rationi
959 3872 1079 3920 satietis.
1114 3871 1175 3919 ratio
1194 3870 1238 3917 ista
1258 3870 1324 3918 obed.
1371 3869 1410 3918 ll.

284 3930 426 3994 mersis.
481 3943 518 3991 12.
539 3953 562 3992 n
580 3946 606 3993 t.
666 3940 1107 4003 to.sintf90,nmueop01u0.
1150 3938 1199 3985 svs
1222 3936 1325 3986 trusos.
1371 3936 1410 3984 ts.

229 4012 231 4017 '
286 4004 357 4056 Μ.
405 4011 442 4059 lb.
462 4020 501 4059 aut
519 4020 575 4060 uta
601 4011 739 4072 semetipsis
758 4015 782 4059 Α.
846 4009 883 4056 16.
910 4007 1044 4056 inanimalia
1071 4005 1142 4054 tatu.
1188 4003 1299 4051 animalia
1323 4020 1352 4062 c,
1370 4019 1412 4067 per

201 4072 232 4147 ‘',ff
288 4076 636 4141 mnttnttormpemrum.
674 4077 946 4125 inanimatnl'nticunos.
983 4071 1277 4120 animaliaioanimatad.
1314 4069 1411 4117 ttin-

197 4150 235 4205 “’,.
289 4141 355 4195 'itn
370 4143 392 4189 ll.
425 4148 447 4192 in
466 4160 568 4207 corpore
587 4148 611 4193 t.
668 4143 705 4193 ts.
725 4145 841 4191 assistunt
858 4145 882 4191 Α.
939 4140 974 4189 ts,
996 4140 1131 4202 portionem
1151 4138 1207 4186 lacit
1225 4138 1249 4185 t.

203 4206 233 4236 ἵν
312 4204 492 4273 Ι(ΖΜΧΗΙΙ.
531 4213 551 4260 1.
571 4212 643 4259 sliam
662 4214 685 4260 d.
738 4210 760 4258 2.
781 4212 887 4258 cer-tal.
934 4208 956 4255 3.
976 4208 1006 4254 sit
1025 4213 1050 4253 ut
1068 4207 1102 4255 bc.
1146 4204 1304 4253 dinlersd.
1340 4203 1412 4252 iulert

289 4263 349 4328 “lv
390 4276 410 4324 5.
430 4280 535 4338 adlegans,
562 4287 584 4328 et
604 4281 636 4336 d.,
664 4294 693 4326 ee
711 4280 822 4328 emendet.
842 4276 1019 4325 Fuloiillrsioi.
1072 4272 1095 4320 6.
1114 4277 1367 4332 superargumentans,
1386 4270 1411 4318 Si

199 4357 237 4405 „³⁴-
291 4338 372 4399 Ἢν
393 4359 419 4392 ex
436 4351 545 4397 emesam.
564 4347 640 4395 fulsit
650 4346 734 4394 Ursini.
779 4347 1054 4406 superargumentasset.
1087 4339 1112 4387 Si
1140 4339 1204 4386 enim
1228 4337 1296 4386 liobe.
1337 4351 1412 4399 super

290 4404 388 4507 :manta
408 4414 449 4460 sed
473 4416 493 4463 si
517 4415 581 4462 enim
600 4415 625 4462 t.
669 4427 743 4475 super
767 4419 929 4470 assumentes,
957 4407 1004 4455 Sed
1029 4406 1091 4454 enim
1116 4405 1136 4452 si
1159 4405 1279 4455 flleoonus
1297 4405 1412 4466 inmoto.

293 4596 425 4659 ''liltore“
443 4612 799 4675 illudensutiqueillamquam
854 4609 937 4671 ‚,alia“
956 4609 1016 4667 (ie.
1035 4607 1109 4656 alteru
1134 4620 1168 4655 sc.
1187 4601 1266 4662 ratio),
1285 4616 1346 4665 quae
1364 4616 1412 4665 qno

197 4688 240 4737 ,tr
293 4663 723 4739 *uenerantestternngentansm
743 4694 801 4736 „re-
853 4678 985 4726 retentetur
1002 4677 1026 4723 in
1045 4676 1159 4738 propiora
1176 4673 1283 4721 baberet.
1368 4736 1371 4741 Ι

197 4754 240 4807 ,s‘
293 4728 454 4810 ⁰¹ultionum
474 4763 518 4798 nec
537 4749 801 4810 miuusapterespon-
888 4746 912 4793 b.
931 4744 978 4793 Sed
996 4744 1026 4790 do
1046 4750 1110 4791 moto
1129 4750 1153 4790 et
1176 4740 1233 4788 alibi
1253 4734 1340 4785 licebit.
1378 4733 1413 4782 llo

351 4811 410 4859 ¹1¹tit
426 4831 483 4879 quae
508 4825 643 4879 sequuntur
666 4828 801 4878 pronomen
854 4820 920 4861 motu
939 4818 1110 4861 retractaturus
1128 4818 1165 4857 eat
1182 4807 1244 4856 inlra
1263 4799 1365 4865 ceps.

1153 4889 1208 4939 2⁴*
