3242 5775
259 663 300 729 68
358 678 362 686 ’
515 671 616 729 omnm
638 674 768 719 sarrrun
788 673 954 718 rnonnnrrs
977 672 1208 748 rnnrnnnnm*

257 836 383 894 cientur.
418 827 541 889 iuterim
564 826 635 887 satis
658 824 715 887 erit
735 823 772 885 ad
793 830 981 903 praesentem
1003 822 1125 902 gradum
1147 820 1187 882 ita
1203 837 1379 895 occurrere,
1402 828 1437 882 ut

187 985 190 999 ,
258 928 413 991 ostendam
443 928 593 990 Christum
620 926 719 987 lesum
748 943 809 985 non
840 924 961 985 alterins
995 922 1040 984 dei
1074 920 1310 984 circumlatorem
1342 940 1434 1001 quam

256 1028 416 1103 creatoris,
448 1026 617 1107 etquidem
638 1026 751 1106 paucis.
798 1024 885 1085 Anno
909 1042 951 1099 ,xv
973 1022 1102 1084 'liberiil
1125 1022 1261 1084 Christus
1282 1022 1373 1085 lesus
1397 1022 1436 1084 ne
1471 1037 1473 1044 ·

258 1129 339 1193 eaelo
361 1144 481 1190 manare
502 1128 638 1206 dignatus
661 1134 722 1200 est,
755 1125 879 1205 spiritus
900 1124 1050 1185 salutaris.
1093 1122 1252 1184 Marcionis
1275 1121 1433 1197 ¹salutem,

257 1228 328 1311 'qui
350 1230 389 1291 ita
410 1228 529 1302 voluit⁸,
551 1236 643 1307 quoto
665 1226 785 1306 quidem
807 1232 885 1286 anno
899 1224 1040 1285 Antonini
1062 1224 1183 1285 maioris
1198 1223 1236 1284 de
1250 1224 1349 1285 Ponto
1374 1242 1433 1294 suo

258 1312 436 1393 exhalaverit
456 1329 543 1390 'aura
566 1325 762 1389 canicularis*
782 1344 845 1387 non
866 1326 963 1387 curavi
979 1324 1163 1402 investigare.
1196 1323 1239 1384 lle
1255 1341 1315 1402 quo
1330 1331 1434 1385 tamen

258 1414 390 1505 constat,
412 1428 645 1489 ‘Antoninianus
667 1425 835 1487 haereticus
857 1435 930 1502 est·‚
954 1425 1010 1487 suh
1031 1424 1085 1485 Pio
1108 1424 1227 1503 impius.
1266 1423 1433 1485 ATiberio

250 1509 356 1593 autem
377 1548 474 1609 usque
494 1529 530 1590 ud
550 1527 732 1589 Antoninum
753 1526 823 1587 anni
843 1527 907 1587 lere
928 1526 1001 1586 ‘cxv
1027 1534 1056 1586 et
1082 1524 1235 1586 dimidium
1263 1524 1334 1585 anni
1363 1543 1432 1587 curu

257 1630 380 1693 dimidio
406 1628 531 1691 mensis.
585 1626 770 1689 Tantundem
799 1627 942 1706 temporis
969 1633 1086 1706 ponunt
1115 1625 1193 1686 inter
1220 1625 1371 1687 Christum
1401 1634 1433 1687 et

147 1797 149 1800 ,
256 1730 445 1793 Marcionem.
490 1729 563 1790 Cum
584 1729 674 1806 igitur
695 1727 752 1789 suh
772 1728 922 1791 Antonino
950 1728 1065 1806 primus
1087 1726 1217 1787 Marcion
1239 1725 1320 1787 huuc
1339 1725 1433 1788 eleum

256 1830 422 1903 induxerit,
444 1829 520 1891 sicut
533 1828 739 1908 probavimus,
762 1828 879 1898 statim,
902 1828 952 1906 qui
968 1827 1060 1906 sapis,
1083 1828 1168 1906 plana
1183 1844 1233 1888 res
1249 1834 1305 1889 est.
1334 1825 1431 1887 Prae-

256 1931 388 1993 iudicant
408 1937 540 2009 tempora
563 1929 643 2008 qnod
665 1928 721 1990 suh
731 1928 880 1990 Antonino
902 1928 1047 2007 ‘’primum
1068 1927 1217 2007 processit
1238 1926 1294 1987 suh
1306 1926 1430 1989 'liberio

255 2048 317 2094 non
338 2030 538 2111 processisse,
573 2029 603 2089 id
631 2037 678 2091 est
704 2029 792 2089 deum
813 2027 1020 2089 'Antoniniani
1049 2028 1164 2108 imperii
1187 2027 1337 2089 Tiberiani
1367 2044 1429 2089 non

255 2131 367 2206 luiss'e,
390 2138 477 2210 atque
500 2130 539 2190 ita
560 2147 623 2196 non
644 2128 795 2191 aChristo
818 2128 979 2189 revelatum
1001 2148 1088 2208 quem
1111 2136 1228 2190 constat
1241 2147 1264 2189 a
1278 2127 1430 2190 Marcione

222 2260 226 2286 .-
256 2230 402 2312 'primum
416 2230 624 2311 praedicatum.
657 2228 722 2289 Hor
742 2245 821 2289 nunc
842 2235 876 2289 ut
896 2228 1020 2308 probem
1044 2237 1196 2302 constare,
1220 2228 1301 2307 quod
1317 2246 1428 2307 super-

256 2341 318 2405 est,
340 2331 378 2394 ah
399 2331 474 2412 ipsis
496 2329 671 2391 adversariis
695 2347 820 2390 sumam.
864 2329 1018 2408 Separatio
1040 2329 1113 2407 legis
1136 2337 1167 2391 et
1187 2328 1330 2407 evangelii
1352 2347 1427 2408 pro-

253 2432 354 2514 prium
376 2439 406 2494 et
425 2431 587 2511 principale
609 2447 684 2508 opus
706 2435 753 2490 est
768 2428 941 2502 Marcionis,
964 2448 1020 2490 nec
1040 2438 1182 2509 poterunt
1203 2447 1312 2508 negare
1333 2428 1428 2490 disci·

222 2599 228 2607 ,
254 2532 317 2611 puli
338 2531 403 2592 eiua
426 2529 506 2610 quod
527 2530 558 2589 in
579 2528 714 2590 ”summo
737 2528 936 2590 instrumento
959 2529 1084 2603 hahent,
1118 2548 1176 2608 quo
1199 2529 1327 2608 denique
1349 2529 1427 2589 ¹⁰in·

254 2630 377 2692 itiantur
391 2637 422 2689 et
435 2629 454 2661 ¹¹
462 2629 638 2689 indurantur
652 2628 682 2687 in
694 2627 797 2689 ¹²hane
807 2628 963 2691 haeresim.
987 2629 1060 2690 Nam
1075 2631 1131 2690 hae
1146 2638 1216 2691 sunt
1227 2628 1428 2691 ¹'Antitheses

253 2728 428 2803 llarcionis,
457 2728 487 2789 iel
509 2735 557 2789 est
576 2728 742 2789 contrariae
765 2727 1015 2808 ¹⁴oppositiones,
1044 2749 1119 2809 qnae
1141 2738 1287 2791 conantur
1308 2729 1427 2791 discor·

254 2830 333 2893 (liam
349 2827 518 2907 ¹⁶evangelii
540 2845 606 2890 cum
627 2827 691 2908 lege
706 2828 905 2903 committere,
927 2839 960 2891 ut
975 2849 1010 2892 cx
1025 2829 1196 2892 diversitate
1211 2830 1428 2892 sententiarum

253 2929 410 3008 utriusque
431 2926 637 2990 instrumenti¹
658 2929 868 2991 diversitatem
885 2948 1004 3009 quoque
1025 2939 1269 3010 argumententur
1290 2931 1428 2993 deorum.
1469 2934 1473 2947 '

250 3028 344 3108 igitur
364 3048 431 3090 cum
453 3046 487 3089 ea
510 3029 657 3108 separatio
677 3029 751 3108 legis
774 3038 804 3091 et
825 3031 966 3109 evangelii
988 3031 1053 3110 ipsa
1076 3032 1116 3092 sit
1137 3022 1211 3111 quae
1231 3031 1323 3093 alium
1338 3031 1428 3093 deum

252 3128 396 3208 evangelii
417 3128 609 3190 insinuaverit
631 3129 774 3190 adversus
797 3130 885 3192 deum
912 3131 1003 3210 legis,
1041 3141 1163 3210 apparet
1189 3142 1258 3193 aute
1286 3150 1352 3193 eam
1374 3149 1443 3193 se-.

249 3229 434 3311 parationem
456 3228 544 3290 deum
564 3229 596 3289 in
618 3228 723 3290 notitia
744 3248 806 3291 non
828 3231 921 3292 luisse
943 3232 993 3311 qui
1015 3232 1051 3292 ab
1067 3229 1240 3310 argumento
1257 3232 1427 3311 separatio·

249 3329 298 3390 nis
320 3329 465 3402 innotuit,
487 3337 574 3409 atque
595 3329 636 3391 ita
656 3347 718 3390 non
740 3349 757 3391 a
779 3330 899 3392 Christo
921 3331 1103 3405 revelatum,
1132 3331 1182 3410 qui
1204 3331 1260 3392 luit
1281 3341 1351 3393 ante
1373 3350 1426 3394 se·

249 3430 452 3511 parationem,
475 3431 529 3492 sen
544 3429 719 3492 allarcione
733 3438 974 3504 commentatum,
997 3431 1047 3511 qui
1061 3430 1189 3492 instituit
1204 3432 1427 3510 separationem

250 3530 393 3592 adversus
416 3530 558 3608 evangelii
579 3531 712 3610 legisque
732 3548 851 3610 pacem,
884 3548 972 3608 quam
1001 3538 1082 3591 retro
1112 3530 1243 3592 illaesam
1265 3539 1297 3606 et
1317 3533 1426 3594 incon·

251 3645 370 3706 cuasam
397 3627 434 3687 ab
461 3630 630 3707 apparentia
659 3629 768 3691 Christi
803 3647 899 3708 usque
930 3630 968 3691 ad
1001 3630 1151 3691 audaciam
1183 3630 1343 3693 hlarcionis
1377 3631 1429 3694 illu

249 3726 351 3806 utique
372 3726 448 3791 ratio
471 3728 598 3789 servavit
624 3747 699 3807 quae
724 3747 787 3789 non
816 3729 904 3790 alium
927 3729 1043 3792 ¹⁶eleum
1072 3738 1102 3790 et
1127 3730 1201 3810 legis
1229 3737 1260 3792 et
1281 3730 1427 3811 evangelii

316 3879 374 3943 Cup.
392 3878 451 3928 xlx.
487 3851 630 3928 inclutam
648 3881 680 3940 (1.,
699 3880 886 3931 Fulnllrrinur.
921 3878 1008 3930 salotis
1026 3883 1120 3946 reliqui.
1178 3880 1202 3931 2.
1227 3883 1267 3946 qui
1292 3883 1324 3933 ita
1347 3882 1428 3934 voluit

247 3946 370 3996 &lendum
385 3947 496 3995 induruit
513 3946 679 4010 losScoliper.
737 3946 761 3997 3.
779 3949 835 3997 nula
852 3948 896 3998 AG.
917 3949 1028 3999 Vaticani.
1080 3949 1106 3998 4.
1124 3949 1258 3998 Antoninus
1275 3949 1353 4000 nuco
1398 3950 1425 4001 h.
1464 4012 1469 4019 Ι

181 4059 187 4066 ,
247 4020 343 4062 centnm
360 4013 440 4071 viginti
459 4012 564 4075 quinque
582 4014 607 4062 B.
650 4013 674 4064 6.
692 4015 773 4063 statim
791 4016 896 4077 primum
915 4016 1022 4065 cessitA.
1058 4016 1163 4080 primum
1182 4016 1288 4066 cessitB.
1329 4016 1354 4066 ’1.
1374 4017 1444 4068 An·.

146 4079 153 4092 ’
245 4079 363 4128 toniuiani
381 4080 404 4127 el.
439 4079 550 4128 Antonini
567 4082 659 4145 reliqui.
712 4079 737 4131 8.
753 4082 859 4144 primum
878 4085 945 4133 obed.
987 4083 1066 4146 primo
1084 4082 1146 4132 ABG.
1168 4083 1278 4134 Vaticani.
1332 4082 1358 4133 9.
1376 4098 1425 4135 ruo

245 4147 292 4196 lor.
306 4147 417 4209 Scaliger.
451 4145 497 4196 rtee
514 4149 624 4210 improbo.
678 4147 717 4197 tn.
738 4150 881 4199 nunciantur
898 4150 940 4199 All.
995 4149 1036 4198 11.
1055 4149 1197 4199 indurentur
1214 4152 1281 4213 obed.
1311 4150 1424 4200 intluen-

245 4212 345 4262 turAlt.
380 4212 516 4261 indicantur
535 4214 558 4263 C.
604 4212 642 4262 12.
661 4214 724 4264 hanc
741 4216 955 4266 haeresimlcoic.
991 4216 1053 4265 hauc
1071 4217 1182 4265 haeresin
1202 4219 1225 4265 d.
1261 4217 1424 4268 haehaeresi

249 4280 360 4329 Volucri.
404 4278 441 4328 13.
461 4280 586 4329 antithesis
598 4280 641 4330 BG.
683 4281 723 4330 14.
741 4282 913 4345 dispositiones
930 4283 955 4332 A.
966 4299 996 4332 m.
1006 4299 1042 4347 pr.
1086 4283 1125 4332 15.
1145 4284 1261 4346 evangelii
1279 4298 1334 4334 cum
1352 4286 1453 4336 obed.-

246 4346 377 4396 Gorrienrir
394 4347 460 4396 liber.
496 4361 550 4396 cum
567 4349 661 4411 reliqui.
713 4347 753 4397 16.
771 4357 796 4399 et
813 4349 885 4399 deum
904 4350 964 4411 lepis
982 4358 1006 4399 ot
1023 4352 1060 4400 ob.

279 4445 304 4494 h.
321 4449 388 4495 Anno
405 4447 443 4495 XV
457 4442 557 4511 Tiberii]
576 4447 700 4497 lstudnou
714 4461 805 4510 crena,
890 4449 913 4499 d.
932 4449 962 4499 do
981 4450 1056 4499 Ponto
1074 4465 1119 4499 suo
1137 4450 1283 4500 exhalaverit
1300 4465 1359 4500 anre
1378 4465 1424 4502 oa-

159 4547 164 4553 -
245 4512 290 4564 sati
308 4526 336 4561 ex
353 4512 480 4589 llarcionis
498 4515 617 4591 sententia
637 4515 694 4591 (licit
712 4523 804 4576 auctor,
855 4513 983 4581 nienlnris]
1002 4519 1125 4581 Tanquam
1143 4517 1333 4580 pestilentialem
1352 4532 1423 4570 mor-

208 4604 210 4608 ·
245 4579 316 4629 sicuti
333 4587 399 4642 patet
416 4594 444 4629 ex
461 4581 804 4642 ιρειυονετὺιε1111111111.
854 4583 921 4633 hum.

244 4647 359 4697 llareion.
378 4647 461 4709 capi.
479 4646 590 4706 (Parnoi.)
889 4665 911 4700 e.
928 4651 1103 4700 Antoninianus
1121 4648 1259 4701 haereticus
1277 4646 1327 4716 est]
1352 4651 1420 4702 tter-

278 4728 299 4763 r.
319 4714 360 4777 qni
377 4708 512 4783 itavolnit]
538 4714 630 4778 Nempe
647 4715 732 4772 salut'u
750 4716 804 4779 spi·
855 4717 918 4766 cion.
954 4718 990 4767 Cl.
1008 4718 1065 4766 Adv.
1083 4716 1154 4766 llurc.
1173 4718 1244 4777 tv,4.
1264 4718 1341 4778 v,19.

239 4780 303 4830 ritus
321 4780 413 4832 haberi.
425 4781 474 4843 (Fr.
482 4780 582 4839 lunius.)
600 4781 677 4833 immo
690 4783 720 4833 de
733 4783 802 4833 caelo
888 4784 905 4832 l.
924 4785 1049 4848 utriusque
1073 4781 1238 4850 instrumenti]
1263 4785 1301 4837 Cl.
1325 4787 1422 4837 adnuit.

242 4861 352 4898 manare.
855 4849 886 4899 erl
902 4850 1002 4914 apolog.
1021 4864 1074 4914 cap.
1088 4849 1126 4900 18.
