3242 5775
695 655 734 700 ne
755 657 856 701 antu.
1027 633 1032 640 '
1297 641 1360 708 025

198 808 281 870 udor
302 804 478 885 digestionis
500 805 663 867 aestuantis
687 813 734 867 est
755 805 854 868 index.
904 803 1039 886 lienique
1058 802 1264 885 'concoquere
1285 805 1361 870 dici-
1412 859 1450 884 ,,

197 926 268 980 aur,
293 906 373 987 quod
397 906 521 980 caloris,
545 923 605 965 uon
628 906 749 985 trigoris
768 906 904 985 operatio
919 914 975 968 est
1010 905 1164 969 ¹⁰l'criude
1178 895 1362 970 deminutio-
1414 901 1474 970 f*

197 1028 253 1070 tem
281 1008 418 1069 animalis
447 1005 572 1085 spiritus
600 1013 651 1068 aut
678 1006 869 1086 indigentiam
898 1005 1021 1086 spiritus
1048 1013 1099 1068 aut
1124 1007 1363 1086 segregationem

198 1109 300 1172 ansati
323 1107 449 1186 spiritus.
471 1107 488 1138 ¹¹
496 1107 703 1169 immortalitas
727 1107 842 1169 animae
863 1125 923 1169 non
945 1106 1016 1169 sinit
1036 1107 1128 1168 credi.
1163 1106 1246 1169 Perit
1265 1107 1364 1170 auibus

198 1211 209 1273 i
235 1209 412 1271 minoratur.
447 1208 633 1286 ¹¹Superest,
656 1209 683 1271 si
704 1211 811 1280 lortet,
834 1205 1028 1270 cum'Stoicis
1049 1206 1268 1269 resolutionem
1289 1225 1364 1270 seu·

198 1310 279 1372 ualis
302 1309 413 1389 rigoris
437 1326 575 1370 somnum
597 1309 846 1385 determinemus,
869 1310 937 1389 quia
958 1307 1095 1387 corporis
1117 1307 1212 1370 solius
1231 1307 1365 1387 quietem

197 1421 344 1485 tremeat,
377 1428 439 1471 nou
468 1418 499 1471 et
525 1410 648 1472 animae.
701 1411 835 1472 baimam
862 1411 942 1474 enim
963 1418 997 1472 ut
1018 1427 1139 1490 semper
1164 1407 1307 1471 mobilem
1334 1415 1368 1470 et

197 1529 310 1591 emper
338 1510 494 1571 exercitam
522 1528 683 1590 numquam
712 1510 734 1544 ¹⁸
742 1512 896 1574 succidere
922 1510 1030 1590 quieti,
1065 1510 1180 1573 alienae
1207 1508 1321 1572 scilicet
1347 1526 1366 1571 a

198 1618 268 1673 tatu
284 1610 530 1683 immortalitatis;
552 1610 626 1672 nihil
647 1612 726 1673 enim
748 1612 915 1674 immortale
931 1612 1021 1674 linem
1038 1612 1140 1691 operis
1158 1610 1204 1673 sui
1225 1609 1364 1685 admittit,

197 1729 315 1773 omaus
344 1720 442 1772 auteur
469 1710 537 1772 tinia
565 1720 612 1773 est
638 1713 749 1792 operia.
806 1713 942 1793 lienique
976 1713 1097 1793 corpori
1125 1712 1172 1774 cui
1199 1711 1366 1774 mortalitas

197 1811 340 1891 ompulit,
364 1811 391 1872 ei
413 1810 469 1872 soli
492 1812 577 1891 quies
599 1813 687 1874 linem
704 1814 805 1893 operis
820 1813 1017 1876 ¹⁴adulatori.
1051 1812 1109 1887 Qut
1125 1813 1199 1893 erg'o
1213 1811 1251 1874 de
1266 1809 1366 1874 mmai
1412 1808 1418 1820 '

197 1912 374 1976 naturalitate
396 1912 555 1985 dubitabit,
578 1911 668 1974 habet
689 1915 807 1993 quidem
831 1913 1002 1976 dialecticos
1024 1912 1056 1975 in
1074 1912 1197 1976 dubium
1212 1911 1365 1976 deducen-

197 2032 232 2076 es
255 2021 349 2074 totam
373 2014 548 2075 naturalium
572 2013 631 2073 ¹¹et
648 2015 909 2077 extranaturalium
924 2013 1148 2089 discretionem,
1170 2021 1204 2076 ut
1219 2013 1367 2092 ¹'etquue

197 2114 335 2176 tutaverit
355 2114 427 2174 citra
450 2121 582 2174 naturam
613 2132 682 2176 ease
710 2124 833 2177 naturae
860 2115 1003 2176 vindicari
1031 2115 1107 2178 sciat
1126 2132 1234 2195 posse,
1263 2131 1280 2176 a
1308 2129 1367 2193 qua

197 2225 225 2277 ta
249 2232 319 2276 esse
342 2214 447 2275 sortita
470 2214 583 2286 ¹⁷sunt,
607 2223 639 2275 ut
661 2215 734 2277 citra
757 2235 822 2278 eam
844 2216 947 2278 baberi
961 2216 1133 2290 rideantur,
1156 2225 1187 2278 et
1199 2214 1302 2294 utique
1316 2219 1367 2276 aut
1461 2239 1465 2244 ·

197 2324 292 2379 satura
315 2314 413 2376 omnia
436 2324 486 2376 aut
507 2313 585 2375 nulla
608 2324 723 2379 natura.
776 2317 861 2396 apud
884 2335 942 2377 nos
964 2326 1064 2379 autem
1085 2316 1116 2378 id
1136 2314 1250 2397 poterit
1270 2312 1368 2376 audiui

197 2417 267 2497 prod
292 2415 340 2476 dei
362 2415 571 2494 contemplatio
593 2417 744 2495 suggerit,
773 2418 905 2480 auctoris
929 2417 1062 2480 omnium
1083 2417 1251 2497 dequibus
1273 2431 1367 2495 quae·
1464 2500 1468 2508 ‚

197 2518 275 2578 itur.
321 2515 475 2576 Credimus
498 2515 593 2588 enirn,
618 2516 643 2576 si
667 2517 737 2596 quid
761 2525 808 2578 est
830 2529 952 2593 natura,
979 2517 1125 2581 rationale
1147 2516 1267 2597 aliquod
1289 2532 1365 2595 opus

197 2618 234 2680 lei
251 2635 331 2678 esse.
364 2617 459 2677 Porro
483 2634 621 2677 somnum
643 2618 718 2677 ratio
742 2619 847 2697 praeit,
869 2628 929 2682 tam
952 2628 1064 2700 aptum,
1087 2628 1147 2682 tam
1169 2619 1282 2692 utilem,
1305 2621 1365 2678 ta'm

197 2716 407 2789 necessarium,
440 2724 474 2777 ut
495 2716 606 2796 absque
628 2717 679 2779 illo
702 2717 781 2780 nulla
803 2721 900 2781 anima
922 2719 1051 2782 sulliciat
1071 2725 1272 2782 recreatorem
1293 2735 1365 2780 cor-

197 2835 312 2892 sorum,
335 2818 600 2897 redintegratorem
621 2818 745 2893 ririunr,
773 2819 966 2900 probatorem
987 2817 1212 2894 valetudinum,
1241 2825 1354 2900 pacato·
1465 2817 1475 2832 '

197 2938 252 2982 em
283 2937 423 2998 operum,
456 2920 602 2980 medicum
631 2920 782 2994 laborum,
812 2922 860 2983 cui
886 2921 1016 3001 legitima
1038 2922 1165 2984 fruendo
1187 2920 1254 2982 dies
1276 2918 1366 2992 cedit,
1401 2984 1412 3011 ο

198 3039 248 3081 rox
270 3021 366 3098 legem
395 3021 481 3092 lacit,
515 3022 653 3080 aulerens
683 3039 783 3082 rerurn
812 3023 900 3084 etiarn
930 3022 1072 3084 colorem.
1124 3021 1240 3096 Quodsi
1268 3018 1367 3092 vitale,

197 3122 338 3192 salutare,
367 3120 507 3181 auxiliare
534 3138 677 3192 somnus,
711 3122 784 3182 nihil
807 3124 954 3184 eiusmodi
983 3142 1044 3184 nun
1072 3122 1232 3196 rationale,
1267 3120 1368 3182 ''nibil

197 3240 251 3283 ron
267 3220 411 3283 naturale.
445 3222 495 3281 Sic
516 3230 546 3281 et
567 3222 673 3282 medici
697 3240 785 3283 ornne
808 3225 990 3284 contrarium
1006 3223 1099 3297 vitali,
1123 3222 1258 3294 salutari,
1281 3221 1368 3282 auxi·

198 3323 254 3383 iari
276 3331 358 3383 extra
383 3321 559 3382 ¹”naturales
582 3322 717 3382 cardines
746 3321 888 3401 relegant.
941 3323 1016 3384 Nam
1044 3333 1074 3384 et
1099 3322 1231 3384 aemulas
1259 3336 1368 3381 somno
1473 3354 1481 3369 ι

197 3423 390 3492 raletudines,
419 3422 619 3500 phreneticam
642 3420 757 3499 ²⁰atque
780 3423 959 3495 cardiacam,
990 3431 1108 3501 praeter
1129 3429 1265 3482 naturam
1286 3417 1368 3479 iudi-

197 3524 286 3584 cando
309 3522 472 3583 naturalem
496 3540 634 3583 somnum
656 3522 947 3601 praeiudicaverunt3
975 3522 1062 3583 etiarn
1091 3522 1122 3582 iu
1150 3520 1284 3599 lethargo
1305 3536 1368 3579 nou

197 3623 355 3684 naturalem
387 3632 524 3684 notantes
560 3623 733 3683 testimonio
766 3622 892 3684 naturali
924 3623 1124 3700 respondent,
1158 3640 1225 3682 cum
1253 3620 1284 3680 in
1310 3636 1368 3681 suo

197 3730 427 3803 temperamento
443 3734 498 3785 est.
532 3723 637 3787 Omnis
659 3724 738 3785 enirn
760 3733 865 3785 natura
887 3731 938 3785 aut
959 3723 1182 3785 delraudatione
1203 3729 1254 3784 aut
1274 3737 1367 3782 enor-

197 3824 314 3887 utute*
336 3826 528 3898 rescinditur,
551 3825 734 3904 proprietate
755 3842 914 3886 mensurae
936 3835 1141 3886 conservatur.
1176 3825 1220 3885 lta
1234 3822 1369 3885 naturale

197 3974 379 4042 &unaquoque
397 3979 575 4027 reordinari.
641 3977 680 4026 10.
700 3962 801 4028 rariore
819 3979 844 4028 l.
886 3978 990 4027 Proinde
1013 3979 1106 4042 reliqui.
1167 3976 1205 4027 ll.
1224 3974 1370 4025 immortalis

197 4045 271 4095 anina
290 4047 347 4096 lica.
403 4045 441 4094 12.
460 4047 548 4106 Supest
566 4052 602 4092 est
620 4046 640 4093 si
661 4047 722 4094 lorte
739 4050 789 4109 Arg.
845 4044 883 4094 1³.
901 4045 1027 4095 succidere
1045 4048 1077 4104 b„
1097 4046 1125 4095 de
1142 4046 1256 4095 emendet.
1273 4043 1369 4093 latinii

197 4115 324 4162 succedere
342 4112 417 4162 aare.
474 4113 512 4161 14.
531 4113 624 4160 adlatur
641 4115 667 4161 Α.
703 4115 810 4162 adlatura
829 4112 1008 4163 loallercerur.
1057 4112 1095 4161 15.
1116 4119 1138 4161 ct
1156 4110 1369 4161 extranaturalium
1440 4132 1471 4171 ,ι

197 4184 273 4230 aar.
329 4181 368 4230 lii.
389 4190 410 4228 et
429 4184 525 4230 orn.tb.
587 4179 624 4226 t't.
644 4180 741 4229 estllt.
804 4178 843 4229 18.
870 4181 928 4229 nibil
954 4195 1002 4229 nou
1027 4179 1137 4229 naturale
1154 4182 1192 4229 ub.
1236 4178 1294 4229 aittt
1319 4192 1368 4227 uun

197 4246 302 4297 naturale
321 4247 440 4296 rationale
459 4250 522 4310 quod
543 4247 659 4296 rationale
678 4249 711 4309 B,
732 4264 776 4312 quo
795 4251 820 4298 iu
838 4249 896 4298 libro
916 4250 971 4298 baec
988 4250 1058 4296 rerba
1074 4249 1167 4296 uncinis
1178 4249 1269 4297 incluta
1280 4251 1370 4306 alent,

197 4324 247 4360 esu
262 4324 316 4365 eote
334 4319 359 4364 iu
376 4332 465 4376 muru:
484 4317 532 4374 „al
553 4316 666 4363 desunt.“
703 4316 727 4364 ln
749 4316 770 4364 C.
788 4317 859 4379 plane
882 4317 942 4365 nibil
959 4317 1041 4364 borum
1059 4320 1181 4378 comperet.
1241 4312 1280 4364 19.
1299 4320 1369 4362 uatu-

198 4379 259 4429 ralea
278 4385 319 4433 aa.
357 4391 457 4431 naturae
476 4383 586 4445 linquub.
640 4381 680 4431 20.
699 4391 770 4445 atque
789 4383 924 4434 cardiacam
943 4383 1022 4433 om.l.

235 4526 253 4572 t.
270 4517 289 4564 si
308 4512 383 4580 lorte]
402 4516 478 4566 idest
497 4531 593 4579 nempe,
611 4517 646 4565 ael
667 4517 756 4575 ntique,
806 4519 955 4581 prolatorem,
972 4514 1007 4565 rel
1018 4521 1198 4580 prorogatorem.
1217 4515 1281 4565 Nihil
1295 4522 1371 4564 mute.

203 4585 285 4632 tlusu
303 4585 453 4633 Tertulliani.
484 4585 507 4631 l'.
528 4585 637 4646 quaeda
657 4585 756 4634 baclo·
807 4584 866 4633 llarn
887 4586 985 4633 aduersa
1004 4583 1113 4632 ualetudo
1137 4598 1249 4632 somnum
1274 4583 1325 4632 iere
1349 4588 1373 4631 et

203 4647 291 4700 cutione
309 4653 355 4701 dixi
376 4653 404 4700 od
426 4653 458 4700 tte
477 4653 571 4700 Corona
591 4667 642 4715 cap.
654 4652 677 4701 5.
809 4652 913 4715 quietem
945 4653 1041 4713 adimit;
1077 4656 1177 4700 somnus
1210 4648 1370 4699 ualetudinem

222 4712 256 4783 ΙΙΙ.
275 4716 404 4784 adulatur]
424 4720 528 4768 Adulans
547 4719 636 4767 tribuit.
656 4720 704 4777 tFr.
717 4719 757 4768 lu·
809 4727 920 4768 testatam
940 4719 1003 4768 iacit
1022 4718 1184 4778 titulantur.)

206 4782 272 4854 ''tt-l
844 4787 866 4834 lt.
885 4787 1069 4836 defraudatione
1086 4795 1127 4837 aut
1144 4776 1300 4847 enormitate]
1323 4781 1371 4831 tte-

233 4858 247 4892 ῑ
273 4855 425 4915 probatorem
450 4850 625 4919 valetudinum]
652 4854 759 4903 Latinius
810 4853 874 4904 lecta
893 4862 935 4905 ant
952 4868 1060 4905 excessu.

233 4927 389 4985 Ttarutcrxnr
403 4954 454 4984 ora.
469 4954 506 4984 su.
516 4953 616 4984 osacen.
641 4941 704 4983 Turn.
714 4939 741 4982 ll.
1021 4982 1025 4987 ,
1185 4935 1219 4986 40
