3242 5775
320 596 385 660 aad
578 611 678 662 nurnrr
703 610 834 654 amaran
856 611 1022 656 anonasrrs
1044 611 1241 658 autumnus

317 763 396 826 labo.
430 761 514 823 Sicut
535 770 566 822 et
587 759 656 821 aiibi
679 769 738 823 tam
760 760 957 823 abscondisse
978 780 1067 841 quare
1087 762 1284 826 revelaturum
1308 782 1378 826 esee
1400 765 1496 844 siqni-

165 880 303 932 reamur.
320 866 399 926 boat:
427 864 465 925 lit
486 862 562 924 dabo
585 861 643 923 illis
667 861 822 925 thesauros
845 862 1053 936 absconditos,
1085 863 1254 926 invisibiles
1271 866 1404 945 aperiam
1424 865 1496 930 illis.

167 966 355 1032 rexurresht
376 982 495 1026 rursus:
520 963 595 1037 Quis
617 962 692 1024 alius
714 963 857 1025 ‘desiciet
878 964 964 1043 signa
978 964 1233 1045 ventriloquorum
1249 973 1280 1028 et
1294 965 1494 1030 diuinationes

319 1055 482 1139 ernardo,
515 1072 652 1126 avertens
677 1064 708 1125 in
736 1065 906 1145 posteriora
934 1064 1084 1145 sapientes
1111 1075 1144 1127 et
1169 1067 1365 1146 cogitationes
1388 1087 1495 1132 eorum
1514 1123 1529 1146 ,

318 1165 493 1230 infatuans?
542 1166 574 1227 Si
600 1174 697 1228 autem
726 1173 755 1226 et
782 1165 933 1227 Christum
965 1182 1054 1227 suum
1081 1166 1310 1230 illuminator·-
1338 1168 1494 1232 nationum

165 1248 300 1353 '‘ffi'fftf·
316 1268 493 1348 designavit:
527 1267 619 1328 Posui
648 1274 676 1327 te
706 1266 854 1328 inlunem
882 1266 1050 1338 nationum,
1083 1266 1174 1346 ⁶quas
1201 1269 1435 1348 interpretamur
1462 1270 1492 1332 in

214 1399 217 1406 ·
316 1370 437 1433 nomine
459 1366 663 1448 parvulorum,
691 1385 783 1429 sensu
806 1366 920 1428 scilicet
940 1376 1021 1428 retro
1044 1386 1149 1447 parvas
1171 1370 1422 1450 etimprudentia
1444 1370 1491 1432 in·

316 1473 428 1544 lantes,
451 1470 509 1531 ianr
532 1488 601 1531 vero
623 1477 654 1530 et
675 1468 839 1530 bumilitate
861 1468 930 1529 fidei
950 1468 1090 1548 pusillas,
1119 1469 1232 1558 facilius
1259 1470 1363 1551 utique
1385 1471 1499 1534 uode.

316 1591 382 1634 mus
411 1570 538 1633 eundem
567 1569 656 1630 etiarn
682 1568 814 1648 parvulis
842 1568 991 1630 revelasse
1017 1588 1073 1648 per
1094 1569 1243 1633 Christum
1272 1573 1324 1651 qui
1353 1580 1385 1634 et
1411 1581 1492 1634 retro

315 1671 506 1736 absconderit
527 1679 556 1731 et
577 1688 632 1750 per
646 1669 797 1731 Christum
821 1669 1031 1731 revelationem
1046 1672 1263 1750 repromiserit.
1300 1677 1360 1736 but
1375 1673 1402 1735 si
1417 1674 1491 1736 deut

315 1774 474 1836 biarcionis
504 1789 635 1851 eaquae
661 1789 677 1833 a
705 1778 841 1833 creatore
867 1769 1042 1831 abscondita
1069 1780 1151 1832 retro
1180 1774 1298 1835 inerant
1323 1773 1490 1853 'wiclant
1527 1819 1529 1840 2

316 1893 388 1955 ergo
408 1874 467 1937 iarn
489 1873 616 1935 creatori
637 1870 788 1951 negotium
810 1871 919 1950 gessit,
941 1889 990 1932 res
1013 1870 1078 1933 eius
1100 1872 1282 1936 edisserens.
1312 1874 1375 1937 Sed
1389 1875 1421 1936 in
1435 1875 1487 1937 de·
1522 1905 1529 1950 .·

315 1976 527 2047 structionem,
550 1973 665 2053 inquis,
688 1972 730 2034 uti
751 1973 937 2033 traduceret·
958 1991 1020 2034 eas.
1061 1972 1138 2052 Ergo
1161 1973 1219 2035 illis
1243 1974 1415 2038 deduxisse
1435 1975 1486 2038 dt·
1524 2045 1529 2058 1

314 2077 421 2139 buerat
440 2075 547 2155 quibus
569 2083 686 2136 creator
706 2072 925 2145 'abscondidit‚
954 2073 1140 2153 sapientibus
1163 2083 1192 2136 et
1214 2076 1422 2155 prudentibus.
1455 2075 1485 2140 st
1522 2073 1529 2082 “

315 2179 394 2240 enirn
416 2177 596 2256 benignitate
617 2174 758 2249 iaciebat,
780 2173 840 2234 illis
862 2181 927 2235 erat
947 2174 1056 2254 agnitio
1078 2176 1257 2256 praestanda
1271 2177 1381 2257 quibus
1396 2179 1487 2240 iuerat
1520 2183 1524 2188 ’

314 2288 432 2359 negata,
466 2297 525 2339 non
553 2276 701 2358 parvulis,
734 2274 842 2355 quibus
856 2271 945 2336 'nibil
973 2284 1089 2337 creator
1115 2276 1269 2339 inviderat.
1325 2278 1365 2340 Et
1391 2287 1485 2342 tamea
1522 2255 1529 2296 ε

313 2400 408 2460 usqne
436 2380 546 2451 adhuc,
577 2386 665 2458 puto,
698 2376 861 2458 probamus
884 2376 1116 2454 exstructionem
1143 2378 1244 2458 pntius
1266 2378 1343 2458 legis
1364 2388 1395 2441 et
1415 2397 1485 2460 pro-
1514 2357 1529 2448 ‚³

174 2481 297 2535 ¹¹⁰⁰·¹·²2
312 2482 469 2562 pbetanrm
492 2479 617 2541 inueniri
639 2478 668 2539 in
684 2478 804 2540 Christo
827 2496 915 2557 qnam
936 2477 1182 2540 destructionem.
1216 2479 1323 2541 Omnia
1345 2479 1405 2543 eibi
1426 2490 1485 2544 tra·
1514 2511 1523 2532 ·

269 2588 294 2650 ⁸,
311 2583 371 2644 dita
394 2581 464 2642 dicit
485 2600 502 2641 a
523 2590 618 2659 patre.
662 2578 788 2651 Credas,
811 2578 839 2640 si
860 2557 1075 2640 creatoris'est
1094 2575 1246 2653 Christus,
1270 2581 1355 2643 cuius
1377 2582 1486 2658 omnia,
1516 2549 1529 2634 ‚¹

311 2682 397 2763 'quia
419 2699 481 2742 non
503 2679 639 2742 ¹⁰minori
662 2698 696 2740 se
718 2678 839 2740 tradidit
865 2680 965 2741 omnia
985 2679 1045 2740 lilio
1075 2687 1206 2754 creator,
1234 2699 1311 2760 quae
1337 2701 1393 2763 per
1420 2701 1486 2748 eura
1518 2769 1521 2774 Ι

312 2783 459 2853 condidit,
487 2800 542 2861 per
564 2798 735 2843 sermonem
756 2798 845 2842 suum
867 2780 989 2842 scilicet.
1034 2780 1171 2842 Ceterum
1193 2782 1218 2843 si
1241 2779 1487 2867 ¹¹lrrepxo'pasroc

311 2884 390 2959 illel,
419 2904 494 2964 quae
516 2893 586 2945 sunt
607 2882 706 2944 omnia
728 2901 803 2962 quae
824 2881 867 2944 iili
888 2901 905 2944 a
926 2891 1010 2963 patre
1037 2891 1108 2943 sunt
1129 2881 1260 2946 tradita‘l
1303 2883 1390 2960 Quae
1418 2896 1486 2951 eunt
1518 2875 1529 2965 ξ’

310 2984 479 3048 meatoris?
520 2985 599 3064 Ergo
621 2984 699 3045 bona
721 2993 791 3046 sunt
812 3002 889 3063 quae
909 2992 994 3063 pater
1015 2983 1075 3045 lilio
1098 2984 1233 3058 tradidit,
1257 2995 1288 3047 et
1307 2986 1408 3051 bonus
1428 2990 1485 3053 iam
1516 2974 1529 3021 ³¹

309 3098 435 3159 creator,
458 3087 541 3149 cuins
564 3085 662 3147 omnia
684 3085 762 3146 bona
783 3093 862 3156 sunt,
883 3093 916 3167 et
936 3085 986 3147 ille
1001 3084 1059 3146 iam
1073 3102 1134 3145 non
1149 3084 1258 3159 bonus,
1280 3089 1332 3167 qui
1347 3088 1378 3149 in
1391 3090 1486 3153 aliem
1518 3072 1529 3124 ¹*

309 3189 387 3249 bona
410 3188 534 3259 invasit,
556 3196 590 3249 ut
610 3187 671 3247 illio
694 3186 840 3258 traderet,
863 3185 976 3247 docens
990 3185 1087 3247 alieno
1102 3186 1261 3249 abstinere.
1295 3188 1385 3253 Certe
1398 3210 1483 3255 mu-
1516 3192 1529 3221 '¹

309 3289 480 3351 dicissimus
503 3289 553 3369 qui
576 3306 631 3349 nec
651 3287 742 3348 lilium
766 3287 846 3348 unde
872 3286 980 3348 ditaret
1004 3287 1105 3349 babuit
1135 3288 1194 3349 nisi
1216 3289 1253 3350 de
1275 3291 1386 3354 alieno.
1427 3294 1484 3357 but

310 3391 335 3452 si
359 3391 431 3452 nihil
453 3390 490 3450 de
511 3389 656 3450 creatoris
679 3388 819 3450 traditum
834 3397 881 3450 est
895 3388 921 3449 ei
943 3396 1073 3467 epatre,
1098 3388 1308 3470 ¹'ecquomodo
1332 3393 1482 3457 bomine·
1509 3380 1529 3473 ‚³

1523 2463 1529 2502 l

1524 2667 1529 2709 Ι

1522 2773 1529 2810 i

309 3493 453 3554 mentoris
475 3490 531 3552 sibi
553 3488 706 3551 vindicati
748 3493 806 3552 hut
827 3490 853 3551 si
875 3490 959 3550 solus
987 3491 1078 3551 bomo
1100 3491 1127 3552 ei
1150 3492 1274 3553 traditus
1296 3503 1361 3568 est,
1384 3494 1481 3559 urania
1509 3480 1529 3561 3¹.

307 3593 398 3653 borno
428 3609 487 3651 non
518 3599 573 3652 est.
623 3591 776 3669 Scriptura
804 3600 902 3651 autem
931 3593 1065 3653 omnium
1093 3591 1181 3653 edicit
1208 3593 1400 3659 traditionem
1420 3596 1481 3659 illie
1516 3598 1529 3655 ·‘:

306 3692 423 3753 iactam.
456 3691 515 3752 Sed
537 3692 614 3752 etsi
636 3692 743 3753 Omnia
764 3690 800 3752 ad
823 3691 976 3754 bominum
998 3709 1116 3771 genera,
1140 3693 1168 3754 id
1185 3695 1281 3755 estad
1298 3716 1406 3760 ornnes
1426 3716 1480 3761 aa·
1512 3678 1529 3727 *.

197 3792 424 3866 retrosiores,
452 3791 712 3870 interpretaberis,
740 3799 771 3854 et
795 3793 852 3853 has
874 3793 935 3855 srlio
957 3793 1116 3856 tradidisse
1142 3796 1286 3858 creatoris
1308 3806 1370 3860 est:
1399 3800 1480 3863 llabt
1502 3818 1529 3889 ’Ξ

306 3893 359 3954 tibi
382 3903 487 3972 gentes
510 3892 719 3953 haereditatem
743 3902 822 3955 tuam
845 3904 875 3956 et
895 3895 1123 3975 possessionem
1147 3904 1225 3958 tuam
1248 3900 1397 3963 terminos
1417 3910 1481 3965 ter·
1506 3892 1529 3976 ’ζ

302 4012 365 4055 rac.
409 3995 466 4054 hut
488 3994 513 4055 si
537 3993 626 4055 habet
647 3995 763 4074 etipse
792 3995 888 4074 eliqua
916 4015 986 4069 sua,
1019 4014 1095 4076 qnae
1124 3999 1222 4059 omnia
1251 3998 1311 4061 lilio
1341 4000 1529 4079 traderetj¹

303 4095 416 4173 pariter
436 4114 503 4155 curn
525 4095 646 4155 bomine
667 4096 827 4168 creatoris,
850 4097 977 4171 ostende
999 4117 1089 4159 unum
1113 4099 1259 4179 ”aliquod
1282 4120 1318 4162 er
1340 4090 1529 4185 omuibus-‘f

304 4195 336 4256 in
357 4196 460 4268 fidem,
483 4197 514 4256 in
537 4196 719 4276 erunplum,
742 4216 780 4259 ne
803 4206 862 4259 tam
883 4200 990 4260 merito
1005 4218 1065 4260 non
1080 4200 1198 4262 credam
1214 4201 1279 4262 eius
1295 4220 1367 4265 esee
1381 4204 1482 4269 Μὰ
1503 4218 1529 4229 ··

304 4296 389 4358 cuius
411 4297 485 4358 nibil
507 4298 593 4357 video
615 4316 703 4377 quarn
725 4298 833 4360 merito
862 4300 980 4361 credam
1008 4300 1096 4362 etiam
1125 4322 1199 4382 quae
1220 4321 1280 4363 non
1304 4304 1392 4367 rideo
1414 4306 1480 4369 eiu

304 4445 327 4494 b.
346 4446 445 4496 diibeiet
463 4449 487 4497 B.
522 4448 546 4497 6.
566 4463 626 4512 quas
645 4452 726 4500 emt
767 4451 790 4500 l.
809 4453 923 4515 patefacit
940 4453 965 4502 b.
1010 4452 1034 4503 8.
1052 4455 1181 4504 abscondit
1198 4471 1217 4505 c.
1260 4454 1285 4505 9.
1303 4456 1479 4521 atquialst.

306 4514 344 4563 lo.
364 4516 483 4564 minorum
502 4517 522 4564 si
533 4516 575 4564 BG.
612 4517 651 4566 il.
671 4519 862 4581 eperchomenos
873 4521 915 4571 BG.
949 4523 1176 4584 eperchomenosd.
1213 4521 1481 4591 lbeeqaomodeap.
1515 4570 1529 4591 Α

303 4588 328 4631 et
345 4584 466 4646 qaumodn
485 4583 588 4633 llGubcd.
631 4582 670 4636 13.
688 4585 785 4649 aliquod
804 4590 836 4647 d.,
857 4591 1056 4639 aemendatione
1072 4590 1096 4639 P.
1108 4590 1232 4641 ducendi.
1267 4592 1373 4655 aliquem
1392 4593 1481 4647 Mt·
1519 4658 1529 4667 ι

337 4699 358 4732 e.
386 4680 533 4749 traduceret]
562 4684 612 4733 iloc
641 4693 678 4735 eet
705 4690 865 4751 convinceret,
916 4704 970 4740 cern
990 4690 1037 4740 boc
1054 4690 1198 4752 significatu.
1221 4692 1335 4756 Exempla
1353 4692 1482 4747 alibiaafl
1519 4676 1529 4685 ’⁸

303 4752 446 4810 confutaret,
478 4753 613 4800 infamaret.
658 4754 864 4818 Frequentissime
916 4758 1026 4807 collecta.

301 4818 349 4869 bec
366 4820 463 4869 verbnm
474 4828 605 4884 usurpatur
613 4822 677 4884 apud
687 4824 861 4874 Tertullianum
948 4826 971 4875 d.
990 4816 1232 4891 ἐπερχόμενοςὶΙΙο]
1245 4826 1281 4876 Cf.
1291 4826 1479 4895 supraema
1519 4888 1528 4897 ,
