3242 5775
593 610 743 655 massus
765 612 939 658 usncrorvnnr
960 616 1018 659 urs.
1035 618 1055 660 r.
1370 613 1411 676 53

214 780 270 841 qna
291 761 387 823 deum
411 759 444 822 id
467 778 539 823 esse
563 768 701 841 oporteat
722 762 770 825 oui
791 762 867 828 nibil
888 764 1085 846 adaequetur,
1109 777 1141 831 ut
1154 788 1277 836 summu
1291 792 1410 855 magno,

217 864 335 925 uuiurm
367 870 476 925 autem
507 861 549 925 sit
580 862 628 924 cui
656 863 730 925 nibil
762 863 954 945 adaequetur.
1006 868 1068 930 lam
1097 887 1178 932 nunc
1205 872 1264 935 duo
1292 894 1410 941 summa

219 983 333 1044 mgna,
355 963 423 1032 duo.
443 964 540 1045 paria,
563 962 611 1025 cui
632 981 743 1043 operae
755 966 866 1045 pretio,
888 968 935 1030 cui
954 968 1156 1034 emolumento
1171 971 1409 1053 deputarentur?

221 1064 298 1138 Quid
318 1065 462 1128 interfuit
483 1064 613 1138 numeri,
635 1084 703 1127 cum
725 1066 785 1128 duo
807 1067 890 1147 paria
904 1086 966 1131 nou
980 1069 1118 1134 differant
1132 1071 1218 1135 uno?
1248 1073 1312 1138 Una
1327 1078 1407 1141 cuim

219 1185 267 1229 res
288 1176 337 1229 est
365 1186 446 1247 quae
475 1167 580 1230 eadem
609 1167 639 1228 in
666 1166 785 1230 duobus
812 1178 871 1230 est.
920 1169 1042 1233 Etiamsi
1070 1172 1155 1253 plura
1183 1184 1287 1236 essent
1314 1178 1405 1257 paria,

221 1268 396 1331 tantundem
419 1268 523 1329 omnia
545 1287 638 1330 uuum
660 1268 803 1343 luissent,
837 1268 918 1331 nullo
948 1270 1043 1333 'inter
1070 1291 1104 1333 se
1131 1272 1315 1349 differendo,
1340 1297 1406 1359 ‚qun

221 1370 313 1449 paria.
356 1369 458 1431 Porro
479 1370 507 1432 si
527 1379 668 1432 neutrum
690 1388 727 1432 ex
748 1369 867 1432 duobus
889 1371 981 1434 altero
1010 1372 1117 1447 distat,
1153 1374 1211 1436 iam
1237 1374 1288 1438 'ut
1316 1378 1404 1442 ambo

224 1490 336 1532 summa
358 1489 487 1550 magua,
510 1471 584 1551 lqua
607 1472 655 1534 dci
669 1470 773 1545 ambo,
795 1480 933 1534 neutrum
956 1472 1024 1552 plus
1046 1472 1140 1535 altero
1162 1482 1311 1554 praestat,
1334 1478 1404 1540 nid-

223 1571 277 1634 lam
304 1572 458 1634 monem
485 1572 604 1634 numeri
631 1572 678 1635 sui
707 1572 885 1647 ostendunt,
918 1574 1128 1652 praestantiam
1159 1592 1220 1635 non
1247 1576 1403 1641 habentes.

223 1671 371 1736 Numerus
402 1682 505 1735 antem
537 1673 698 1735 divinitatis
731 1692 847 1735 summa
877 1674 993 1735 ratione
1020 1682 1159 1736 constare
1185 1675 1324 1751 deberet,
1357 1678 1404 1741 vel

224 1775 361 1853 moniam
384 1783 415 1836 et
437 1774 553 1836 cultura
574 1775 640 1835 eius
661 1775 693 1835 in
720 1793 829 1854 anceps
858 1775 1065 1837 deduceretur.
1112 1774 1189 1837 Ecce
1217 1775 1297 1838 enim
1324 1777 1401 1839 duos
1472 1779 1476 1786 ’

225 1875 341 1937 intuens
363 1874 442 1937 deos
465 1885 524 1937 tam
546 1894 635 1955 pares
658 1893 745 1954 quam
766 1876 826 1937 duo
848 1894 963 1938 summa
985 1894 1090 1955 magna
1112 1875 1183 1955 quid
1204 1877 1349 1951 lacerem,
1374 1877 1402 1941 si

226 1977 326 2038 ambos
355 1975 513 2038 colerem?
558 1977 683 2038 Vererer
710 1995 748 2038 ue
775 1976 953 2039 abundantia
982 1976 1070 2037 officii
1104 1976 1279 2055 superstitio
1301 1977 1402 2057 potius

226 2095 308 2156 quam
330 2077 438 2156 religio
463 2077 697 2145 existimaretur.
720 2078 787 2156 quia
810 2078 887 2139 duos
909 2088 968 2139 tam
990 2096 1078 2157 pares
1098 2084 1129 2137 ct
1142 2077 1173 2138 in
1188 2076 1280 2139 altero
1295 2077 1401 2141 ambos

228 2196 342 2257 possem
365 2178 397 2239 in
421 2197 483 2239 uuo
506 2178 671 2252 demereri,
692 2178 751 2239 boc
770 2178 870 2258 ipsum
893 2178 1065 2240 testimonio
1088 2186 1242 2257 praestans
1263 2178 1402 2257 parilitati

229 2289 256 2339 et
273 2279 379 2341 unitati
401 2298 526 2353 eorunm,
559 2279 629 2340 dum
657 2278 780 2341 alterum
811 2281 850 2342 in.
871 2279 965 2341 altero
990 2296 1165 2351 venerarer,
1196 2278 1266 2340 dum
1288 2279 1318 2339 in
1340 2296 1401 2340 uno

231 2380 293 2441 nibi
315 2380 377 2442 duo
400 2389 482 2442 suut.
521 2380 555 2441 Si
576 2380 700 2442 alterum
722 2380 867 2453 colerem,
890 2399 984 2460 aeque
1006 2379 1201 2458 recogitarem
1223 2396 1262 2440 nu
1283 2379 1400 2441 sullan-

232 2480 308 2543 tec·
328 2481 452 2543 viderer
474 2481 592 2543 numeri
614 2482 769 2543 vanitatem
792 2482 858 2543 sine
880 2481 1047 2542 differentia
1068 2478 1259 2560 supervacui,
1281 2479 1340 2542 boc
1354 2487 1402 2542 est

234 2592 260 2641 st
277 2584 368 2645 tutius
390 2601 549 2644 censerem
572 2591 707 2644 neutrum
730 2582 886 2644 colendum
914 2600 1002 2661 quam
1024 2581 1147 2643 alterum
1169 2599 1236 2642 cum
1259 2580 1399 2663 scrupulo

236 2683 380 2745 colendum
401 2693 456 2746 aut
476 2682 581 2745 ambos
603 2702 686 2746 vane.

180 2761 182 2860 l
306 2786 357 2847 Sic
379 2785 479 2846 adbuc
506 2784 641 2846 videmur
673 2784 825 2865 disputare
853 2784 937 2863 quasi
959 2783 1090 2845 Marcion
1113 2783 1189 2844 duos
1211 2800 1299 2863 pares
1321 2801 1396 2844 con-
1415 2804 1516 2864 opvs.

235 2888 332 2949 stituat
386 2887 462 2948 Nam
493 2887 565 2948 dum
594 2887 777 2948 defendimus
808 2887 895 2948 deum
929 2904 1078 2947 summum
1110 2903 1249 2964 magnum
1281 2883 1400 2947 unicum

236 2990 302 3049 credi
324 2998 486 3068 oportere,
510 2988 700 3050 excludentes
722 2987 759 3049 ab
782 3006 819 3048 eo
842 2987 1034 3066 parilitatem,
1067 2994 1206 3073 tanquam
1229 2986 1265 3048 de
1287 2986 1403 3048 duobus

236 3090 343 3166 paribus
366 3091 405 3151 de
429 3089 477 3150 bis
507 3089 767 3161 ¹retractavimus,
802 3088 994 3149 nibilominus
1026 3095 1122 3148 tamen
1151 3087 1287 3149 docendo
1315 3105 1404 3166 pares

180 3176 181 3191 ¹
237 3208 291 3251 esse
311 3210 375 3252 non
398 3209 494 3270 posse
523 3190 688 3252 secundum
710 3190 819 3251 summi
842 3190 939 3268 magni
961 3189 1087 3249 sormam
1117 3187 1200 3248 satis·
1215 3187 1404 3249 confirmavi-

180 3264 182 3367 l
236 3309 290 3352 uus
311 3294 391 3353 dnos
415 3310 487 3352 esse
509 3310 572 3352 nou
595 3309 703 3370 posse,
724 3291 870 3369 'alioquin
893 3290 966 3351 certi
981 3289 1160 3349 Marcionem
1175 3288 1310 3366 dispares
1330 3287 1405 3349 deos

180 3442 181 3463 ,
234 3395 425 3464 constituere,
447 3393 573 3454 alterum
590 3391 730 3464 iudicem,
753 3393 866 3463 lerum,
888 3390 1129 3467 bellipotentem,
1152 3387 1278 3447 alterum
1292 3386 1406 3462 mitem,

233 3494 372 3569 placidum
395 3502 430 3554 et
451 3491 656 3554 tautummodo
678 3492 787 3553 bonum
810 3501 898 3569 atquc
914 3488 1069 3567 optimum.
1104 3485 1301 3563 llispiciamus
1315 3503 1408 3565 acque

233 3602 259 3653 et
277 3596 353 3656 banc
374 3603 509 3675 partem,
532 3612 570 3654 an
594 3592 749 3655 diversitas
771 3593 869 3653 saltim
891 3590 967 3651 duos
983 3585 1092 3667 capiat,
1114 3586 1139 3647 si
1153 3585 1285 3666 parilitas
1302 3604 1407 3666 capere

231 3713 283 3756 non
298 3694 411 3776 potuit.
446 3695 541 3755 Porro
565 3704 597 3754 et
618 3692 665 3753 bic
686 3695 787 3754 eadem
809 3691 909 3770 regula
932 3687 1040 3749 summi
1063 3687 1160 3766 magui
1174 3686 1407 3766 patrocinabitur

230 3798 326 3869 nobis,
358 3806 466 3875 utpote
487 3814 564 3874 quae
588 3802 682 3855 totum
705 3803 813 3855 statum
841 3791 969 3853 vindicet
991 3789 1161 3851 divinitatis.
1202 3789 1405 3850 Conveniens·

229 3899 300 3959 euim
322 3899 372 3959 ’et
395 3896 620 3976 quodammodo
643 3895 748 3957 iniecta
770 3912 859 3955 manu
881 3893 1015 3953 detinens
1031 3889 1192 3951 adversarii
1207 3908 1329 3951 sensum
1345 3907 1406 3951 uon

226 4001 357 4079 segarus
374 4008 546 4060 creatorem
563 3996 661 4067 deum,
683 3995 847 4058 iustissime
862 3991 1053 4073 praescribol‘
1074 3991 1115 4051 illi
1131 3990 1293 4052 diversitati
1307 3989 1406 4052 locum

225 4119 279 4163 son
301 4121 375 4163 esse
400 4100 483 4161 inter
505 4116 560 4160 eos
584 4098 634 4176 qui
656 4117 692 4158 ex
713 4115 808 4176 aequo
832 4095 905 4156 deos
927 4092 1084 4173 confossus
1107 4109 1168 4152 nou
1189 4099 1290 4169 potest
1310 4093 1407 4161 lacero

223 4202 373 4275 diversos,
409 4218 473 4261 non
504 4198 575 4278 quia
604 4217 663 4259 non
690 4198 739 4259 ‘et
760 4196 897 4258 homines
920 4193 988 4253 licet
1008 4192 1063 4253 sub
1086 4192 1188 4253 cadem
1211 4189 1407 4270 appellatione

223 4355 243 4403 i.
260 4360 321 4405 ister
339 4372 368 4405 se
387 4353 488 4405 succa.
511 4352 635 4400 Vaticanus
653 4360 755 4415 uterque.
798 4357 854 4397 note
872 4362 898 4396 se
916 4363 938 4397 n.
980 4359 1038 4393 nse
1056 4346 1079 4394 b.
1139 4343 1162 4392 8.
1181 4349 1205 4392 et
1222 4342 1266 4392 AB.
1318 4340 1341 4391 9.
1361 4355 1408 4404 que

221 4427 279 4474 ded.
298 4427 440 4476 corsiensis
461 4422 534 4469 liber.
570 4433 631 4480 qnae
648 4421 741 4482 reliqui.

278 4494 339 4558 Cap.
359 4493 400 4541 t'l.
443 4489 469 4538 1.
490 4486 645 4536 matutinus
662 4486 705 4535 AB.
742 4483 765 4533 2.
785 4483 875 4546 alioqui
893 4480 979 4531 lldnbe.
1015 4477 1039 4528 3.
1059 4485 1082 4527 et
1100 4477 1196 4528 omdll.
1231 4475 1256 4525 d.
1275 4472 1408 4525 stomun.

247 4645 265 4677 e.
282 4618 449 4688 suffundere]
484 4619 644 4678 Pndeiacere,
667 4619 798 4682 ignominia
850 4615 922 4664 verbo
949 4628 1010 4678 quae
1040 4611 1152 4662 adnotata
1177 4617 1233 4658 suut
1256 4607 1286 4656 ad
1309 4603 1410 4669 Apulos.

219 4696 311 4747 meere.
337 4697 378 4747 cl.
402 4705 477 4758 qnae
498 4695 560 4736 suut
578 4688 667 4738 adnuit.
685 4688 798 4738 adScor-
851 4698 904 4746 cap.
921 4681 959 4730 10.
1028 4748 1033 4756 ·
1339 4737 1344 4746 Ι

216 4766 267 4824 dl&-
285 4764 399 4829 09010·
884 4749 910 4798 b.
927 4741 1080 4813 praescribo]
1107 4744 1144 4794 ct.
1169 4742 1259 4792 aduott.
1285 4737 1314 4786 ad
1339 4746 1414 4784 iuter.

243 4835 293 4898 cap.
313 4835 353 4884 t't.
397 4846 424 4880 a.
449 4818 625 4889 Conveniens]
648 4822 685 4874 (tt.
703 4822 734 4872 de
752 4821 799 4870 boc
851 4817 907 4868 libri
926 4816 959 4865 lte
978 4814 1121 4878 Praescript.
1140 4809 1330 4861 baereticorum.
