3242 5775
582 672 727 718 sommus
748 669 889 718 emnam
1031 728 1035 738 ,
1247 657 1308 723 685

156 822 249 903 patria
277 823 336 884 mei
363 822 493 884 nomine.
546 821 755 886 lnde‘scilicet
781 824 952 886 suffecerat·
979 821 1030 885 filii
1051 822 1088 885 ad
1109 827 1222 903 patrem
1242 841 1310 886 vox.

156 925 231 986 Ecce
253 924 306 986 ‘ex
328 922 502 986 abundantia
523 924 685 1004 respondet
705 925 742 987 de
764 925 844 986 eaelo
867 933 965 1004 pater,
986 923 1046 986 lilio
1066 923 1309 998 ‘molestatum

156 1025 212 1086 llic
234 1032 280 1086 est
299 1024 376 1086 lilius
398 1043 480 1088 meus
502 1024 642 1100 dilectus,
663 1025 694 1086 in
715 1044 772 1105 quo
793 1025 870 1088 bene
891 1026 988 1101 sensi,
1016 1026 1113 1089 audite
1134 1024 1224 1088 illum.
1265 1006 1408 1109 baffi:

156 1125 205 1187 ⁷et
226 1128 259 1187 ta
281 1126 355 1200 isto,
384 1125 562 1198 Gloriticavi,
590 1134 621 1187 et
646 1125 812 1207 glorificabo
841 1145 964 1200 rursus,
996 1137 1068 1206 quot
1092 1125 1447 1207 praenestinorum.

158 1226 309 1300 videntur,
331 1217 556 1308 perversissime
577 1228 717 1301 'Praxean
740 1226 796 1289 nisi
819 1236 888 1307 quot
911 1237 941 1289 et
960 1225 1073 1290 voces?
1108 1226 1206 1289 Habes
1219 1227 1309 1290 fllium

158 1328 187 1387 in
211 1328 315 1401 terris,
337 1328 427 1391 habes
448 1338 561 1410 patrem
583 1328 614 1390 in
636 1329 732 1391 ecelis.
764 1329 830 1390 Non
852 1339 899 1392 est
919 1328 1066 1409 separatio
1086 1328 1157 1402 ista,
1179 1328 1231 1391 sed
1246 1329 1310 1391 tlat-

158 1429 267 1508 positio
290 1429 397 1491 divina.
429 1430 565 1493 Ceterum
587 1430 696 1492 scimus
718 1430 804 1492 deum
827 1431 914 1493 etiam
935 1430 1011 1492 intra
1032 1429 1155 1510 abyssos
1177 1448 1260 1503 esse,
1282 1437 1313 1493 et

159 1529 268 1609 ubique
291 1531 470 1604 consistere,
492 1532 544 1593 sed
566 1531 594 1593 vi
616 1540 645 1593 et
665 1541 821 1612 potestate.
865 1531 968 1593 Filium
990 1549 1123 1611 quoque,
1151 1538 1185 1593 ut
1205 1530 1311 1593 inditi·
1388 1537 1391 1542 ’
1441 1602 1446 1612 ,

159 1631 265 1703 duum,
294 1633 447 1711 cumipse
470 1632 587 1713 ubique.
631 1633 741 1695 Tamen
769 1633 799 1694 in
828 1633 891 1713 ipsa
912 1628 1099 1715 ὀἰκονομίᾳ
1119 1631 1314 1712 patervoluit

159 1732 249 1793 filium
271 1732 301 1793 in
325 1733 413 1794 terris
435 1733 551 1808 haberi,
575 1752 609 1795 se
629 1752 699 1796 vero
721 1734 751 1794 in
774 1734 871 1796 caelis.
907 1734 1002 1808 ¹⁰Quo
1025 1741 1054 1795 et
1074 1733 1144 1814 ipse.
1159 1732 1236 1796 filius
1258 1751 1312 1795 su·

159 1834 288 1914 spiciens
310 1842 340 1895 et
361 1833 464 1896 orabat
485 1842 516 1896 et
535 1835 704 1915 postulabat
724 1854 740 1897 a
761 1847 859 1915 patre,
882 1853 940 1915 quo
963 1843 992 1898 et
1012 1853 1069 1896 nos
1091 1843 1206 1897 erectos
1220 1833 1311 1897 doec·
1353 1911 1354 1914 Ἴ

159 1934 208 1995 bat
236 1953 335 1996 orare:
367 1936 455 1997 Pater
480 1945 598 2009 noster,
631 1936 679 2016 qui
707 1955 740 1997 es
767 1936 797 1997 in
830 1936 940 2011 caeliae
967 1936 1059 1997 ¹¹eum
1082 1936 1122 1997 eit
1143 1943 1172 1997 et
1193 1935 1464 2017 ubiquernatevro.

159 2036 242 2096 Hanc
262 2036 361 2097 sedem
383 2055 466 2097 suam
488 2037 578 2099 voluit
599 2037 724 2117 ¹²pater:
747 2037 899 2100 minoravit
920 2037 1011 2099 lilium
1026 2036 1141 2099 modico
1163 2037 1234 2101 eitra
1255 2049 1444 2105 an-r·.vn1,e

160 2137 242 2215 gelos
265 2137 300 2198 ad
322 2133 429 2199 terram
452 2136 666 2212 ¹³dimittendo,
695 2138 786 2218 gloria
815 2148 911 2201 tamen
934 2138 1096 2200 ethonore
1118 2148 1311 2203 coronaturus

159 2237 241 2298 illum
262 2238 293 2299 in
314 2238 411 2299 caelos
432 2239 620 2301 resumendo.
669 2240 747 2301 llaec
773 2241 830 2301 iam
853 2238 1018 2319 praestabat
1038 2239 1095 2313 illi,
1129 2239 1245 2315 dicens,
1276 2240 1314 2304 Et

160 2339 335 2418 glorificavi,
358 2348 387 2402 et
408 2340 587 2419 glorificabo.
629 2341 763 2402 Postulat
783 2340 860 2403 lilius
882 2341 918 2402 de
940 2341 1044 2415 terris,
1066 2350 1150 2420 pater
1170 2340 1314 2422 promittit

161 2458 176 2500 a
200 2440 297 2502 caelis.
331 2440 408 2513 Quid
431 2442 600 2504 mendacem
621 2442 691 2503 lacis
714 2451 743 2503 et
763 2454 876 2521 patrem
899 2451 927 2503 et
948 2439 1062 2504 filium?
1094 2441 1125 2503 Si
1140 2425 1335 2522 “autpater'

161 2541 198 2600 de
221 2540 307 2602 caelis
328 2541 502 2621 loquebatur
523 2543 558 2605 ad
581 2542 714 2617 ¹⁵lilium,
737 2560 803 2604 cum
825 2533 890 2623 ipso
911 2552 992 2605 esset
1010 2543 1087 2605 lilius
1109 2544 1185 2622 apud
1207 2552 1312 2619 terras,

160 2635 211 2703 aut
232 2641 307 2703 filius
330 2643 365 2703 ad
387 2653 501 2724 patrem
521 2644 710 2725 precabatur,
733 2662 798 2706 cum
820 2643 886 2723 ipse
908 2652 988 2707 esset
1008 2644 1085 2706 filius
1108 2644 1184 2725 apud
1199 2644 1312 2707 caelos:

161 2742 246 2822 quale
273 2751 320 2804 est
347 2754 378 2804 ut
405 2744 483 2805 lilius
516 2733 585 2807 item
619 2745 808 2826 ¹⁶postularet
834 2764 850 2806 a
878 2745 1058 2825 semetipso,
1095 2746 1314 2825 postulandos

161 2853 258 2925 patre,
281 2844 334 2906 ¹⁷si
356 2845 432 2907 lilius
455 2857 516 2909 erat
537 2834 643 2927 pater?
665 2855 715 2909 aut
734 2847 842 2909 iterum
861 2854 946 2927 pater
966 2846 1019 2909 sibi
1039 2848 1104 2927 ipso
1117 2846 1312 2929 promitteret,

158 2946 358 3027 promittendo
387 2948 462 3021 lilio,
500 2949 525 3010 si
546 2958 630 3029 pater
657 2946 742 3011 erati
784 2949 823 3011 Ut
843 2949 886 3011 sie
907 2949 982 3011 duos
996 2949 1116 3011 divisos
1138 2949 1313 3025 diceremus,

159 3049 307 3127 quomodo
331 3049 480 3119 iactitatis,
504 3050 682 3112 tolerabilius
697 3051 787 3112 ¹'erat
802 3051 876 3112 duos
892 3050 1003 3112 divisos
1019 3070 1105 3130 quam
1120 3050 1313 3119 unum'deum

159 3149 345 3229 versipellem
359 3150 535 3230 praedicare.
572 3153 671 3231 ltaque
693 3152 728 3213 ad
744 3151 818 3213 istos
835 3151 938 3213 ¹⁹nunc
952 3151 1090 3214 dominus
1104 3151 1313 3232 pronuntiavit,

158 3250 226 3311 Non
248 3260 370 3330 propter
390 3270 437 3312 me
458 3251 540 3314 ”ista
562 3271 618 3313 vox
639 3253 734 3326 venit,
767 3253 819 3313 sed
847 3260 969 3332 propter
989 3271 1057 3326 vos,
1090 3261 1123 3314 ut
1143 3253 1264 3315 credant
1284 3261 1449 3324 ottanum.

160 3352 207 3423 lri,
231 3361 260 3412 et
280 3360 392 3430 patrem
416 3354 555 3414 etlilium
577 3353 607 3413 in
630 3353 693 3413 suis
722 3371 866 3432 quemque
888 3352 1055 3414 nominibus
1078 3362 1108 3413 et
1128 3353 1263 3431 personis
1285 3359 1315 3413 et

159 3454 243 3514 locis.
288 3454 346 3514 Sed
367 3455 460 3515 adhuc
481 3454 620 3514 exclamat
640 3454 724 3515 lesus
746 3463 774 3515 et
796 3453 880 3525 dicit,
911 3453 968 3525 Qui
994 3453 1088 3514 eredit
1109 3453 1137 3512 iu
1160 3471 1223 3526 me,
1251 3471 1312 3514 non
1327 3471 1448 3525 taxum.

159 3555 194 3614 in
217 3573 263 3614 me
285 3555 392 3629 credit,
421 3555 473 3616 sed
495 3554 525 3615 in
548 3574 614 3617 eum
637 3555 728 3616 credit
748 3555 798 3635 qui
820 3573 867 3615 me
888 3553 983 3625 misit,
1011 3553 1077 3632 quia
1098 3571 1152 3632 per
1172 3552 1262 3614 lilium
1275 3553 1314 3614 ‘in
1406 3604 1411 3620 .

161 3666 273 3735 patrem
295 3657 437 3729 creditur,
460 3667 489 3718 et
509 3657 667 3718 auctoritas
689 3655 827 3717 credendi
842 3655 900 3714 lilio
916 3663 999 3733 pater
1014 3662 1069 3714 est.
1097 3653 1135 3715 Et
1148 3655 1196 3733 qui
1210 3653 1311 3716 ²¹oou-
1326 3672 1448 3727 toruus.

161 3740 250 3835 spicit
270 3775 332 3829 me,
355 3758 499 3837 conspicit
520 3777 586 3819 eum
609 3757 657 3837 qui
680 3776 727 3818 me
747 3757 837 3818 misit
882 3752 1065 3828 Quomodo?
1095 3755 1231 3835 quoniam
1253 3754 1313 3818 sei-

160 3859 229 3919 licet
250 3878 265 3918 a
289 3859 462 3938 memetipso
484 3877 544 3920 non
567 3877 631 3920 sum
654 3859 785 3930 loeutus,
808 3857 877 3929 sed,
900 3857 947 3937 qui
970 3876 1016 3918 me
1034 3857 1116 3919 misit
1129 3866 1226 3938 pater,
1248 3857 1314 3936 ipse
1325 3879 1448 3933 πωπω.

160 3960 231 4020 milri
255 3960 422 4020 mandatum
444 3960 538 4032 dedit,
562 3960 630 4039 quid
652 3960 762 4032 dicam,
786 3959 905 4038 etquid
927 3960 1039 4038 loquar.
1072 3959 1214 4021 [lominus
1236 3958 1314 4021 enim

162 4062 211 4121 dat
237 4061 310 4122 mihi
336 4062 462 4140 linguam
491 4061 660 4142 disciplinae
687 4062 723 4123 ad
751 4061 1002 4140 cognoscendum,
1035 4061 1149 4140 quando
1178 4069 1312 4140 oporteat
1324 4066 1425 4136 tiene

161 4215 186 4262 5.
204 4228 230 4262 ea
248 4214 376 4262 abundanti
395 4214 518 4276 respondit
531 4216 642 4264 latinius.
683 4214 707 4264 6.
726 4222 902 4264 contestaturus
920 4230 969 4276 eqo.
1004 4222 1150 4264 contestetur
1167 4216 1221 4264 tetri
1229 4231 1313 4268 emeat.

162 4282 186 4328 t.
205 4290 227 4329 et
245 4284 268 4330 in
287 4283 332 4330 isto
351 4284 386 4332 cd.
422 4292 444 4330 et
463 4284 508 4330 isto
526 4285 617 4346 reliqui,
637 4290 657 4332 et
676 4284 738 4332 Laid.
779 4281 803 4331 8.
822 4282 924 4330 Praxean
942 4284 968 4332 d.
986 4282 1048 4331 leit.
1090 4282 1114 4331 9.
1132 4284 1271 4333 oeconomia
1290 4285 1313 4334 d.

162 4350 421 4399 oilonomiaildeid.
465 4349 503 4398 to.
522 4351 590 4409 Quod
606 4351 648 4401 at.
668 4352 731 4401 leid.
773 4350 811 4399 ll.
831 4357 924 4398 etcum
943 4350 965 4398 d.
1015 4348 1052 4397 lt.
1069 4357 1138 4412 patet·
1155 4351 1210 4399 milti
1229 4351 1313 4400 turmis
1344 4411 1346 4417 Ι

161 4410 255 4472 ttufmis
272 4418 307 4477 A.)
326 4418 449 4465 minoravit
467 4423 491 4467 l.
511 4419 573 4468 leid.
626 4417 664 4467 13.
682 4419 827 4467 demittendo
847 4419 878 4477 d.,
899 4418 962 4466 Fule.
975 4417 1076 4466 Ursinus.
1119 4416 1157 4466 tt.
1176 4425 1252 4467 auteur
1269 4419 1313 4468 Ab.

162 4487 226 4533 laid.
270 4486 307 4534 15.
326 4486 399 4533 filium
419 4485 438 4533 si
457 4492 534 4533 autem
553 4496 690 4548 paternum
709 4487 802 4548 ipset.
821 4486 883 4534 leid
924 4483 963 4601 l?
981 4485 1313 4548 postularetd.,eumFuleio

163 4554 253 4601 Ursino.
288 4553 393 4616 postulet
409 4553 494 4602 Allobo.
514 4554 576 4602 teia.
624 4554 662 4602 l'l.
680 4553 814 4603 siomalll.
833 4554 895 4602 leid.
952 4551 975 4601 8.
994 4551 1079 4603 eritl.
1097 4554 1158 4602 teta.
1202 4551 1240 4602 19.
1258 4561 1314 4602 tuuc

162 4623 194 4678 d,
215 4637 264 4669 eum
282 4622 361 4670 Fulvio
382 4621 470 4669 Ursino.
523 4620 726 4672 20.v01nut.
746 4622 808 4670 leid.
853 4619 894 4670 21.
913 4621 1028 4684 conspicit
1045 4634 1082 4670 me
1100 4622 1165 4672 ebed.
1199 4635 1237 4669 me
1256 4634 1313 4670 cen·

160 4690 233 4751 spicit
250 4691 275 4738 Α.
311 4689 426 4751 conspicit
445 4689 468 4736 tt.
486 4689 550 4737 leit.

197 4824 255 4886 Cap.
271 4824 350 4872 lllllll.
376 4839 396 4871 a.
414 4818 551 4887 suffecerat]
571 4823 714 4887 Ereoquod
765 4839 810 4872 nna
829 4838 871 4872 vox
889 4823 953 4873 illius
971 4824 1027 4873 satis
1054 4824 1129 4874 luerat
1151 4821 1212 4887 patri
1231 4828 1255 4869 ut
1272 4834 1312 4872 at·

160 4892 227 4941 tilius
246 4902 297 4941 erat
313 4893 466 4957 veniebatque
485 4893 508 4941 in
526 4892 715 4956 nominepatrie,
765 4891 905 4956 quiesceret.
924 4890 1079 4956 (Fulcinius.)

1466 837 1474 866 t
