3242 5775
294 456 357 522 600
547 465 650 518 onmrr
673 463 805 534 sarrrrm
827 461 995 508 raonnnrrs
1018 459 1218 506 raarnmuru

293 620 319 683 si
334 617 419 681 alteri
432 615 593 697 primatum
608 615 725 687 damus,
747 611 833 675 alteri
848 610 1051 685 secundatum,
1074 608 1199 672 seminis
1214 625 1342 690 quoque
1362 608 1480 674 ‹liscu-

295 719 392 781 nenda
415 723 487 778 snnt
509 724 644 795 tempora
665 733 721 794 pro
745 722 825 776 statu
848 712 972 773 ordinis.
1006 711 1044 772 tto
1057 710 1175 790 quando
1191 709 1392 772 collocabitur
1406 727 1477 774 eor·

292 819 377 901 poris
399 834 520 890 semen,
543 815 660 894 quando
682 812 822 876 animae?
854 814 948 875 lrnmo
973 813 1000 874 si
1022 820 1157 893 tempora
1172 810 1323 874 seminum
1338 811 1475 874 dividen-

293 930 357 992 tur,
382 927 412 979 et
433 917 573 980 materiae
595 916 730 977 diversae
753 914 955 988 habebuntur,
979 934 1015 975 cx
1037 913 1175 974 distantia
1191 920 1373 993 temporum.
1401 913 1474 976 Nam

294 1019 352 1081 etsi
374 1019 448 1081 duas
478 1017 595 1097 species
625 1015 832 1078 confitebimur
858 1014 999 1088 seminis,
1032 1014 1217 1104 corporalem
1247 1021 1278 1075 et
1304 1014 1472 1089 animalem,

293 1120 470 1181 indiscretas
493 1127 592 1180 tamen
613 1117 819 1199 vindicamus,
846 1124 876 1176 et
907 1116 965 1176 boc
991 1115 1082 1176 modo
1112 1113 1352 1194 contemporales
1373 1115 1472 1184 ‘eius-

294 1220 421 1299 demque
440 1216 601 1279 momenti.
650 1216 694 1278 Ne
722 1217 821 1295 itaque
851 1216 967 1296 pudeat
988 1216 1177 1278 necessariae
1204 1216 1471 1296 interpretationis,

295 1320 403 1382 Natura
426 1318 592 1383 veneranda
614 1325 677 1389 est,
706 1335 768 1377 non
790 1316 1003 1378 erubescenda.
1049 1315 1245 1377 Concubitum
1272 1316 1383 1390 libido,
1412 1336 1471 1379 non

294 1420 430 1483 condicio
454 1417 610 1480 foedarat.
653 1418 817 1491 Excessus,
841 1435 903 1477 non
925 1424 1020 1478 status
1043 1425 1089 1478 est
1110 1416 1297 1496 impudicus,
1325 1418 1470 1497 siquidem

164 1529 284 1583 cen-tm.
297 1520 472 1582 benedictus
494 1528 590 1581 status
612 1518 690 1597 apud
713 1518 816 1579 deum:
840 1517 972 1580 Crescite
995 1526 1025 1578 et
1045 1518 1077 1578 in
1094 1517 1311 1580 multitudinem
1327 1519 1470 1599 proficite.

295 1622 446 1683 Excessus
469 1639 539 1681 vero
561 1617 750 1693 maledictus,
774 1619 917 1682 adulteria
940 1628 970 1680 ot
991 1628 1092 1698 stupra
1114 1628 1145 1680 et
1164 1618 1328 1697 lupanaria.
1362 1620 1397 1682 ln
1418 1621 1473 1683 boc

295 1724 395 1803 itaque
419 1721 556 1782 sollemni
578 1738 704 1782 sernum
726 1720 825 1781 officio
849 1720 928 1799 quod
952 1708 1063 1782 marem
1086 1740 1121 1782 ae
1142 1720 1280 1782 feminam
1297 1721 1421 1795 miscet,
1442 1722 1472 1783 in

297 1822 456 1885 concubitu
478 1822 544 1884 dico
567 1822 734 1893 communi,
757 1821 870 1883 scimus
892 1831 922 1883 et
943 1821 1070 1884 animam
1092 1830 1122 1882 et
1143 1838 1262 1882 carnem
1277 1820 1368 1884 simul
1382 1823 1472 1902 sunu,

291 1922 423 1985 'enimam
446 1921 703 2001 concupiscentia,
734 1940 854 1985 carnem
878 1941 985 2002 opera,
1013 1922 1140 1984 animam
1168 1922 1328 1994 instinctu,
1356 1941 1473 1986 carnem

297 2033 373 2085 aotu.
411 2022 503 2085 Unico
526 2019 615 2102 igitur
636 2021 747 2101 impettl
770 2024 926 2102 utriusque
947 2031 1010 2085 toto
1032 2024 1153 2086 homine
1174 2041 1323 2085 concusso
1346 2024 1473 2105 'despu-

297 2135 395 2187 matur
416 2124 631 2202 semenfltotius
653 2123 801 2198 hominis,
824 2123 936 2185 babens
959 2143 995 2185 ex
1018 2124 1166 2205 corporali
1182 2124 1351 2186 substantia
1364 2125 1474 2188 humo-
1500 2119 1505 2124 ’

297 2244 377 2299 rem,
401 2225 576 2287 exanimati
598 2225 738 2287 calorem.
783 2225 868 2287 Etsi
890 2225 1030 2303 trigidum
1052 2244 1163 2286 nomen
1191 2233 1237 2287 est
1258 2226 1359 2287 anima
1381 2226 1475 2289 Grae·

299 2339 429 2401 corum·,
452 2325 561 2405 'quare
583 2345 693 2405 corpus
716 2333 851 2405 exempta
866 2344 901 2386 ea
915 2323 1027 2404 trigeti
1057 2326 1204 2406 lienique,
1227 2334 1261 2388 nt
1275 2326 1374 2390 adbuc
1387 2346 1474 2400 rere-

204 2467 212 2484 ,
299 2426 409 2490 mandis
426 2426 520 2506 magis
542 2426 711 2506 ”pericliter
738 2446 827 2507 quam
855 2426 1048 2506 probatione,
1082 2427 1113 2488 in
1141 2427 1191 2489 illo
1218 2426 1286 2507 ipso
1314 2428 1475 2509 voluptatis

300 2527 448 2589 ¹⁰ultimae
476 2526 587 2602 aestu¹,
618 2547 677 2607 quo
705 2528 833 2607 genitale
861 2527 943 2589 virus
971 2527 1141 2607 expellitur,
1174 2547 1274 2591 nonne
1301 2529 1414 2609 aliqtrid
1440 2529 1477 2592 de

298 2628 396 2692 anima
418 2647 536 2708 quoque
559 2629 705 2691 sentimus
729 2627 834 2690 crire‘l
863 2638 951 2708 atque
979 2629 1053 2690 adeo
1076 2628 1286 2691 marcescimus
1309 2640 1342 2692 et
1363 2631 1476 2693 ¹¹deri·

299 2731 448 2812 gescirnus
469 2748 536 2792 cum
557 2729 632 2791 lucis
655 2727 858 2792 detrimento?
900 2730 967 2791 lloc
987 2729 1044 2790 erit
1066 2749 1167 2791 semen
1189 2729 1316 2792 animale
1339 2731 1477 2812 protinus

300 2831 469 2896 exanimae
490 2830 706 2906 destillatione,
729 2831 808 2893 sicut
830 2838 860 2893 et
880 2830 961 2893 rirus
975 2829 1047 2893 illud
1062 2830 1218 2911 corporale
1238 2850 1343 2894 semen
1359 2851 1398 2897 ex
1412 2851 1476 2897 oar·

298 2935 348 2997 nis
370 2933 582 2997 defaecatione.
625 2931 814 2994 Fidelissima
834 2931 991 3014 primordii
1014 2933 1157 3014 exempla.
1195 2933 1237 2994 lle
1257 2926 1332 2994 libo
1355 2952 1427 2998 caro
1447 2935 1477 2997 in

298 3036 401 3098 Adam.
440 3034 525 3112 ¹Quid
547 3033 626 3096 alind
647 3032 735 3096 limus
758 3052 846 3112 quam
868 3033 967 3113 liquor
995 3033 1137 3113 opimus?
1170 3034 1238 3096 inde
1265 3034 1325 3096 erit
1353 3035 1478 3115 genitale

300 3126 392 3200 virus.
436 3135 480 3197 Ex
503 3135 601 3197 afflatu
623 3134 672 3196 dei
700 3135 806 3196 anima.
865 3134 944 3208 Quid
966 3135 1044 3197 aliud
1066 3134 1182 3196 afflatus
1205 3133 1252 3196 dei
1274 3153 1366 3214 quam
1387 3154 1478 3219 vapor

232 3244 240 3261 '
300 3234 449 3319 spiritus?
482 3236 551 3299 inde
579 3236 636 3298 crit
663 3235 743 3317 quod
771 3235 934 3316 pervirus
954 3235 1026 3298 illud
1049 3236 1193 3297 eltlamus.
1237 3233 1311 3297 Cum
1335 3235 1427 3317 igitur
1447 3236 1477 3298 in

298 3338 463 3419 primordio
486 3339 545 3400 duo
568 3337 796 3416 diversamque
819 3335 930 3409 divisa,
963 3334 1053 3397 limus
1076 3345 1107 3398 et
1128 3338 1232 3409 ssatus,
1260 3354 1357 3399 unum
1378 3337 1476 3399 bomi-

299 3457 369 3503 nem
396 3437 582 3518 coegissent,
615 3439 757 3499 contusae
786 3436 969 3499 substantiae
997 3436 1100 3499 ambae
1128 3438 1186 3498 iam
1214 3437 1244 3498 in
1273 3428 1336 3498 uno
1366 3437 1478 3501 semina

300 3558 419 3620 quoquo
442 3558 497 3601 sua
518 3540 719 3612 miscuerunt,
752 3545 841 3618 atque
869 3538 976 3599 exinde
1005 3538 1105 3616 generi
1136 3537 1329 3618 propagando
1352 3539 1478 3602 turmam

301 3689 325 3740 ll.
345 3692 397 3741 eina
416 3689 520 3753 denique
538 3689 564 3737 tt.
605 3689 630 3737 l.
649 3688 807 3752 despumatur
825 3692 856 3750 b,
876 3689 1202 3740 deemccdot.Fuloitllrrioi.
1237 3689 1370 3754 despumet
1386 3690 1479 3743 inam

301 3756 325 3806 8.
344 3757 415 3820 quale
433 3764 564 3819 etcorpus
582 3764 606 3805 et
623 3756 649 3805 a.
689 3756 715 3806 9.
734 3757 883 3820 periclitetur
900 3757 963 3821 timp.
1013 3756 1052 3806 to.
1071 3757 1155 3808 ultimo
1175 3760 1205 3821 b,
1225 3759 1253 3808 dc
1271 3762 1388 3811 emendet.
1405 3759 1481 3811 ttatoat

303 3823 389 3873 liniat.
444 3822 485 3872 11.
504 3823 675 3873 derircscimns
693 3824 757 3888 Boio.

335 3923 360 3973 d.
384 3922 544 3973 Concubitum
569 3923 654 3983 libido,
679 3940 727 3975 non
753 3925 864 3975 condicio
950 3925 967 3975 t.
986 3924 1009 3973 in
1023 3923 1065 3974 illo
1080 3926 1133 3988 ipso
1146 3924 1276 3988 voluptatis
1287 3926 1390 3978 ultime
1401 3922 1480 3994 aesta]

301 3986 417 4057 loedorit]
443 3991 497 4041 lton
520 4006 618 4057 semper
642 3993 760 4043 incumbit
782 3993 864 4056 Septi·
915 3993 1039 4054 tornatio.
1065 3993 1098 4041 lle
1122 3993 1171 4044 Cir.
1198 3993 1240 4042 llci
1258 3994 1316 4056 llll,
1333 3994 1382 4047 tu:
1412 3995 1482 4057 „Ho-

301 4059 365 4109 mins
383 4058 422 4108 isti
440 4060 582 4121 sentcntiae,
601 4074 748 4125 quamquem
766 4060 865 4111 rorissi-
917 4067 998 4109 mento
1017 4062 1070 4124 ipso
1089 4061 1214 4125 temporis,
1237 4075 1285 4123 qno
1304 4062 1336 4113 ad
1354 4063 1408 4114 cias
1425 4076 1481 4128 per·

301 4139 363 4176 mae.
399 4126 483 4192 ltaque
506 4127 563 4177 odio
587 4129 724 4191 nuptiarum
743 4127 864 4177 interdum
916 4129 1010 4177 renitor
1028 4136 1169 4187 extremum,
1189 4142 1266 4191 paene
1284 4130 1442 4181 omnisacica
1458 4137 1483 4181 ot

300 4194 696 4258 praevaricariridetur.,Tbeano,
709 4195 865 4258 urorl'ptba·
916 4195 985 4258 quasi
1004 4195 1082 4257 vigilia
1101 4195 1253 4257 cogitationis
1271 4197 1414 4249 obruitur.“
1431 4196 1499 4258 (nt.

301 4275 384 4323 gorne,
403 4261 528 4311 mulierem
547 4262 642 4312 dicebat
660 4270 784 4327 operatam
804 4262 888 4323 viro,·
915 4262 983 4325 golt)
1024 4263 1052 4312 Et
1080 4263 1219 4326 Leucippus
1245 4270 1269 4312 et
1296 4264 1382 4317 Zenon
1408 4262 1482 4317 sutri

301 4331 322 4379 ci
341 4327 438 4392 quidem
457 4328 566 4392 proprio,
592 4344 678 4393 puram
702 4329 782 4379 statim
801 4344 866 4390 esse,
918 4331 1026 4380 dixerant
1035 4345 1119 4380 semen
1129 4329 1220 4397 ψυχῆς
1229 4321 1483 4400 ὢτόσπασμα,ίωῑο

300 4402 326 4446 et
342 4395 363 4444 si
382 4394 470 4454 alieno,
489 4409 611 4460 nunqnam
627 4396 805 4459 torolltigaltl
828 4397 864 4447 Cl.
917 4397 980 4447 Plut
999 4398 1033 4448 llc
1051 4398 1117 4449 Plac.
1137 4400 1229 4449 Pbrloa.
1246 4399 1272 4459 ll,
1284 4400 1310 4451 4.
1336 4400 1483 4461 Quamoi·

299 4462 336 4513 na
359 4462 438 4512 Carne
456 4461 514 4512 Chr.
533 4478 586 4528 cap.
602 4465 628 4515 t.
669 4464 811 4516 Cassiodor.
830 4465 865 4516 lla
916 4465 1014 4515 aionem
1033 4466 1159 4532 impugnat
1175 4468 1284 4520 Lactant.
1302 4468 1338 4521 lle
1356 4469 1423 4535 Opil.
1440 4416 1481 4519 g

299 4531 385 4582 Anium
403 4545 456 4594 cap.
470 4528 509 4578 16.
916 4547 970 4597 cap.
984 4533 1023 4583 19.

335 4613 358 4651 e.
376 4598 457 4651 anima
474 4594 635 4665 Graecorum]
654 4599 688 4650 lla
706 4599 753 4653 boc
770 4602 801 4653 et.
821 4617 864 4654 sn-

301 4680 345 4731 pra
365 4663 469 4730 caplb.
