3242 5775
582 698 729 742 samaeus
751 698 924 743 macrones
945 702 1003 745 ure.
1020 702 1039 743 t.
1111 726 1120 742 .
1363 693 1404 757 63

215 848 347 932 propiis
378 866 476 928 egens
505 847 745 910 mendicitatibus
779 850 931 911 creatoris.
986 851 1022 911 tt
1049 858 1081 913 tu
1110 869 1201 932 super
1227 857 1401 935 magistrum
1444 831 1448 844 ¹

218 947 399 1030 fidpulrra,
437 957 470 1011 et
492 967 600 1010 servus
628 968 720 1029 super
747 949 920 1024 domiuum,
955 950 1112 1014 sublimius
1134 953 1184 1014 illo
1207 957 1305 1036 sapis,
1327 957 1400 1020 'de-

218 1058 337 1114 mna
357 1068 437 1130 quae
458 1049 509 1112 ille
530 1050 687 1111 desiderat
738 1050 811 1112 Volo
841 1050 989 1131 inspicere
1018 1052 1045 1113 si
1073 1072 1109 1114 ex
1138 1054 1195 1115 lide
1218 1055 1333 1131 saltim,
1368 1066 1399 1120 ut

219 1169 279 1214 aaa
299 1161 332 1214 et
350 1151 419 1232 ipse
439 1170 519 1231 quae
541 1151 673 1212 destruis
695 1160 829 1231 appetas.
865 1152 1039 1214 Adversaris
1062 1154 1159 1227 caelo,
1182 1164 1212 1216 et
1231 1156 1398 1220 libertatern

221 1252 289 1316 caeli
309 1251 600 1314 inhabitationibus
624 1263 735 1331 captas.
769 1252 904 1333 Despicis
928 1260 1036 1316 ternam
1058 1253 1162 1334 'plane
1183 1255 1318 1319 ‘inimice
1338 1258 1397 1320 iam

222 1362 284 1416 tue
310 1354 411 1416 umis
440 1353 609 1426 matricem,
647 1362 676 1415 et
705 1372 810 1415 omues
840 1354 982 1415 medullas
1011 1355 1076 1416 eius
1109 1355 1197 1417 victui
1226 1367 1396 1438 extorques.

182 1479 183 1484 ¹
224 1454 371 1535 Reprobas
394 1464 425 1516 et
447 1473 547 1524 mare,
569 1454 622 1515 sed
646 1473 739 1535 usqua
762 1454 798 1516 ad
822 1455 922 1534 copias
944 1454 1024 1529 eius,
1053 1474 1126 1535 quas
1148 1459 1328 1520 sanctiorem
1351 1459 1396 1520 ci·

225 1555 286 1617 ln
307 1557 444 1636 deputas.
496 1555 606 1617 Rosam
635 1555 687 1616 tibi
718 1556 744 1616 si
773 1554 924 1627 obtulero,
960 1573 1020 1616 nou
1053 1556 1186 1617 fastidies
1221 1567 1395 1620 creatorem.

227 1655 411 1737 ‘liqpoerita,
432 1664 468 1717 ut
489 1657 688 1736 apocarteresi
710 1656 822 1736 probes
837 1655 1123 1730 te⁶llarciouitam·,
1147 1659 1175 1718 id
1192 1667 1240 1719 est
1254 1659 1395 1739 repudia·

227 1766 311 1819 bren
334 1756 481 1819 nestoris
503 1760 584 1829 (nam
606 1756 680 1818 baec
700 1756 779 1835 apud
800 1775 854 1817 vos
875 1774 932 1835 pro
955 1758 1095 1837 martyrio
1118 1760 1249 1820 allactari
1271 1758 1395 1821 debuis-

228 1867 278 1930 set,
299 1858 326 1919 si
347 1857 434 1919 robis
457 1857 587 1919 mundus
609 1858 807 1938 displiceret),
841 1858 871 1917 in
893 1876 1098 1937 quamcunque
1120 1859 1273 1922 materiam
1293 1860 1394 1922 rasol-

228 1960 310 2030 mie,
333 1958 502 2020 substantia
526 1958 669 2020 creatoris
692 1957 796 2019 uteris.
838 1958 953 2031 Quanta
977 1958 1139 2021 obstinatio
1161 1960 1287 2022 duritiae
1310 1960 1393 2023 tuacl

228 2058 368 2139 depretias
391 2059 421 2121 in
445 2059 554 2139 quibus
577 2067 607 2121 et
627 2048 699 2120 viris
722 2066 751 2120 et
772 2059 912 2120 moreris.

297 2161 371 2223 Post
392 2162 484 2233 baec,
508 2159 555 2226 vet
575 2168 642 2221 ante
664 2161 752 2233 baec,
775 2179 842 2221 cum
864 2160 974 2222 dixeris
990 2180 1058 2222 esse
1073 2169 1103 2222 et
1117 2160 1157 2222 illi
1173 2162 1392 2224 conditionem·
1410 2169 1518 2227 ⁰¹1³·st

228 2280 297 2324 suan
317 2271 349 2323 et
370 2279 461 2324 suum
484 2262 627 2323 mundum
650 2269 680 2323 et
702 2280 789 2322 suum
804 2261 932 2334 melum,
955 2262 992 2322 de
1008 2261 1089 2323 caelo
1106 2261 1223 2340 quidem
1239 2262 1289 2323 illo
1303 2262 1392 2325 tertio

229 2363 411 2433 ridebimusl’,
446 2363 472 2424 si
495 2370 526 2423 et
553 2362 589 2424 ad
618 2362 785 2442 apostolum
814 2371 945 2424 vestrum
974 2362 1192 2440 discutiendum
1220 2362 1394 2443 perveneri-

229 2481 296 2536 ι,
316 2463 458 2536 iuterim,
481 2482 673 2543 quaecuuque
696 2462 861 2524 substantia
885 2472 947 2535 est,
971 2481 1038 2524 cum
1061 2482 1117 2524 suo
1140 2464 1240 2542 utique
1263 2464 1320 2525 deo
1338 2482 1393 2543 ap·

230 2564 348 2642 pauisse
369 2564 530 2625 debuerat.
584 2566 621 2625 tt
642 2583 721 2626 nuuc
742 2564 827 2644 quale
849 2573 898 2625 est
927 2572 959 2626 ut
986 2564 1125 2627 dominus
1150 2565 1182 2626 'a
1204 2564 1258 2627 ΧΠ
1281 2564 1393 2627 Tiberii

230 2658 362 2727 isare·
387 2664 537 2726 revelatus
559 2666 614 2736 sit,
637 2665 805 2726 substantia
827 2684 898 2726 vero
919 2664 974 2726 'ad
996 2665 1046 2726 XV
1069 2664 1126 2727 iam
1138 2665 1239 2728 Severi
1261 2666 1390 2747 impera·

232 2765 292 2826 aas
309 2766 388 2827 uella
412 2766 538 2827 omuino
562 2775 711 2845 comperta
734 2766 774 2827 sit
796 2783 871 2844 quae
899 2765 1011 2827 frivolis
1039 2767 1182 2829 creatoris
1210 2767 1391 2847 praecellens

233 2864 315 2945 dique
334 2867 429 2928 latere
452 2867 600 2941 desisset,
624 2887 684 2929 uon
706 2867 814 2929 latente
837 2868 893 2929 iam
917 2867 1038 2928 domino
1062 2888 1117 2930 suo
1139 2866 1328 2931 etauctore‘l
1354 2868 1392 2930 Et

234 2965 328 3029 'densi
350 2970 418 3048 ipsa
441 2988 502 3029 nou
525 2969 623 3048 potuit
645 2968 824 3031 manifestari
847 2969 877 3029 in
900 2969 1101 3042 boemundo,
1125 2972 1275 3049 quomodo
1291 2970 1390 3032 domi·

235 3083 278 3128 ns
296 3072 392 3148 paruit
413 3071 480 3130 eius
503 3069 535 3130 in
557 3070 616 3130 boc
636 3068 772 3131 mundo?
817 3069 847 3129 Si
876 3070 1027 3131 dominum
1043 3070 1153 3151 -³cepit
1180 3072 1229 3133 hic
1250 3073 1390 3144 mundus,

235 3185 275 3228 (ι
292 3170 485 3232 substantiam
508 3189 615 3250 capere
636 3189 697 3231 non
718 3170 831 3250 potuit,
855 3171 912 3232 nisi
934 3172 1054 3232 domino
1080 3174 1208 3233 tortasse
1223 3171 1391 3234 maiorem?

236 3266 282 3329 la·
300 3290 376 3332 nuuc
397 3272 434 3332 de
458 3272 525 3333 loco
547 3272 683 3349 quaestio
706 3279 767 3344 est,
790 3271 940 3350 pertinens
963 3273 1044 3332 etad
1066 3273 1209 3354 mundum
1233 3273 1312 3333 illuni
1336 3292 1390 3333 su-

237 3370 363 3445 periorem
386 3382 416 3433 ct
437 3372 474 3433 ad
498 3372 596 3450 ipsum
619 3372 705 3441 deum
729 3371 803 3433 eius.
836 3372 911 3433 Ecce
933 3373 1011 3433 enim
1036 3372 1063 3431 si
1086 3381 1116 3431 et
1137 3372 1184 3431 ille
1200 3372 1288 3431 babet
1302 3391 1390 3431 mun-

236 3469 291 3531 iam
309 3491 394 3533 suum
415 3473 493 3533 inira
518 3491 567 3545 se,
606 3491 697 3552 super
724 3480 906 3545 creatorem,
941 3472 971 3532 in
999 3472 1065 3531 loco
1094 3471 1195 3548 utiquo
1224 3470 1292 3530 lecit
1325 3488 1392 3532 eum

237 3571 302 3632 taius
323 3575 452 3653 spatium
474 3572 596 3634 vacabat
617 3573 696 3635 iuter
716 3573 808 3652 pedes
835 3593 908 3634 suos
937 3580 967 3633 et
988 3581 1075 3649 caput
1104 3571 1257 3632 creatoris.
1313 3571 1391 3650 Ergo

237 3673 339 3734 aldem
361 3675 425 3752 ipse
448 3673 479 3745 in
502 3673 568 3734 loco
591 3682 669 3746 erat,
693 3682 724 3735 et
744 3673 885 3763 mundum
908 3673 938 3733 iu
961 3673 1027 3734 loco
1051 3671 1188 3744 iaciebat,
1212 3683 1240 3733 et
1256 3673 1311 3734 erit
1333 3675 1389 3735 iam

237 3820 366 3876 taetrae·
386 3828 427 3876 BC.
471 3825 496 3875 3.
516 3826 703 3889 ρΙιιιοονι.ΔΒ.
745 3824 769 3876 t.
789 3826 884 3875 inimice
903 3827 949 3873 iam
969 3829 1074 3885 tuscul„
1095 3826 1272 3887 Niclliqoltr'ua.
1310 3827 1389 3874 inimi-

238 3896 321 3941 mian
339 3905 394 3943 taae
412 3895 448 3953 ld,
469 3895 530 3943 liber
543 3895 638 3943 Pitdoei.
673 3893 768 3942 inimico
788 3894 834 3942 iam
854 3902 908 3941 tuae
926 3893 949 3940 C.
984 3894 1080 3942 inirnica
1099 3903 1153 3940 tuae
1171 3896 1221 3942 abc.
1266 3893 1290 3941 5.
1310 3894 1390 3956 lippo-

239 3970 286 4017 συ,
302 3971 325 4008 at
341 3963 509 4024 apocarteresi
527 3963 604 4021 obed„
624 3976 653 4009 ea
672 3962 797 4010 Goraienci.
835 3961 962 4023 lippocrita
982 3969 1045 4008 mota
1065 3969 1203 4023 pertertare
1221 3962 1241 4009 si
1258 3960 1320 4009 Aac.
1365 3960 1389 4009 6.

238 4023 376 4078 bronium
395 4030 418 4077 id
438 4037 476 4077 est
495 4029 673 4090 repudiatorem
693 4027 809 4076 creatoris
828 4029 904 4086 obed,
916 4028 1078 4076 caduniensi.
1114 4027 1137 4075 id
1156 4036 1193 4076 cst
1211 4028 1389 4089 repudiatorem

238 4091 378 4144 bernaltum
396 4097 517 4144 creatoris
535 4095 596 4143 tac.

283 4163 336 4226 Cap.
357 4164 403 4212 tu.
442 4163 465 4211 l.
483 4178 498 4211 a
516 4162 567 4211 ill.
585 4163 640 4211 libri
657 4177 742 4212 omnes.
778 4161 854 4210 axv.
872 4161 986 4210 Macrales
1004 4162 1046 4209 tt.
1099 4159 1124 4209 2.
1142 4175 1155 4210 a
1174 4160 1217 4208 XV.
1235 4160 1326 4210 tutat.
1347 4161 1389 4208 l'o-

237 4234 293 4278 ianr.
342 4231 366 4280 3.
387 4232 453 4294 cepit
471 4245 517 4279 nec
535 4230 659 4277 dominum
679 4230 783 4278 tortasse
800 4229 852 4289 AB„
872 4230 969 4292 reliquis
987 4229 1089 4277 omissis.

259 4365 423 4430 edppocrita,
453 4373 480 4413 ut
498 4364 664 4427 apocarteresi
689 4363 779 4426 probes
830 4361 926 4410 Haeret.
945 4360 1001 4409 i'ab.
1021 4359 1090 4418 tat.
1126 4361 1160 4409 lle
1178 4363 1332 4425 apocarteresi
1359 4361 1390 4409 ci.

239 4428 429 4498 ¹*lartionitaml
448 4432 499 4480 Etsi
514 4431 572 4478 odio
591 4432 707 4479 creatoris
725 4445 779 4479 om·
831 4429 859 4477 ad
879 4428 977 4491 lpoloq.
998 4427 1101 4492 copiti.

239 4496 532 4557 *messanensem
552 4505 575 4545 et
590 4498 706 4547 abdicatis
725 4512 777 4546 om·
865 4496 980 4558 Capilli.
1004 4511 1024 4544 a.
1045 4490 1218 4558 conditionem]
1239 4494 1404 4544 idestcsea-.

240 4564 358 4617 bremme
381 4568 503 4617 subsidiis
528 4566 674 4623 intabescat,
698 4574 779 4613 menen
831 4563 929 4622 tionem,
948 4563 1071 4612 mundum.
1099 4563 1135 4611 Ci.
1154 4577 1215 4624 quae
1233 4562 1343 4610 adnotari
1361 4559 1392 4608 ad

242 4628 424 4700 *maenaque
455 4635 585 4682 materiam
614 4632 720 4680 membra
739 4641 778 4681 toa
832 4629 865 4678 ile
890 4630 984 4679 Corona
1011 4629 1098 4692 capii.
1142 4630 1183 4677 Sic
1206 4630 1269 4677 inira
1295 4627 1392 4689 septb

243 4696 376 4762 hamster,
402 4705 426 4752 in
452 4703 565 4764 aliquam
593 4713 620 4747 et
638 4700 780 4749 substantiis
831 4698 916 4747 iterum
935 4700 1096 4756 ‚,cooditionir
1115 4695 1282 4745 universitas.“

245 4766 292 4815 'lta
307 4782 412 4822 antone
431 4769 542 4821 conditis
562 4767 779 4825 resolventurqtti-
865 4765 888 4813 b.
907 4760 1052 4829 ridebimus]
1071 4764 1125 4813 lde.
1145 4762 1259 4811 llarcion.
1278 4761 1302 4818 V,
1318 4757 1357 4807 ta.

247 4832 285 4889 cit
312 4839 344 4887 ct
371 4855 435 4904 quae
466 4836 557 4887 n'arrat
587 4834 617 4882 de
641 4834 778 4883 liarciouita
865 4847 885 4880 c.
904 4847 917 4880 a
936 4832 976 4882 dil
995 4832 1085 4882 Tiberii
1102 4825 1226 4890 Caesarie]
1248 4827 1284 4876 ct
1304 4825 1393 4873 Contra

250 4902 315 4955 'lau
342 4923 397 4959 uae
425 4902 605 4967 nonagenario
635 4901 778 4951 theodoret.
831 4898 882 4949 ind.
902 4898 988 4964 capt.
