3242 5775
520 661 558 704 ns
580 661 826 706 ursunaesrrons
848 664 960 709 cannis.
1265 656 1326 719 bot

150 815 200 881 et,
224 807 373 872 Videbunt
395 808 501 871 ¹'euim
523 828 590 871 eum
613 809 662 889 qui
685 811 880 874 confixerunt.
923 815 1017 894 Atque
1038 815 1113 877 adeo
1136 814 1189 878 ¹’si
1211 817 1327 899 simpli·
1341 819 1422 913 &⁰¹¹3-

152 909 229 970 citer
251 910 288 970 de
311 910 415 971 ¹‘terra
431 910 577 971 elemento
593 919 750 990 utrumque
765 913 981 976 existimabitur
994 917 1228 996 pronuntiatum,
1251 899 1464 1000 quo-¹⁰1³&-

154 1010 246 1071 modo
269 1020 413 1088 congruet
435 1019 465 1071 et
487 1011 629 1072 ¹⁵ooncuti
653 1021 683 1073 et
704 1013 848 1091 liquefieri
877 1034 941 1076 eam
964 1034 980 1076 a
1002 1016 1076 1078 facie
1105 1018 1234 1092 domini,
1267 1037 1327 1099 ouo

152 1128 247 1189 snpra
268 1118 411 1189 regnante
433 1110 593 1172 exultavit?
625 1112 674 1173 Sic
697 1122 726 1174 et
747 1113 824 1193 apud
839 1114 972 1176 Esaiam:
995 1116 1077 1177 Bona
1099 1126 1197 1181 torrae
1217 1117 1449 1193 edetie31u.1,n.

152 1209 233 1271 bona
256 1210 352 1271 carnis
375 1211 580 1289 intellegantur
602 1205 677 1290 quae
699 1212 776 1274 illam
799 1224 920 1276 manent
941 1215 971 1275 in
993 1234 1086 1295 regno
1109 1216 1158 1280 dei
1178 1220 1327 1280 relorma-

153 1320 214 1372 um
238 1320 268 1372 et
288 1311 498 1389 angelificatam
530 1320 560 1372 et
587 1323 829 1387 consecuturam,
863 1334 937 1393 quae
959 1334 1015 1377 nec
1041 1316 1144 1378 oculus
1172 1318 1245 1380 vidit
1272 1332 1464 1388 usercae-nn.

150 1410 235 1472 auris
258 1411 368 1471 audivit
389 1431 445 1474 nec
466 1413 495 1472 iu
519 1431 571 1473 cor
593 1413 722 1474 bominis
737 1415 942 1476 ascenderunt.
978 1416 1114 1495 Alioquin
1131 1417 1205 1480 satis
1218 1436 1328 1482 vanum

152 1519 188 1571 ut
210 1511 246 1572 ad
270 1511 447 1591 obsequium
470 1512 544 1573 deus
566 1513 709 1574 fructibus
732 1517 793 1592 agri
817 1524 847 1575 et
868 1515 986 1577 cibariis
1007 1516 1084 1579 ritae
1104 1518 1193 1580 huius
1213 1518 1328 1593 inritet,
1416 1509 1419 1514 ¹

152 1629 230 1691 quae
253 1611 340 1673 etiam
363 1613 542 1690 inreligiosis
571 1621 601 1673 et
629 1613 809 1691 blasphemis
837 1617 930 1677 semel
951 1617 1063 1678 bomini
1086 1617 1199 1681 addicta
1221 1618 1328 1681 condi·

153 1712 236 1773 tione
259 1714 470 1786 communicat,
501 1713 607 1792 pluens
630 1732 721 1793 super
748 1715 847 1776 bonos
870 1725 900 1777 et
922 1716 1031 1788 malos,
1060 1725 1090 1777 et
1116 1717 1211 1779 solem
1237 1735 1325 1780 suum
1340 1731 1480 1788 tremum

153 1811 322 1874 '‘emittens
344 1831 436 1892 super
457 1814 553 1874 iustos
570 1825 599 1874 et
614 1815 750 1875 iniustos.
792 1816 872 1876 Felix
894 1817 1033 1877 nimirum
1055 1816 1139 1890 tides,
1161 1816 1187 1880 si
1202 1835 1237 1878 ea
1252 1834 1327 1878 con-

150 1920 292 1974 secutura
316 1913 390 1974 ¹'est
410 1914 517 1991 quibus
540 1914 641 1975 hostes
664 1915 711 1976 dei
734 1925 764 1976 et
786 1915 894 1977 Christi
917 1935 977 1977 non
1000 1916 1090 1977 modo
1112 1924 1250 1991 utuntur,
1273 1910 1326 1979 ve·

150 2032 219 2076 rum
243 2013 331 2075 etiam
354 2013 529 2084 abutuntur,
559 2014 653 2094 ipsam
682 2015 898 2076 conditionem‘
926 2016 1057 2079 colentes
1087 2015 1467 2087 adversuscon·nou.1,as.

150 2115 292 2175 ditorem.
341 2113 451 2175 Bulbos
480 2123 510 2175 et
538 2113 640 2174 tubera
670 2115 698 2173 in
724 2115 848 2176 '‘terrae
881 2114 969 2176 bonis
998 2115 1326 2194 deputabis,·domiuo

148 2214 367 2293 pronuntiante
395 2232 433 2274 ne
460 2214 490 2275 in
519 2232 595 2292 pane
623 2214 739 2292 quidem
763 2216 906 2275 victurum
937 2216 1097 2277 hominem.
1141 2216 1199 2278 ¹Sic
1225 2216 1480 2287 ludaoixuu.u.e

151 2322 270 2376 terrena
294 2314 482 2375 solummodo
505 2314 654 2393 sperando
677 2314 815 2374 caelestia
837 2314 1007 2388 amittunt„
1027 2316 1197 2393 ignorantes
1220 2324 1250 2376 et
1270 2333 1326 2394 pa·

149 2433 219 2476 nem
244 2414 281 2474 de
304 2412 422 2474 caelesti
445 2415 659 2492 repromissum
683 2423 713 2474 et
735 2414 832 2474 oleum
851 2414 967 2475 divinae
982 2415 1132 2476 unctionis
1155 2414 1328 2476 ¹⁰etvinmn

147 2516 295 2594 spiritus,
316 2531 422 2591 aquam
444 2514 559 2573 animae
581 2514 742 2592 vigorantis
763 2532 799 2575 ex
822 2514 881 2574 vite
903 2514 1024 2576 Christi.
1074 2515 1157 2577 Sicut
1179 2521 1210 2576 et
1230 2513 1327 2593 ipsam

151 2624 263 2676 terram
287 2623 418 2674 sanctam
440 2612 589 2674 Iudaicum
618 2614 738 2693 proprie
766 2615 864 2673 solum
894 2624 1045 2692 reputant,
1079 2633 1197 2676 carnem
1225 2614 1327 2693 potius

149 2714 264 2777 domini
289 2713 554 2791 interpretandam,
578 2731 652 2789 quae
675 2713 780 2773 exinde
802 2723 833 2773 et
847 2714 876 2773 in
894 2714 1032 2774 omuibus
1048 2713 1199 2776 Christum
1213 2712 1326 2775 indutis

152 2824 254 2877 sancta
278 2814 318 2874 sit
342 2821 435 2884 terra,
469 2831 538 2873 vere
567 2822 666 2872 sancta
694 2832 748 2892 per
774 2813 932 2874 incolatum
964 2813 1087 2893 spiritus
1116 2813 1225 2888 sancti,
1257 2828 1328 2873 vere

151 2917 226 2978 lacte
256 2924 288 2976 et
315 2914 402 2974 melle
429 2932 552 2973 manans
580 2932 634 2992 per
667 2915 839 2974 suavitatem
873 2916 937 2993 spei
971 2915 1082 2994 ipsius,
1120 2934 1188 2976 vere
1218 2913 1326 2975 Iudaea

153 3035 205 3094 per
226 3015 276 3077 (lei
297 3015 532 3076 familiaritatem.
585 3013 649 3072 Non
672 3015 751 3074 enim
774 3015 825 3092 qui
854 3015 882 3075 in
912 3015 1070 3075 manifesto
1095 3015 1237 3087 iudaeus,
1271 3011 1324 3075 sed
1338 2997 1442 3100 1fo

155 3117 204 3195 qui
232 3117 263 3176 in
293 3115 419 3177 occulto.
475 3113 512 3173 Ut
538 3121 567 3173 et
596 3114 736 3191 templum
759 3114 835 3174 ”dei
857 3115 987 3175 ”eadem
1014 3115 1055 3175 sit
1080 3125 1109 3175 ct
1130 3113 1325 3184 hiemsalem,

154 3216 276 3277 audiens
298 3215 336 3275 ab
359 3214 461 3283 Esaia,
484 3212 635 3289 Exsurge,
658 3232 784 3290 exsurge
807 3214 1007 3286 Hierusalem,
1032 3213 1183 3275 ”iuduere
1203 3213 1324 3274 sortitu·
1339 3228 1449 3282 uentu

157 3316 252 3378 dinem
274 3315 386 3376 brachii
410 3313 466 3374 tui:
489 3312 637 3389 Exsurge,
662 3314 738 3373 sicut
758 3314 787 3372 in
810 3312 1003 3390 ²³primordio
1026 3313 1130 3384 ”dieb
1161 3312 1274 3373 scilicet
1294 3311 1326 3373 in

162 3414 203 3476 illa
225 3417 391 3494 integritate
419 3414 521 3491 ”quae
549 3415 643 3473 luerat
670 3422 737 3471 ante
768 3412 906 3472 delictum
935 3411 1192 3488 transgressionis.
1243 3411 1327 3481 Quae

163 3517 235 3576 enim
256 3518 286 3577 in
311 3533 375 3577 earn
397 3513 582 3574 Hierusalem
612 3530 700 3572 voces
724 3511 870 3571 eiusmodi
893 3511 1091 3590 ¹⁰competent
1111 3507 1326 3571 exhortationis

168 3625 192 3674 et
209 3615 424 3687 advocationis,
457 3632 532 3691 quae
555 3613 662 3673 occidit
684 3611 845 3690 propbetas
868 3621 898 3672 et
918 3610 1085 3688 ”lapidavit
1107 3609 1171 3671 ”ad
1193 3627 1229 3679 se
1250 3607 1325 3670 mis·

169 3731 227 3788 sos,
249 3726 279 3777 et
300 3717 398 3794 ipsum
421 3722 575 3793 postremo
600 3713 752 3773 dominum
776 3730 862 3775 suum
885 3708 1058 3773 ²‘'conlixit‘l
1091 3709 1149 3771 Sed
1167 3727 1227 3773 ,nac
1248 3707 1327 3772 ”ulti

171 3818 276 3877 omnino
300 3826 396 3876 terrae
420 3814 500 3873 salus
516 3813 748 3891 repromittitur,
771 3830 858 3889 quam
874 3811 894 3842 ³¹
904 3818 1023 3891 oportet
1036 3829 1100 3870 curn
1118 3807 1326 3877 totiusmundi

106 3996 108 4003 Ι
173 3909 255 3977 babitu
271 3915 443 3996 praeterire.
478 3914 571 3973 Etiam
595 3913 620 3971 si
644 3913 710 3990 quis
732 3911 853 3972 audebit
876 3921 983 3971 terram
1006 3918 1137 3971 sanctam
1155 3907 1325 3987 paradisum

176 4059 207 4110 lh
221 4068 277 4116 euim
296 4082 351 4115 eum
371 4068 410 4130 qui
430 4069 465 4115 bc.
507 4066 570 4113 enim
590 4065 613 4111 in
633 4078 703 4127 quem
722 4065 787 4112 Fulc.
803 4062 908 4111 Ursinus.
944 4062 1007 4111 enirn
1026 4075 1079 4109 enm
1099 4061 1122 4109 in
1142 4073 1213 4123 qnam
1231 4059 1325 4122 reliqui,

175 4134 242 4182 cttru
261 4136 371 4184 Vaticani.
427 4132 463 4181 13.
484 4133 504 4181 si
524 4132 621 4181 om.tB.
684 4131 722 4178 14.
742 4138 820 4178 terrae
838 4129 912 4178 Addo.
968 4128 1006 4178 lb.
1025 4128 1119 4177 concuti
1138 4133 1162 4176 et
1179 4126 1230 4177 bed
1266 4139 1325 4174 cou-

177 4197 307 4252 oriculae.
344 4200 467 4261 conueniet
486 4217 508 4247 a.
552 4198 590 4246 lb.
610 4198 720 4245 emittens
739 4198 784 4258 ed,
804 4198 833 4245 tle
851 4196 1084 4246 codieCleanenlir.
1120 4193 1217 4243 mittens
1233 4193 1327 4255 reliqui.

173 4257 209 4328 ,Ῑί
228 4277 277 4317 sunt
296 4271 319 4319 0.
381 4267 419 4316 18.
443 4276 505 4316 terra
530 4266 591 4314 ΑΒΕ.
662 4263 700 4313 19.
725 4271 749 4312 et
772 4264 850 4312 riuum
875 4263 975 4326 spiritns
998 4274 1083 4324 aquam
1108 4259 1201 4310 animae
1216 4259 1327 4313 Addobd.

177 4329 234 4379 “titt
249 4335 345 4385 mauu.
378 4343 401 4384 et
419 4348 505 4397 aquarn
524 4333 624 4395 spiritus
643 4340 666 4379 et
684 4333 762 4378 vinnm
782 4331 876 4378 animae
899 4345 928 4389 e,
954 4326 1244 4378 emendicamus.
1284 4323 1326 4374 20.

178 4389 294 4452 bime.
337 4401 379 4451 at.
398 4402 427 4450 aa
446 4401 530 4448 esrem
549 4402 571 4449 a.
613 4396 652 4446 aa.
671 4397 822 4446 inunctas.
864 4395 905 4446 aa.
924 4393 1141 4459 primordiorum.
1158 4400 1204 4442 ua
1217 4393 1326 4442 tartense

179 4452 210 4504 Ἀ
225 4467 264 4516 diei
282 4471 348 4519 obed.
384 4470 422 4516 die
441 4467 538 4528 recma.
557 4473 602 4514 tres
620 4467 729 4513 Vaticani.
753 4465 903 4514 llerlderctau
918 4465 944 4511 in
963 4462 985 4511 C.
1011 4461 1069 4512 Nom
1085 4459 1326 4524 promuntunum

180 4525 252 4580 addidit
269 4538 295 4584 de
313 4538 363 4584 suis
381 4537 507 4585 codicibus.
555 4532 596 4581 25.
615 4546 676 4594 qtrae
693 4532 765 4580 lucu.
784 4536 830 4578 tres
853 4532 961 4579 Votieom'.
997 4542 1043 4591 qna
1060 4528 1153 4591 reliqui.
1199 4524 1239 4575 26.
1259 4537 1326 4573 com·

180 4598 269 4649 ereren
286 4605 340 4652 edit.
356 4603 448 4661 Prioris',
468 4603 557 4658 vitiose,
578 4608 598 4648 et
616 4601 670 4647 inde
687 4599 741 4646 edd.
756 4598 852 4645 Semlers'
870 4605 890 4644 et
901 4597 1019 4658 lcopoldi.
1061 4592 1102 4642 at.
1120 4592 1210 4657 lapidat
1228 4595 1258 4667 b.⁸
1282 4588 1326 4667 ,²⁸⁹

182 4655 252 4713 niltus
268 4671 294 4716 ad
314 4684 340 4717 se
358 4669 401 4717 tn.
443 4667 483 4716 29.
502 4665 666 4714 contectura.
685 4671 731 4713 tres
742 4665 852 4725 Vaticani,
872 4670 893 4713 el
911 4663 962 4713 cod.
976 4663 1008 4711 lo.
1024 4659 1152 4711 Clementis.
1193 4656 1234 4708 30.
1253 4657 1288 4706 tlh
1299 4657 1327 4705 Δ.

180 4713 212 4768 ³¹·
226 4743 341 4793 oporteret
358 4735 413 4795 (Αἵ)
431 4736 483 4784 edd.
503 4734 598 4784 Semleri
616 4739 636 4780 et
654 4731 772 4794 leopoldi.

207 4836 224 4870 b
240 4831 407 4900 conditionem]
424 4835 450 4885 ld
470 4841 507 4883 est
525 4841 668 4894 ereaturam,
685 4830 810 4889 mundum.
838 4829 877 4879 dt.
895 4827 1034 4891 adeptum
1052 4827 1087 4878 lla
1104 4826 1200 4881 Corona
1216 4834 1269 4884 cap.
1280 4818 1304 4868 ll.
