<?xml version="1.0" encoding="UTF-8"?>
<!DOCTYPE html PUBLIC "-//W3C//DTD XHTML 1.0 Transitional//EN"
    "http://www.w3.org/TR/xhtml1/DTD/xhtml1-transitional.dtd">
<html xmlns="http://www.w3.org/1999/xhtml" xml:lang="en" lang="en">
 <head>
  <title>
</title>
<meta http-equiv="Content-Type" content="text/html;charset=utf-8" />
  <meta name='ocr-system' content='tesseract 3.04.00' />
  <meta name='ocr-capabilities' content='ocr_page ocr_carea ocr_par ocr_line ocrx_word'/>
</head>
<body>
  <div class='ocr_page' id='page_1' title='image "./quaesupersuntom00oehlgoog_0454.png"; bbox 0 0 3242 5775; ppageno 0'>
   <div class='ocr_carea' id='block_1_1' title="bbox 592 553 1403 680">
    <p class='ocr_par' dir='ltr' id='par_1_1' title="bbox 592 553 1403 680">
     <span class='ocr_line' id='line_1_1' title="bbox 592 553 1403 680; baseline 0.02 -18"><span class='ocrx_word' id='word_1_1' title='bbox 592 620 632 662; x_wconf 81' lang='lat' dir='ltr'><strong>os</strong></span> <span class='ocrx_word' id='word_1_2' title='bbox 653 619 898 665; x_wconf 80' lang='lat' dir='ltr'><strong>rasomscrtons</strong></span> <span class='ocrx_word' id='word_1_3' title='bbox 921 553 1086 668; x_wconf 25' lang='lat' dir='ltr'><strong>cannis*</strong></span> <span class='ocrx_word' id='word_1_4' title='bbox 1222 606 1224 610; x_wconf 70' lang='grc'><strong>’</strong></span> <span class='ocrx_word' id='word_1_5' title='bbox 1339 614 1403 680; x_wconf 80' lang='grc'><strong>469</strong></span> 
     </span>
    </p>
   </div>
   <div class='ocr_carea' id='block_1_2' title="bbox 215 764 1484 3660">
    <p class='ocr_par' dir='ltr' id='par_1_2' title="bbox 215 764 1484 3660">
     <span class='ocr_line' id='line_1_2' title="bbox 223 764 1402 856; baseline 0.014 -31"><span class='ocrx_word' id='word_1_6' title='bbox 223 764 312 827; x_wconf 82' lang='lat' dir='ltr'><strong>aliter</strong></span> <span class='ocrx_word' id='word_1_7' title='bbox 334 764 495 844; x_wconf 82' lang='lat' dir='ltr'><strong>disponere</strong></span> <span class='ocrx_word' id='word_1_8' title='bbox 517 768 626 841; x_wconf 89' lang='lat' dir='ltr'><strong>coacti,</strong></span> <span class='ocrx_word' id='word_1_9' title='bbox 649 786 687 830; x_wconf 90' lang='lat' dir='ltr'><strong>ue</strong></span> <span class='ocrx_word' id='word_1_10' title='bbox 708 768 869 850; x_wconf 78' lang='lat' dir='ltr'><strong>‘creatoris</strong></span> <span class='ocrx_word' id='word_1_11' title='bbox 891 770 1066 847; x_wconf 80' lang='lat' dir='ltr'><strong>‘habeatur,</strong></span> <span class='ocrx_word' id='word_1_12' title='bbox 1089 774 1119 835; x_wconf 91' lang='lat' dir='ltr'><strong>iu</strong></span> <span class='ocrx_word' id='word_1_13' title='bbox 1135 773 1200 856; x_wconf 91' lang='lat' dir='ltr'><strong>ipsa</strong></span> <span class='ocrx_word' id='word_1_14' title='bbox 1213 776 1297 855; x_wconf 88' lang='lat' dir='ltr'><strong>prius</strong></span> <span class='ocrx_word' id='word_1_15' title='bbox 1313 796 1402 842; x_wconf 79' lang='lat' dir='ltr'><strong>earne</strong></span> 
     </span>
     <span class='ocr_line' id='line_1_3' title="bbox 226 865 1462 941; baseline 0.013 -16"><span class='ocrx_word' id='word_1_16' title='bbox 226 865 289 927; x_wconf 86' lang='lat' dir='ltr'><strong>cius</strong></span> <span class='ocrx_word' id='word_1_17' title='bbox 312 876 502 940; x_wconf 82' lang='lat' dir='ltr'><strong>erraverunt,</strong></span> <span class='ocrx_word' id='word_1_18' title='bbox 537 876 588 928; x_wconf 91' lang='lat' dir='ltr'><strong>aut</strong></span> <span class='ocrx_word' id='word_1_19' title='bbox 609 867 718 930; x_wconf 89' lang='lat' dir='ltr'><strong>nuliius</strong></span> <span class='ocrx_word' id='word_1_20' title='bbox 740 869 873 932; x_wconf 81' lang='lat' dir='ltr'><strong>veritatis</strong></span> <span class='ocrx_word' id='word_1_21' title='bbox 902 874 1115 936; x_wconf 72' lang='lat' dir='ltr'><strong>contendentes</strong></span> <span class='ocrx_word' id='word_1_22' title='bbox 1143 894 1207 937; x_wconf 89' lang='lat' dir='ltr'><strong>cam</strong></span> <span class='ocrx_word' id='word_1_23' title='bbox 1236 878 1402 941; x_wconf 84' lang='lat' dir='ltr'><strong>secundum</strong></span> <span class='ocrx_word' id='word_1_24' title='bbox 1460 917 1462 922; x_wconf 58' lang='lat'>&gt;</span> 
     </span>
     <span class='ocr_line' id='line_1_4' title="bbox 226 964 1400 1051; baseline 0.013 -26"><span class='ocrx_word' id='word_1_25' title='bbox 226 964 404 1027; x_wconf 73' lang='lat' dir='ltr'><strong>Marcionem</strong></span> <span class='ocrx_word' id='word_1_26' title='bbox 421 975 451 1028; x_wconf 90' lang='lat' dir='ltr'><strong>et</strong></span> <span class='ocrx_word' id='word_1_27' title='bbox 464 966 648 1042; x_wconf 69' lang='lat' dir='ltr'><strong>‘basilidem</strong></span> <span class='ocrx_word' id='word_1_28' title='bbox 672 978 722 1030; x_wconf 92' lang='lat' dir='ltr'><strong>aut</strong></span> <span class='ocrx_word' id='word_1_29' title='bbox 742 971 882 1051; x_wconf 88' lang='lat' dir='ltr'><strong>propriae</strong></span> <span class='ocrx_word' id='word_1_30' title='bbox 904 973 1051 1050; x_wconf 77' lang='lat' dir='ltr'>qualitatis</span> <span class='ocrx_word' id='word_1_31' title='bbox 1074 976 1237 1037; x_wconf 89' lang='lat' dir='ltr'><strong>secundum</strong></span> <span class='ocrx_word' id='word_1_32' title='bbox 1259 976 1400 1042; x_wconf 85' lang='lat' dir='ltr'><strong>haereses</strong></span> 
     </span>
     <span class='ocr_line' id='line_1_5' title="bbox 227 1064 1484 1150; baseline 0.013 -26"><span class='ocrx_word' id='word_1_33' title='bbox 227 1064 387 1127; x_wconf 76' lang='lat' dir='ltr'><strong>&#39;Valentini</strong></span> <span class='ocrx_word' id='word_1_34' title='bbox 410 1075 441 1128; x_wconf 90' lang='lat' dir='ltr'><strong>et</strong></span> <span class='ocrx_word' id='word_1_35' title='bbox 462 1066 609 1145; x_wconf 84' lang='lat' dir='ltr'><strong>&#39;dpeliem</strong></span> <span class='ocrx_word' id='word_1_36' title='bbox 642 1069 736 1148; x_wconf 78' lang='lat' dir='ltr'><strong>Atque</strong></span> <span class='ocrx_word' id='word_1_37' title='bbox 759 1069 797 1130; x_wconf 88' lang='lat' dir='ltr'><strong>ita</strong></span> <span class='ocrx_word' id='word_1_38' title='bbox 821 1072 955 1150; x_wconf 85' lang='lat' dir='ltr'><strong>sequitur</strong></span> <span class='ocrx_word' id='word_1_39' title='bbox 976 1082 1010 1134; x_wconf 88' lang='lat' dir='ltr'><strong>ut</strong></span> <span class='ocrx_word' id='word_1_40' title='bbox 1031 1074 1155 1136; x_wconf 88' lang='lat' dir='ltr'><strong>satutem</strong></span> <span class='ocrx_word' id='word_1_41' title='bbox 1178 1076 1400 1139; x_wconf 87' lang='lat' dir='ltr'><strong>eius&#39;sttbstan·</strong></span> <span class='ocrx_word' id='word_1_42' title='bbox 1478 1070 1484 1078; x_wconf 75' lang='grc'><em>’</em></span> 
     </span>
     <span class='ocr_line' id='line_1_6' title="bbox 230 1166 1399 1252; baseline 0.012 -27"><span class='ocrx_word' id='word_1_43' title='bbox 230 1166 281 1227; x_wconf 85' lang='lat' dir='ltr'><strong>tiae</strong></span> <span class='ocrx_word' id='word_1_44' title='bbox 302 1166 459 1228; x_wconf 84' lang='lat' dir='ltr'><strong>excludant</strong></span> <span class='ocrx_word' id='word_1_45' title='bbox 480 1167 565 1228; x_wconf 89' lang='lat' dir='ltr'><strong>cuius</strong></span> <span class='ocrx_word' id='word_1_46' title='bbox 581 1168 731 1230; x_wconf 81' lang='lat' dir='ltr'>Christum</span> <span class='ocrx_word' id='word_1_47' title='bbox 746 1169 935 1233; x_wconf 77' lang='lat' dir='ltr'><strong>’consortem</strong></span> <span class='ocrx_word' id='word_1_48' title='bbox 951 1181 1073 1252; x_wconf 80' lang='lat' dir='ltr'><strong>negant,</strong></span> <span class='ocrx_word' id='word_1_49' title='bbox 1097 1174 1170 1235; x_wconf 88' lang='lat' dir='ltr'><strong>certi</strong></span> <span class='ocrx_word' id='word_1_50' title='bbox 1182 1175 1263 1237; x_wconf 89' lang='lat' dir='ltr'><strong>iiiam</strong></span> <span class='ocrx_word' id='word_1_51' title='bbox 1282 1196 1399 1239; x_wconf 90' lang='lat' dir='ltr'><strong>summo</strong></span> 
     </span>
     <span class='ocr_line' id='line_1_7' title="bbox 231 1254 1401 1343; baseline 0.011 -18"><span class='ocrx_word' id='word_1_52' title='bbox 231 1266 406 1343; x_wconf 89' lang='lat' dir='ltr'><strong>praeiudicio</strong></span> <span class='ocrx_word' id='word_1_53' title='bbox 429 1256 660 1329; x_wconf 86' lang='lat' dir='ltr'><strong>resurrectionis</strong></span> <span class='ocrx_word' id='word_1_54' title='bbox 683 1254 925 1343; x_wconf 81' lang='lat' dir='ltr'><strong>instrucum‚‘si</strong></span> <span class='ocrx_word' id='word_1_55' title='bbox 948 1274 1006 1333; x_wconf 91' lang='lat' dir='ltr'><strong>iam</strong></span> <span class='ocrx_word' id='word_1_56' title='bbox 1026 1274 1056 1334; x_wconf 92' lang='lat' dir='ltr'><strong>in</strong></span> <span class='ocrx_word' id='word_1_57' title='bbox 1072 1273 1191 1335; x_wconf 85' lang='lat' dir='ltr'><strong>Christo</strong></span> <span class='ocrx_word' id='word_1_58' title='bbox 1208 1275 1401 1339; x_wconf 85' lang='lat' dir='ltr'><strong>¹⁰resurroxit</strong></span> 
     </span>
     <span class='ocr_line' id='line_1_8' title="bbox 234 1356 1399 1451; baseline 0.011 -25"><span class='ocrx_word' id='word_1_59' title='bbox 234 1383 303 1427; x_wconf 81' lang='lat' dir='ltr'><strong>raro.</strong></span> <span class='ocrx_word' id='word_1_60' title='bbox 353 1368 514 1447; x_wconf 78' lang='lat' dir='ltr'><strong>Propterea</strong></span> <span class='ocrx_word' id='word_1_61' title='bbox 544 1378 571 1429; x_wconf 94' lang='lat' dir='ltr'><strong>et</strong></span> <span class='ocrx_word' id='word_1_62' title='bbox 600 1388 657 1430; x_wconf 89' lang='lat' dir='ltr'><strong>nos</strong></span> <span class='ocrx_word' id='word_1_63' title='bbox 685 1370 823 1431; x_wconf 84' lang='lat' dir='ltr'><strong>volumen</strong></span> <span class='ocrx_word' id='word_1_64' title='bbox 851 1356 1067 1449; x_wconf 29' lang='lat' dir='ltr'><strong>praemisimus·</strong></span> <span class='ocrx_word' id='word_1_65' title='bbox 1087 1393 1125 1435; x_wconf 84' lang='lat' dir='ltr'><strong>nu</strong></span> <span class='ocrx_word' id='word_1_66' title='bbox 1154 1394 1247 1437; x_wconf 81' lang='lat' dir='ltr'><strong>canna</strong></span> <span class='ocrx_word' id='word_1_67' title='bbox 1270 1395 1399 1451; x_wconf 87' lang='lat' dir='ltr'><strong>cautsrt,</strong></span> 
     </span>
     <span class='ocr_line' id='line_1_9' title="bbox 236 1469 1398 1551; baseline 0.013 -26"><span class='ocrx_word' id='word_1_68' title='bbox 236 1484 285 1543; x_wconf 88' lang='lat' dir='ltr'><strong>quo</strong></span> <span class='ocrx_word' id='word_1_69' title='bbox 306 1485 371 1528; x_wconf 90' lang='lat' dir='ltr'><strong>eam</strong></span> <span class='ocrx_word' id='word_1_70' title='bbox 394 1476 424 1529; x_wconf 89' lang='lat' dir='ltr'><strong>et</strong></span> <span class='ocrx_word' id='word_1_71' title='bbox 445 1469 570 1529; x_wconf 84' lang='lat' dir='ltr'><strong>solidam</strong></span> <span class='ocrx_word' id='word_1_72' title='bbox 592 1470 754 1549; x_wconf 88' lang='lat' dir='ltr'><strong>probamus</strong></span> <span class='ocrx_word' id='word_1_73' title='bbox 776 1471 959 1532; x_wconf 70' lang='lat' dir='ltr'><strong>¹*adversum</strong></span> <span class='ocrx_word' id='word_1_74' title='bbox 975 1473 1187 1551; x_wconf 80' lang='lat' dir='ltr'><strong>phantasmatis</strong></span> <span class='ocrx_word' id='word_1_75' title='bbox 1204 1474 1398 1550; x_wconf 81' lang='lat' dir='ltr'><strong>¹²runitatem,</strong></span> 
     </span>
     <span class='ocr_line' id='line_1_10' title="bbox 238 1567 1397 1653; baseline 0.011 -29"><span class='ocrx_word' id='word_1_76' title='bbox 238 1573 261 1625; x_wconf 90' lang='lat' dir='ltr'><strong>et</strong></span> <span class='ocrx_word' id='word_1_77' title='bbox 286 1567 442 1628; x_wconf 88' lang='lat' dir='ltr'><strong>humanam</strong></span> <span class='ocrx_word' id='word_1_78' title='bbox 479 1569 660 1631; x_wconf 81' lang='lat' dir='ltr'><strong>vindicamus</strong></span> <span class='ocrx_word' id='word_1_79' title='bbox 693 1570 838 1631; x_wconf 81' lang='lat' dir='ltr'><strong>adversus</strong></span> <span class='ocrx_word' id='word_1_80' title='bbox 870 1572 1018 1650; x_wconf 82' lang='lat' dir='ltr'><strong>qualitatis</strong></span> <span class='ocrx_word' id='word_1_81' title='bbox 1050 1575 1280 1653; x_wconf 80' lang='lat' dir='ltr'><strong>proprietatem,</strong></span> <span class='ocrx_word' id='word_1_82' title='bbox 1314 1576 1397 1639; x_wconf 87' lang='lat' dir='ltr'><strong>cuius</strong></span> 
     </span>
     <span class='ocr_line' id='line_1_11' title="bbox 241 1662 1397 1753; baseline 0.01 -27"><span class='ocrx_word' id='word_1_83' title='bbox 241 1662 383 1728; x_wconf 69' lang='lat' dir='ltr'><strong>¹³conditio</strong></span> <span class='ocrx_word' id='word_1_84' title='bbox 400 1668 551 1729; x_wconf 86' lang='lat' dir='ltr'><strong>Christum</strong></span> <span class='ocrx_word' id='word_1_85' title='bbox 574 1680 603 1730; x_wconf 91' lang='lat' dir='ltr'><strong>et</strong></span> <span class='ocrx_word' id='word_1_86' title='bbox 625 1670 775 1731; x_wconf 92' lang='lat' dir='ltr'><strong>hominem</strong></span> <span class='ocrx_word' id='word_1_87' title='bbox 800 1679 829 1731; x_wconf 87' lang='lat' dir='ltr'><strong>et</strong></span> <span class='ocrx_word' id='word_1_88' title='bbox 844 1672 934 1732; x_wconf 87' lang='lat' dir='ltr'><strong>htium</strong></span> <span class='ocrx_word' id='word_1_89' title='bbox 950 1672 1081 1734; x_wconf 90' lang='lat' dir='ltr'><strong>bominis</strong></span> <span class='ocrx_word' id='word_1_90' title='bbox 1098 1674 1295 1753; x_wconf 86' lang='lat' dir='ltr'><strong>inscripserit.</strong></span> <span class='ocrx_word' id='word_1_91' title='bbox 1323 1675 1397 1738; x_wconf 81' lang='lat' dir='ltr'><strong>Cur-</strong></span> 
     </span>
     <span class='ocr_line' id='line_1_12' title="bbox 241 1767 1398 1851; baseline 0.011 -28"><span class='ocrx_word' id='word_1_92' title='bbox 241 1781 311 1827; x_wconf 86' lang='lat' dir='ltr'><strong>neum</strong></span> <span class='ocrx_word' id='word_1_93' title='bbox 334 1767 412 1828; x_wconf 91' lang='lat' dir='ltr'><strong>enim</strong></span> <span class='ocrx_word' id='word_1_94' title='bbox 435 1778 523 1847; x_wconf 91' lang='lat' dir='ltr'><strong>atque</strong></span> <span class='ocrx_word' id='word_1_95' title='bbox 546 1789 723 1850; x_wconf 88' lang='lat' dir='ltr'><strong>corporeum</strong></span> <span class='ocrx_word' id='word_1_96' title='bbox 746 1770 908 1850; x_wconf 89' lang='lat' dir='ltr'><strong>probantes</strong></span> <span class='ocrx_word' id='word_1_97' title='bbox 931 1790 998 1832; x_wconf 92' lang='lat' dir='ltr'><strong>eum</strong></span> <span class='ocrx_word' id='word_1_98' title='bbox 1017 1772 1143 1851; x_wconf 88' lang='lat' dir='ltr'><strong>proinde</strong></span> <span class='ocrx_word' id='word_1_99' title='bbox 1166 1783 1196 1834; x_wconf 88' lang='lat' dir='ltr'><strong>et</strong></span> <span class='ocrx_word' id='word_1_100' title='bbox 1222 1774 1398 1838; x_wconf 87' lang='lat' dir='ltr'><strong>obducimus</strong></span> 
     </span>
     <span class='ocr_line' id='line_1_13' title="bbox 241 1868 1397 1951; baseline 0.01 -26"><span class='ocrx_word' id='word_1_101' title='bbox 241 1868 469 1941; x_wconf 83' lang='lat' dir='ltr'><strong>praescribendo·</strong></span> <span class='ocrx_word' id='word_1_102' title='bbox 495 1870 606 1931; x_wconf 84' lang='lat' dir='ltr'><strong>nullum</strong></span> <span class='ocrx_word' id='word_1_103' title='bbox 629 1869 718 1931; x_wconf 87' lang='lat' dir='ltr'><strong>alium</strong></span> <span class='ocrx_word' id='word_1_104' title='bbox 748 1872 928 1932; x_wconf 89' lang='lat' dir='ltr'><strong>credendum</strong></span> <span class='ocrx_word' id='word_1_105' title='bbox 957 1872 1045 1933; x_wconf 92' lang='lat' dir='ltr'><strong>deum</strong></span> <span class='ocrx_word' id='word_1_106' title='bbox 1072 1881 1192 1951; x_wconf 87' lang='lat' dir='ltr'><strong>praeter</strong></span> <span class='ocrx_word' id='word_1_107' title='bbox 1220 1882 1397 1948; x_wconf 88' lang='lat' dir='ltr'><strong>creatorem,</strong></span> 
     </span>
     <span class='ocr_line' id='line_1_14' title="bbox 243 1964 1395 2054; baseline 0.013 -31"><span class='ocrx_word' id='word_1_108' title='bbox 243 1964 296 2027; x_wconf 89' lang='lat' dir='ltr'><strong>dum</strong></span> <span class='ocrx_word' id='word_1_109' title='bbox 315 1970 402 2030; x_wconf 88' lang='lat' dir='ltr'><strong>tatem</strong></span> <span class='ocrx_word' id='word_1_110' title='bbox 426 1971 611 2033; x_wconf 88' lang='lat' dir='ltr'><strong>ostendimus</strong></span> <span class='ocrx_word' id='word_1_111' title='bbox 633 1971 801 2044; x_wconf 89' lang='lat' dir='ltr'><strong>Christum,</strong></span> <span class='ocrx_word' id='word_1_112' title='bbox 832 1973 861 2032; x_wconf 93' lang='lat' dir='ltr'><strong>in</strong></span> <span class='ocrx_word' id='word_1_113' title='bbox 885 1991 944 2051; x_wconf 90' lang='lat' dir='ltr'><strong>quo</strong></span> <span class='ocrx_word' id='word_1_114' title='bbox 967 1972 1160 2033; x_wconf 74' lang='lat' dir='ltr'><strong>¹⁴dinoscitur</strong></span> <span class='ocrx_word' id='word_1_115' title='bbox 1181 1973 1271 2049; x_wconf 88' lang='lat' dir='ltr'><strong>deus,</strong></span> <span class='ocrx_word' id='word_1_116' title='bbox 1301 1974 1395 2054; x_wconf 87' lang='lat' dir='ltr'><strong>qualis</strong></span> 
     </span>
     <span class='ocr_line' id='line_1_15' title="bbox 243 2068 1398 2158; baseline 0.009 -32"><span class='ocrx_word' id='word_1_117' title='bbox 243 2068 409 2158; x_wconf 79' lang='lat' dir='ltr'><strong>promittitur</strong></span> <span class='ocrx_word' id='word_1_118' title='bbox 431 2089 447 2130; x_wconf 93' lang='lat' dir='ltr'><strong>a</strong></span> <span class='ocrx_word' id='word_1_119' title='bbox 469 2081 613 2132; x_wconf 88' lang='lat' dir='ltr'><strong>creatore.</strong></span> <span class='ocrx_word' id='word_1_120' title='bbox 664 2070 791 2132; x_wconf 87' lang='lat' dir='ltr'><strong>Obducti</strong></span> <span class='ocrx_word' id='word_1_121' title='bbox 820 2072 927 2132; x_wconf 89' lang='lat' dir='ltr'><strong>dehinc</strong></span> <span class='ocrx_word' id='word_1_122' title='bbox 953 2071 991 2132; x_wconf 93' lang='lat' dir='ltr'><strong>de</strong></span> <span class='ocrx_word' id='word_1_123' title='bbox 1020 2072 1075 2134; x_wconf 91' lang='lat' dir='ltr'><strong>deo</strong></span> <span class='ocrx_word' id='word_1_124' title='bbox 1104 2074 1202 2135; x_wconf 84' lang='lat' dir='ltr'><strong>carnis</strong></span> <span class='ocrx_word' id='word_1_125' title='bbox 1224 2082 1345 2137; x_wconf 88' lang='lat' dir='ltr'><strong>auctore</strong></span> <span class='ocrx_word' id='word_1_126' title='bbox 1366 2082 1398 2138; x_wconf 86' lang='lat' dir='ltr'><strong>ot</strong></span> 
     </span>
     <span class='ocr_line' id='line_1_16' title="bbox 242 2164 1395 2251; baseline 0.01 -25"><span class='ocrx_word' id='word_1_127' title='bbox 242 2164 268 2225; x_wconf 86' lang='lat' dir='ltr'><strong>de</strong></span> <span class='ocrx_word' id='word_1_128' title='bbox 286 2168 400 2231; x_wconf 89' lang='lat' dir='ltr'><strong>Christo</strong></span> <span class='ocrx_word' id='word_1_129' title='bbox 424 2172 522 2234; x_wconf 89' lang='lat' dir='ltr'><strong>carnis</strong></span> <span class='ocrx_word' id='word_1_130' title='bbox 544 2172 732 2251; x_wconf 83' lang='lat' dir='ltr'><strong>redemptore</strong></span> <span class='ocrx_word' id='word_1_131' title='bbox 755 2174 811 2232; x_wconf 92' lang='lat' dir='ltr'><strong>iam</strong></span> <span class='ocrx_word' id='word_1_132' title='bbox 836 2183 863 2234; x_wconf 86' lang='lat' dir='ltr'><strong>et</strong></span> <span class='ocrx_word' id='word_1_133' title='bbox 886 2173 923 2232; x_wconf 92' lang='lat' dir='ltr'><strong>de</strong></span> <span class='ocrx_word' id='word_1_134' title='bbox 945 2172 1166 2234; x_wconf 88' lang='lat' dir='ltr'><strong>resurrectione</strong></span> <span class='ocrx_word' id='word_1_135' title='bbox 1180 2174 1278 2236; x_wconf 84' lang='lat' dir='ltr'><strong>earnis</strong></span> <span class='ocrx_word' id='word_1_136' title='bbox 1293 2175 1395 2237; x_wconf 86' lang='lat' dir='ltr'><strong>revin-</strong></span> 
     </span>
     <span class='ocr_line' id='line_1_17' title="bbox 241 2270 1397 2349; baseline 0.009 -22"><span class='ocrx_word' id='word_1_137' title='bbox 241 2277 335 2331; x_wconf 83' lang='lat' dir='ltr'><strong>centur.</strong></span> <span class='ocrx_word' id='word_1_138' title='bbox 370 2270 575 2349; x_wconf 81' lang='lat' dir='ltr'><strong>Congruenter</strong></span> <span class='ocrx_word' id='word_1_139' title='bbox 598 2273 746 2334; x_wconf 77' lang='lat' dir='ltr'><strong>¹³sciticct</strong></span> <span class='ocrx_word' id='word_1_140' title='bbox 784 2273 823 2333; x_wconf 89' lang='lat' dir='ltr'><strong>Et</strong></span> <span class='ocrx_word' id='word_1_141' title='bbox 844 2271 920 2333; x_wconf 74' lang='lat' dir='ltr'><strong>hoc*</strong></span> <span class='ocrx_word' id='word_1_142' title='bbox 941 2274 1034 2333; x_wconf 82' lang='lat' dir='ltr'><strong>terme</strong></span> <span class='ocrx_word' id='word_1_143' title='bbox 1057 2271 1175 2334; x_wconf 80' lang='lat' dir='ltr'><strong>¹⁶modo</strong></span> <span class='ocrx_word' id='word_1_144' title='bbox 1198 2274 1323 2337; x_wconf 92' lang='lat' dir='ltr'><strong>dicimus</strong></span> <span class='ocrx_word' id='word_1_145' title='bbox 1345 2275 1397 2337; x_wconf 47' lang='lat' dir='ltr'><strong>ina</strong></span> 
     </span>
     <span class='ocr_line' id='line_1_18' title="bbox 222 2356 1397 2454; baseline 0.006 -25"><span class='ocrx_word' id='word_1_146' title='bbox 222 2356 345 2431; x_wconf 76' lang='lat' dir='ltr'><strong>&#39;undam</strong></span> <span class='ocrx_word' id='word_1_147' title='bbox 376 2388 442 2431; x_wconf 92' lang='lat' dir='ltr'><strong>cum</strong></span> <span class='ocrx_word' id='word_1_148' title='bbox 471 2371 627 2433; x_wconf 86' lang='lat' dir='ltr'><strong>haereticis</strong></span> <span class='ocrx_word' id='word_1_149' title='bbox 656 2374 916 2452; x_wconf 86' lang='lat' dir='ltr'><strong>disceptationem.</strong></span> <span class='ocrx_word' id='word_1_150' title='bbox 963 2373 1036 2433; x_wconf 87' lang='lat' dir='ltr'><strong>Nam</strong></span> <span class='ocrx_word' id='word_1_151' title='bbox 1065 2381 1095 2433; x_wconf 91' lang='lat' dir='ltr'><strong>et</strong></span> <span class='ocrx_word' id='word_1_152' title='bbox 1126 2372 1200 2434; x_wconf 93' lang='lat' dir='ltr'><strong>ordo</strong></span> <span class='ocrx_word' id='word_1_153' title='bbox 1232 2391 1352 2454; x_wconf 88' lang='lat' dir='ltr'><strong>semper</strong></span> <span class='ocrx_word' id='word_1_154' title='bbox 1378 2392 1397 2435; x_wconf 90' lang='lat' dir='ltr'><strong>a</strong></span> 
     </span>
     <span class='ocr_line' id='line_1_19' title="bbox 237 2468 1396 2553; baseline 0.003 -22"><span class='ocrx_word' id='word_1_155' title='bbox 237 2468 432 2550; x_wconf 80' lang='lat' dir='ltr'><strong>principatibus</strong></span> <span class='ocrx_word' id='word_1_156' title='bbox 456 2471 560 2550; x_wconf 88' lang='lat' dir='ltr'><strong>deduci</strong></span> <span class='ocrx_word' id='word_1_157' title='bbox 584 2474 734 2552; x_wconf 83' lang='lat' dir='ltr'><strong>exposcit,</strong></span> <span class='ocrx_word' id='word_1_158' title='bbox 757 2483 791 2535; x_wconf 90' lang='lat' dir='ltr'><strong>ut</strong></span> <span class='ocrx_word' id='word_1_159' title='bbox 812 2475 848 2535; x_wconf 92' lang='lat' dir='ltr'><strong>de</strong></span> <span class='ocrx_word' id='word_1_160' title='bbox 870 2474 937 2552; x_wconf 88' lang='lat' dir='ltr'><strong>ipso</strong></span> <span class='ocrx_word' id='word_1_161' title='bbox 959 2473 1044 2551; x_wconf 88' lang='lat' dir='ltr'><strong>prius</strong></span> <span class='ocrx_word' id='word_1_162' title='bbox 1067 2481 1184 2550; x_wconf 91' lang='lat' dir='ltr'><strong>constet</strong></span> <span class='ocrx_word' id='word_1_163' title='bbox 1205 2492 1297 2553; x_wconf 86' lang='lat' dir='ltr'><strong>aquo</strong></span> <span class='ocrx_word' id='word_1_164' title='bbox 1312 2474 1396 2536; x_wconf 85' lang='lat' dir='ltr'><strong>dice·</strong></span> 
     </span>
     <span class='ocr_line' id='line_1_20' title="bbox 237 2572 1401 2653; baseline 0.005 -24"><span class='ocrx_word' id='word_1_165' title='bbox 237 2574 273 2630; x_wconf 90' lang='lat' dir='ltr'><strong>tur</strong></span> <span class='ocrx_word' id='word_1_166' title='bbox 291 2572 469 2652; x_wconf 88' lang='lat' dir='ltr'><strong>dispositum</strong></span> <span class='ocrx_word' id='word_1_167' title='bbox 493 2574 661 2653; x_wconf 87' lang='lat' dir='ltr'><strong>essequod</strong></span> <span class='ocrx_word' id='word_1_168' title='bbox 691 2574 852 2653; x_wconf 88' lang='lat' dir='ltr'><strong>quaeritur.</strong></span> <span class='ocrx_word' id='word_1_169' title='bbox 907 2573 1008 2651; x_wconf 78' lang='lat' dir='ltr'><strong>Atque</strong></span> <span class='ocrx_word' id='word_1_170' title='bbox 1029 2574 1103 2634; x_wconf 92' lang='lat' dir='ltr'><strong>adeo</strong></span> <span class='ocrx_word' id='word_1_171' title='bbox 1133 2582 1163 2635; x_wconf 91' lang='lat' dir='ltr'><strong>et</strong></span> <span class='ocrx_word' id='word_1_172' title='bbox 1189 2573 1331 2637; x_wconf 90' lang='lat' dir='ltr'><strong>haeretici</strong></span> <span class='ocrx_word' id='word_1_173' title='bbox 1360 2592 1401 2651; x_wconf 21' lang='lat' dir='ltr'><strong>ex·</strong></span> 
     </span>
     <span class='ocr_line' id='line_1_21' title="bbox 233 2672 1395 2764; baseline 0.004 -34"><span class='ocrx_word' id='word_1_174' title='bbox 233 2672 401 2734; x_wconf 85' lang='lat' dir='ltr'><strong>couscientia</strong></span> <span class='ocrx_word' id='word_1_175' title='bbox 424 2673 603 2734; x_wconf 87' lang='lat' dir='ltr'><strong>infirmitatis</strong></span> <span class='ocrx_word' id='word_1_176' title='bbox 619 2691 769 2752; x_wconf 87' lang='lat' dir='ltr'><strong>nunquam</strong></span> <span class='ocrx_word' id='word_1_177' title='bbox 786 2674 935 2734; x_wconf 86' lang='lat' dir='ltr'><strong>ordinarie</strong></span> <span class='ocrx_word' id='word_1_178' title='bbox 951 2682 1086 2735; x_wconf 87' lang='lat' dir='ltr'><strong>tractant.</strong></span> <span class='ocrx_word' id='word_1_179' title='bbox 1116 2673 1195 2735; x_wconf 91' lang='lat' dir='ltr'><strong>Certi</strong></span> <span class='ocrx_word' id='word_1_180' title='bbox 1211 2673 1291 2764; x_wconf 78' lang='lat' dir='ltr'><strong>euim</strong></span> <span class='ocrx_word' id='word_1_181' title='bbox 1306 2692 1395 2755; x_wconf 87' lang='lat' dir='ltr'><strong>quam</strong></span> 
     </span>
     <span class='ocr_line' id='line_1_22' title="bbox 232 2769 1395 2840; baseline 0.002 -7"><span class='ocrx_word' id='word_1_182' title='bbox 232 2769 385 2835; x_wconf 69' lang='lat' dir='ltr'><strong>¹&#39;laborent</strong></span> <span class='ocrx_word' id='word_1_183' title='bbox 406 2773 436 2833; x_wconf 92' lang='lat' dir='ltr'><strong>in</strong></span> <span class='ocrx_word' id='word_1_184' title='bbox 460 2773 580 2834; x_wconf 86' lang='lat' dir='ltr'><strong>atterius</strong></span> <span class='ocrx_word' id='word_1_185' title='bbox 603 2774 765 2836; x_wconf 81' lang='lat' dir='ltr'><strong>divinitatis</strong></span> <span class='ocrx_word' id='word_1_186' title='bbox 793 2774 992 2836; x_wconf 86' lang='lat' dir='ltr'><strong>insinuatione</strong></span> <span class='ocrx_word' id='word_1_187' title='bbox 1014 2774 1157 2835; x_wconf 77' lang='lat' dir='ltr'><strong>adversus</strong></span> <span class='ocrx_word' id='word_1_188' title='bbox 1180 2773 1267 2840; x_wconf 90' lang='lat' dir='ltr'><strong>deum</strong></span> <span class='ocrx_word' id='word_1_189' title='bbox 1290 2773 1395 2837; x_wconf 91' lang='lat' dir='ltr'><strong>muudi</strong></span> 
     </span>
     <span class='ocr_line' id='line_1_23' title="bbox 228 2873 1393 2955; baseline 0.003 -23"><span class='ocrx_word' id='word_1_190' title='bbox 228 2874 358 2936; x_wconf 92' lang='lat' dir='ltr'><strong>omnibus</strong></span> <span class='ocrx_word' id='word_1_191' title='bbox 381 2873 553 2935; x_wconf 87' lang='lat' dir='ltr'><strong>naturaiiter</strong></span> <span class='ocrx_word' id='word_1_192' title='bbox 574 2883 677 2935; x_wconf 93' lang='lat' dir='ltr'><strong>notum</strong></span> <span class='ocrx_word' id='word_1_193' title='bbox 699 2875 736 2936; x_wconf 90' lang='lat' dir='ltr'><strong>de</strong></span> <span class='ocrx_word' id='word_1_194' title='bbox 758 2876 938 2937; x_wconf 86' lang='lat' dir='ltr'><strong>testimoniis</strong></span> <span class='ocrx_word' id='word_1_195' title='bbox 962 2894 1103 2955; x_wconf 87' lang='lat' dir='ltr'><strong>operum,</strong></span> <span class='ocrx_word' id='word_1_196' title='bbox 1134 2884 1214 2936; x_wconf 91' lang='lat' dir='ltr'><strong>certe</strong></span> <span class='ocrx_word' id='word_1_197' title='bbox 1237 2874 1320 2937; x_wconf 90' lang='lat' dir='ltr'><strong>etin</strong></span> <span class='ocrx_word' id='word_1_198' title='bbox 1342 2892 1393 2936; x_wconf 90' lang='lat' dir='ltr'><strong>sa·</strong></span> 
     </span>
     <span class='ocr_line' id='line_1_24' title="bbox 226 2970 1393 3055; baseline 0 -19"><span class='ocrx_word' id='word_1_199' title='bbox 226 2976 377 3036; x_wconf 71' lang='lat' dir='ltr'><strong>dumentis</strong></span> <span class='ocrx_word' id='word_1_200' title='bbox 399 2976 530 3054; x_wconf 88' lang='lat' dir='ltr'><strong>priorem</strong></span> <span class='ocrx_word' id='word_1_201' title='bbox 554 2985 583 3035; x_wconf 93' lang='lat' dir='ltr'><strong>et</strong></span> <span class='ocrx_word' id='word_1_202' title='bbox 607 2976 663 3035; x_wconf 82' lang='lat' dir='ltr'><strong>¹⁸in</strong></span> <span class='ocrx_word' id='word_1_203' title='bbox 685 2970 956 3055; x_wconf 88' lang='lat' dir='ltr'><strong>praedicationibus</strong></span> <span class='ocrx_word' id='word_1_204' title='bbox 980 2975 1232 3049; x_wconf 84' lang='lat' dir='ltr'><strong>manifestiorem,</strong></span> <span class='ocrx_word' id='word_1_205' title='bbox 1256 2974 1312 3036; x_wconf 91' lang='lat' dir='ltr'><strong>sub</strong></span> <span class='ocrx_word' id='word_1_206' title='bbox 1335 2973 1393 3036; x_wconf 91' lang='lat' dir='ltr'><strong>ob-</strong></span> 
     </span>
     <span class='ocr_line' id='line_1_25' title="bbox 222 3073 1397 3156; baseline -0.001 -20"><span class='ocrx_word' id='word_1_207' title='bbox 222 3085 301 3137; x_wconf 90' lang='lat' dir='ltr'><strong>tento</strong></span> <span class='ocrx_word' id='word_1_208' title='bbox 324 3076 410 3156; x_wconf 85' lang='lat' dir='ltr'><strong>quasi</strong></span> <span class='ocrx_word' id='word_1_209' title='bbox 434 3073 756 3155; x_wconf 60' lang='lat' dir='ltr'><strong>urgentioris&#39;causae,</strong></span> <span class='ocrx_word' id='word_1_210' title='bbox 782 3077 837 3138; x_wconf 78' lang='lat' dir='ltr'><strong>¹⁹id</strong></span> <span class='ocrx_word' id='word_1_211' title='bbox 862 3088 907 3137; x_wconf 86' lang='lat' dir='ltr'><strong>est</strong></span> <span class='ocrx_word' id='word_1_212' title='bbox 931 3077 1024 3156; x_wconf 90' lang='lat' dir='ltr'><strong>ipsius</strong></span> <span class='ocrx_word' id='word_1_213' title='bbox 1042 3076 1187 3138; x_wconf 87' lang='lat' dir='ltr'><strong>humanae</strong></span> <span class='ocrx_word' id='word_1_214' title='bbox 1209 3076 1312 3137; x_wconf 88' lang='lat' dir='ltr'><strong>salutis</strong></span> <span class='ocrx_word' id='word_1_215' title='bbox 1328 3081 1397 3136; x_wconf 86' lang='lat' dir='ltr'><strong>ante</strong></span> 
     </span>
     <span class='ocr_line' id='line_1_26' title="bbox 221 3174 1397 3266; baseline -0.003 -29"><span class='ocrx_word' id='word_1_216' title='bbox 221 3177 316 3238; x_wconf 91' lang='lat' dir='ltr'><strong>omnia</strong></span> <span class='ocrx_word' id='word_1_217' title='bbox 338 3176 579 3255; x_wconf 59' lang='lat' dir='ltr'><strong>”requirendam</strong></span> <span class='ocrx_word' id='word_1_218' title='bbox 603 3196 618 3236; x_wconf 92' lang='lat' dir='ltr'><strong>a</strong></span> <span class='ocrx_word' id='word_1_219' title='bbox 641 3177 867 3255; x_wconf 88' lang='lat' dir='ltr'><strong>quaestionibus</strong></span> <span class='ocrx_word' id='word_1_220' title='bbox 890 3176 1119 3266; x_wconf 62' lang='lat' dir='ltr'><strong>resurrectionis</strong></span> <span class='ocrx_word' id='word_1_221' title='bbox 1142 3174 1304 3255; x_wconf 89' lang='lat' dir='ltr'><strong>incipiunt,</strong></span> <span class='ocrx_word' id='word_1_222' title='bbox 1327 3174 1397 3254; x_wconf 85' lang='lat' dir='ltr'><strong>quia</strong></span> 
     </span>
     <span class='ocr_line' id='line_1_27' title="bbox 219 3273 1396 3354; baseline -0.006 -15"><span class='ocrx_word' id='word_1_223' title='bbox 219 3278 333 3339; x_wconf 88' lang='lat' dir='ltr'><strong>durius&#39;</strong></span> <span class='ocrx_word' id='word_1_224' title='bbox 352 3277 485 3338; x_wconf 88' lang='lat' dir='ltr'><strong>creditur</strong></span> <span class='ocrx_word' id='word_1_225' title='bbox 513 3277 694 3337; x_wconf 88' lang='lat' dir='ltr'><strong>resurrectio</strong></span> <span class='ocrx_word' id='word_1_226' title='bbox 724 3277 821 3335; x_wconf 89' lang='lat' dir='ltr'><strong>earnis</strong></span> <span class='ocrx_word' id='word_1_227' title='bbox 851 3294 937 3354; x_wconf 91' lang='lat' dir='ltr'><strong>quam</strong></span> <span class='ocrx_word' id='word_1_228' title='bbox 965 3293 1023 3334; x_wconf 92' lang='lat' dir='ltr'><strong>una</strong></span> <span class='ocrx_word' id='word_1_229' title='bbox 1052 3274 1206 3346; x_wconf 77' lang='lat' dir='ltr'><strong>divinitas3</strong></span> <span class='ocrx_word' id='word_1_230' title='bbox 1241 3283 1328 3351; x_wconf 84' lang='lat' dir='ltr'><strong>atque</strong></span> <span class='ocrx_word' id='word_1_231' title='bbox 1356 3273 1396 3333; x_wconf 83' lang='lat' dir='ltr'><strong>ita</strong></span> 
     </span>
     <span class='ocr_line' id='line_1_28' title="bbox 219 3370 1394 3451; baseline -0.007 -12"><span class='ocrx_word' id='word_1_232' title='bbox 219 3386 374 3439; x_wconf 87' lang='lat' dir='ltr'><strong>tractatum</strong></span> <span class='ocrx_word' id='word_1_233' title='bbox 396 3376 507 3438; x_wconf 83' lang='lat' dir='ltr'><strong>viribus</strong></span> <span class='ocrx_word' id='word_1_234' title='bbox 531 3377 644 3437; x_wconf 88' lang='lat' dir='ltr'><strong>ordinis</strong></span> <span class='ocrx_word' id='word_1_235' title='bbox 668 3376 715 3436; x_wconf 87' lang='lat' dir='ltr'><strong>sui</strong></span> <span class='ocrx_word' id='word_1_236' title='bbox 745 3375 915 3436; x_wconf 88' lang='lat' dir='ltr'><strong>destitutum</strong></span> <span class='ocrx_word' id='word_1_237' title='bbox 939 3383 969 3434; x_wconf 96' lang='lat' dir='ltr'><strong>et</strong></span> <span class='ocrx_word' id='word_1_238' title='bbox 989 3371 1137 3451; x_wconf 89' lang='lat' dir='ltr'><strong>scrupulis</strong></span> <span class='ocrx_word' id='word_1_239' title='bbox 1158 3370 1259 3449; x_wconf 92' lang='lat' dir='ltr'><strong>potius</strong></span> <span class='ocrx_word' id='word_1_240' title='bbox 1285 3388 1394 3431; x_wconf 87' lang='lat' dir='ltr'><strong>onera·</strong></span> 
     </span>
     <span class='ocr_line' id='line_1_29' title="bbox 217 3469 1395 3556; baseline -0.009 -17"><span class='ocrx_word' id='word_1_241' title='bbox 217 3488 297 3551; x_wconf 90' lang='lat' dir='ltr'><strong>tum,</strong></span> <span class='ocrx_word' id='word_1_242' title='bbox 320 3478 341 3510; x_wconf 88' lang='lat'><strong>¹¹</strong></span> <span class='ocrx_word' id='word_1_243' title='bbox 351 3477 585 3556; x_wconf 89' lang='lat' dir='ltr'><strong>depretiantibus</strong></span> <span class='ocrx_word' id='word_1_244' title='bbox 608 3493 743 3545; x_wconf 88' lang='lat' dir='ltr'><strong>carnem,</strong></span> <span class='ocrx_word' id='word_1_245' title='bbox 767 3475 904 3553; x_wconf 88' lang='lat' dir='ltr'><strong>paulatim</strong></span> <span class='ocrx_word' id='word_1_246' title='bbox 920 3473 984 3533; x_wconf 84' lang='lat' dir='ltr'><strong>²’ad</strong></span> <span class='ocrx_word' id='word_1_247' title='bbox 1001 3472 1122 3533; x_wconf 86' lang='lat' dir='ltr'><strong>atterius</strong></span> <span class='ocrx_word' id='word_1_248' title='bbox 1139 3469 1300 3530; x_wconf 85' lang='lat' dir='ltr'><strong>divinitatis</strong></span> <span class='ocrx_word' id='word_1_249' title='bbox 1315 3475 1395 3528; x_wconf 92' lang='lat' dir='ltr'><strong>tem-</strong></span> 
     </span>
     <span class='ocr_line' id='line_1_30' title="bbox 215 3566 1474 3660; baseline -0.01 -20"><span class='ocrx_word' id='word_1_250' title='bbox 215 3588 325 3660; x_wconf 86' lang='lat' dir='ltr'><strong>perant</strong></span> <span class='ocrx_word' id='word_1_251' title='bbox 346 3598 470 3639; x_wconf 88' lang='lat' dir='ltr'><strong>sensum</strong></span> <span class='ocrx_word' id='word_1_252' title='bbox 493 3597 527 3639; x_wconf 85' lang='lat' dir='ltr'><strong>cx</strong></span> <span class='ocrx_word' id='word_1_253' title='bbox 551 3580 614 3656; x_wconf 90' lang='lat' dir='ltr'><strong>ipsa</strong></span> <span class='ocrx_word' id='word_1_254' title='bbox 638 3577 703 3655; x_wconf 89' lang='lat' dir='ltr'><strong>spei</strong></span> <span class='ocrx_word' id='word_1_255' title='bbox 725 3574 922 3636; x_wconf 89' lang='lat' dir='ltr'><strong>concussione</strong></span> <span class='ocrx_word' id='word_1_256' title='bbox 951 3581 980 3635; x_wconf 89' lang='lat' dir='ltr'><strong>et</strong></span> <span class='ocrx_word' id='word_1_257' title='bbox 1003 3569 1212 3633; x_wconf 89' lang='lat' dir='ltr'><strong>demutatione.</strong></span> <span class='ocrx_word' id='word_1_258' title='bbox 1256 3566 1395 3629; x_wconf 72' lang='lat' dir='ltr'><strong>deiectus</strong></span> <span class='ocrx_word' id='word_1_259' title='bbox 1453 3582 1474 3632; x_wconf 78' lang='grc'><strong>,·</strong></span> 
     </span>
    </p>
   </div>
   <div class='ocr_carea' id='block_1_3' title="bbox 215 3720 1396 4529">
    <p class='ocr_par' dir='ltr' id='par_1_3' title="bbox 215 3720 1396 4529">
     <span class='ocr_line' id='line_1_31' title="bbox 215 3720 1396 3797; baseline -0.011 -16"><span class='ocrx_word' id='word_1_260' title='bbox 215 3733 241 3782; x_wconf 79' lang='lat' dir='ltr'><strong>t.</strong></span> <span class='ocrx_word' id='word_1_261' title='bbox 262 3731 380 3780; x_wconf 72' lang='lat' dir='ltr'><strong>creatoris</strong></span> <span class='ocrx_word' id='word_1_262' title='bbox 397 3733 483 3794; x_wconf 69' lang='lat' dir='ltr'><strong>umpd,</strong></span> <span class='ocrx_word' id='word_1_263' title='bbox 504 3732 567 3779; x_wconf 80' lang='lat' dir='ltr'><strong>Futo.</strong></span> <span class='ocrx_word' id='word_1_264' title='bbox 583 3731 686 3778; x_wconf 82' lang='lat' dir='ltr'><strong>Ursinus.</strong></span> <span class='ocrx_word' id='word_1_265' title='bbox 728 3729 809 3777; x_wconf 80' lang='lat' dir='ltr'><strong>Probat</strong></span> <span class='ocrx_word' id='word_1_266' title='bbox 834 3728 896 3776; x_wconf 82' lang='lat' dir='ltr'><strong>curis</strong></span> <span class='ocrx_word' id='word_1_267' title='bbox 920 3726 1027 3775; x_wconf 81' lang='lat' dir='ltr'><strong>secundis</strong></span> <span class='ocrx_word' id='word_1_268' title='bbox 1046 3720 1258 3781; x_wconf 65' lang='lat' dir='ltr'><strong>perstruuntur.</strong></span> <span class='ocrx_word' id='word_1_269' title='bbox 1300 3725 1396 3797; x_wconf 73' lang='lat' dir='ltr'><strong>creator</strong></span> 
     </span>
     <span class='ocr_line' id='line_1_32' title="bbox 216 3784 1395 3861; baseline -0.013 -12"><span class='ocrx_word' id='word_1_270' title='bbox 216 3801 299 3849; x_wconf 71' lang='lat' dir='ltr'><strong>urnis</strong></span> <span class='ocrx_word' id='word_1_271' title='bbox 315 3800 410 3861; x_wconf 68' lang='lat' dir='ltr'><strong>reticui,</strong></span> <span class='ocrx_word' id='word_1_272' title='bbox 431 3801 505 3847; x_wconf 73' lang='lat' dir='ltr'><strong>&#39;ceder</strong></span> <span class='ocrx_word' id='word_1_273' title='bbox 522 3799 609 3845; x_wconf 77' lang='lat' dir='ltr'><strong>itthoci</strong></span> <span class='ocrx_word' id='word_1_274' title='bbox 628 3804 648 3845; x_wconf 85' lang='lat' dir='ltr'><strong>et</strong></span> <span class='ocrx_word' id='word_1_275' title='bbox 667 3798 772 3845; x_wconf 79' lang='lat' dir='ltr'><strong>haerent.</strong></span> <span class='ocrx_word' id='word_1_276' title='bbox 827 3795 850 3842; x_wconf 87' lang='lat'><strong>5.</strong></span> <span class='ocrx_word' id='word_1_277' title='bbox 870 3794 998 3842; x_wconf 87' lang='lat' dir='ltr'><strong>baberetur</strong></span> <span class='ocrx_word' id='word_1_278' title='bbox 1017 3791 1048 3839; x_wconf 88' lang='lat' dir='ltr'><strong>io.</strong></span> <span class='ocrx_word' id='word_1_279' title='bbox 1065 3806 1079 3838; x_wconf 84' lang='lat' dir='ltr'><strong>o</strong></span> <span class='ocrx_word' id='word_1_280' title='bbox 1097 3787 1205 3837; x_wconf 81' lang='lat' dir='ltr'><strong>Woueoer.</strong></span> <span class='ocrx_word' id='word_1_281' title='bbox 1264 3784 1395 3835; x_wconf 73' lang='lat' dir='ltr'><strong>Chiastit-</strong></span> 
     </span>
     <span class='ocr_line' id='line_1_33' title="bbox 216 3853 1395 3925; baseline -0.014 -9"><span class='ocrx_word' id='word_1_282' title='bbox 216 3868 318 3916; x_wconf 81' lang='lat' dir='ltr'><strong>detnt.</strong></span> <span class='ocrx_word' id='word_1_283' title='bbox 371 3865 576 3913; x_wconf 78' lang='lat' dir='ltr'><strong>t.det&#39;etentini</strong></span> <span class='ocrx_word' id='word_1_284' title='bbox 596 3865 638 3912; x_wconf 78' lang='lat' dir='ltr'><strong>tu.</strong></span> <span class='ocrx_word' id='word_1_285' title='bbox 691 3862 713 3910; x_wconf 86' lang='grc'><strong>8.</strong></span> <span class='ocrx_word' id='word_1_286' title='bbox 735 3861 904 3925; x_wconf 72' lang='lat' dir='ltr'><strong>Appettemt.</strong></span> <span class='ocrx_word' id='word_1_287' title='bbox 939 3856 1098 3920; x_wconf 76' lang='lat' dir='ltr'><strong>Appetienit.</strong></span> <span class='ocrx_word' id='word_1_288' title='bbox 1150 3853 1175 3903; x_wconf 81' lang='grc'><strong>9.</strong></span> <span class='ocrx_word' id='word_1_289' title='bbox 1193 3861 1331 3903; x_wconf 85' lang='lat' dir='ltr'><strong>consortem</strong></span> <span class='ocrx_word' id='word_1_290' title='bbox 1350 3866 1395 3901; x_wconf 82' lang='lat' dir='ltr'><strong>ns·</strong></span> 
     </span>
     <span class='ocr_line' id='line_1_34' title="bbox 216 3919 1396 3998; baseline -0.01 -16"><span class='ocrx_word' id='word_1_291' title='bbox 216 3940 276 3995; x_wconf 64' lang='lat' dir='ltr'><strong>gant</strong></span> <span class='ocrx_word' id='word_1_292' title='bbox 293 3934 370 3992; x_wconf 71' lang='lat' dir='ltr'><strong>ebed,</strong></span> <span class='ocrx_word' id='word_1_293' title='bbox 390 3934 419 3981; x_wconf 86' lang='lat' dir='ltr'><strong>de</strong></span> <span class='ocrx_word' id='word_1_294' title='bbox 437 3935 504 3981; x_wconf 81' lang='lat' dir='ltr'><strong>tibris</strong></span> <span class='ocrx_word' id='word_1_295' title='bbox 524 3933 643 3993; x_wconf 77' lang='lat' dir='ltr'><strong>Cortpneii.</strong></span> <span class='ocrx_word' id='word_1_296' title='bbox 679 3937 766 3989; x_wconf 70' lang='lat' dir='ltr'><strong>negant</strong></span> <span class='ocrx_word' id='word_1_297' title='bbox 784 3930 878 3991; x_wconf 78' lang='lat' dir='ltr'><strong>reliqui,</strong></span> <span class='ocrx_word' id='word_1_298' title='bbox 899 3934 919 3974; x_wconf 88' lang='lat' dir='ltr'><strong>et</strong></span> <span class='ocrx_word' id='word_1_299' title='bbox 937 3927 1044 3975; x_wconf 74' lang='lat' dir='ltr'><strong>baereat.</strong></span> <span class='ocrx_word' id='word_1_300' title='bbox 1099 3919 1138 3969; x_wconf 82' lang='grc'><strong>10.</strong></span> <span class='ocrx_word' id='word_1_301' title='bbox 1157 3921 1290 3970; x_wconf 79' lang='lat' dir='ltr'><strong>resurrexit</strong></span> <span class='ocrx_word' id='word_1_302' title='bbox 1305 3919 1396 3998; x_wconf 64' lang='lat' dir='ltr'><strong>Added.</strong></span> 
     </span>
     <span class='ocr_line' id='line_1_35' title="bbox 216 3988 1395 4052; baseline -0.013 -1"><span class='ocrx_word' id='word_1_303' title='bbox 216 4003 327 4052; x_wconf 68' lang='lat' dir='ltr'><strong>meent.</strong></span> <span class='ocrx_word' id='word_1_304' title='bbox 364 4000 523 4048; x_wconf 82' lang='lat' dir='ltr'><strong>resurrexerit</strong></span> <span class='ocrx_word' id='word_1_305' title='bbox 542 4000 580 4046; x_wconf 87' lang='lat' dir='ltr'><strong>Co.</strong></span> <span class='ocrx_word' id='word_1_306' title='bbox 626 3997 664 4044; x_wconf 95' lang='lat' dir='ltr'><strong>tt.</strong></span> <span class='ocrx_word' id='word_1_307' title='bbox 684 3997 797 4044; x_wconf 83' lang='lat' dir='ltr'><strong>adversus</strong></span> <span class='ocrx_word' id='word_1_308' title='bbox 814 3996 859 4045; x_wconf 82' lang='lat' dir='ltr'><strong>tn.</strong></span> <span class='ocrx_word' id='word_1_309' title='bbox 901 3991 938 4040; x_wconf 79' lang='lat' dir='ltr'><strong>tn.</strong></span> <span class='ocrx_word' id='word_1_310' title='bbox 958 3993 1083 4040; x_wconf 80' lang='lat' dir='ltr'><strong>vanitatem</strong></span> <span class='ocrx_word' id='word_1_311' title='bbox 1096 3989 1175 4048; x_wconf 76' lang='lat' dir='ltr'><strong>toto,</strong></span> <span class='ocrx_word' id='word_1_312' title='bbox 1196 3988 1395 4051; x_wconf 76' lang='lat' dir='ltr'><strong>daspscieppetu</strong></span> 
     </span>
     <span class='ocr_line' id='line_1_36' title="bbox 215 4052 1394 4120; baseline -0.014 -2"><span class='ocrx_word' id='word_1_313' title='bbox 215 4067 428 4118; x_wconf 72' lang='lat' dir='ltr'><strong>estetsttntnm.</strong></span> <span class='ocrx_word' id='word_1_314' title='bbox 465 4067 607 4114; x_wconf 86' lang='lat' dir='ltr'><strong>nativitatem</strong></span> <span class='ocrx_word' id='word_1_315' title='bbox 626 4065 669 4113; x_wconf 76' lang='lat' dir='ltr'><strong>tn.</strong></span> <span class='ocrx_word' id='word_1_316' title='bbox 689 4071 734 4111; x_wconf 81' lang='lat' dir='ltr'><strong>tres</strong></span> <span class='ocrx_word' id='word_1_317' title='bbox 748 4062 858 4120; x_wconf 79' lang='lat' dir='ltr'><strong>Vaticani,</strong></span> <span class='ocrx_word' id='word_1_318' title='bbox 879 4066 899 4108; x_wconf 88' lang='lat' dir='ltr'><strong>et</strong></span> <span class='ocrx_word' id='word_1_319' title='bbox 916 4061 1023 4109; x_wconf 78' lang='lat' dir='ltr'><strong>tuerent.</strong></span> <span class='ocrx_word' id='word_1_320' title='bbox 1067 4055 1105 4105; x_wconf 80' lang='lat'><strong>13.</strong></span> <span class='ocrx_word' id='word_1_321' title='bbox 1125 4062 1162 4102; x_wconf 84' lang='lat' dir='ltr'><strong>eat</strong></span> <span class='ocrx_word' id='word_1_322' title='bbox 1176 4054 1249 4103; x_wconf 87' lang='lat' dir='ltr'><strong>editio</strong></span> <span class='ocrx_word' id='word_1_323' title='bbox 1260 4055 1284 4103; x_wconf 90' lang='lat' dir='ltr'><strong>r.</strong></span> <span class='ocrx_word' id='word_1_324' title='bbox 1320 4052 1394 4103; x_wconf 85' lang='lat' dir='ltr'><strong>editio</strong></span> 
     </span>
     <span class='ocr_line' id='line_1_37' title="bbox 217 4119 1395 4189; baseline -0.014 -4"><span class='ocrx_word' id='word_1_325' title='bbox 217 4145 266 4185; x_wconf 76' lang='lat' dir='ltr'><strong>tres</strong></span> <span class='ocrx_word' id='word_1_326' title='bbox 286 4136 399 4184; x_wconf 76' lang='lat' dir='ltr'><strong>Vaticani.</strong></span> <span class='ocrx_word' id='word_1_327' title='bbox 442 4134 546 4181; x_wconf 88' lang='lat' dir='ltr'><strong>addictio</strong></span> <span class='ocrx_word' id='word_1_328' title='bbox 571 4134 677 4181; x_wconf 80' lang='lat' dir='ltr'><strong>haerent.</strong></span> <span class='ocrx_word' id='word_1_329' title='bbox 739 4129 776 4177; x_wconf 76' lang='lat' dir='ltr'><strong>tt.</strong></span> <span class='ocrx_word' id='word_1_330' title='bbox 801 4127 951 4189; x_wconf 73' lang='lat' dir='ltr'><strong>dignoscitur</strong></span> <span class='ocrx_word' id='word_1_331' title='bbox 969 4127 991 4173; x_wconf 90' lang='lat' dir='ltr'><strong>d.</strong></span> <span class='ocrx_word' id='word_1_332' title='bbox 1054 4123 1092 4172; x_wconf 79' lang='lat' dir='ltr'><strong>tt.</strong></span> <span class='ocrx_word' id='word_1_333' title='bbox 1116 4121 1218 4187; x_wconf 79' lang='lat' dir='ltr'><strong>seilicet.</strong></span> <span class='ocrx_word' id='word_1_334' title='bbox 1248 4121 1277 4170; x_wconf 82' lang='lat' dir='ltr'><strong>iit</strong></span> <span class='ocrx_word' id='word_1_335' title='bbox 1300 4121 1347 4169; x_wconf 88' lang='lat' dir='ltr'><strong>boc</strong></span> <span class='ocrx_word' id='word_1_336' title='bbox 1370 4119 1395 4170; x_wconf 86' lang='lat' dir='ltr'><strong>d.</strong></span> 
     </span>
     <span class='ocr_line' id='line_1_38' title="bbox 217 4187 1394 4264; baseline -0.016 -12"><span class='ocrx_word' id='word_1_337' title='bbox 217 4203 313 4252; x_wconf 78' lang='lat' dir='ltr'><strong>scilieet</strong></span> <span class='ocrx_word' id='word_1_338' title='bbox 331 4202 378 4250; x_wconf 88' lang='lat' dir='ltr'><strong>boc</strong></span> <span class='ocrx_word' id='word_1_339' title='bbox 397 4201 533 4249; x_wconf 69' lang='lat' dir='ltr'><strong>Fniunius.</strong></span> <span class='ocrx_word' id='word_1_340' title='bbox 575 4199 667 4246; x_wconf 78' lang='lat' dir='ltr'><strong>seilicet</strong></span> <span class='ocrx_word' id='word_1_341' title='bbox 685 4204 708 4244; x_wconf 87' lang='lat' dir='ltr'><strong>et</strong></span> <span class='ocrx_word' id='word_1_342' title='bbox 726 4196 755 4244; x_wconf 90' lang='lat' dir='ltr'><strong>de</strong></span> <span class='ocrx_word' id='word_1_343' title='bbox 774 4195 820 4243; x_wconf 91' lang='lat' dir='ltr'><strong>deo</strong></span> <span class='ocrx_word' id='word_1_344' title='bbox 839 4203 936 4242; x_wconf 88' lang='lat' dir='ltr'><strong>auctore</strong></span> <span class='ocrx_word' id='word_1_345' title='bbox 954 4191 1034 4240; x_wconf 79' lang='lat' dir='ltr'><strong>earnis</strong></span> <span class='ocrx_word' id='word_1_346' title='bbox 1053 4197 1076 4239; x_wconf 83' lang='lat' dir='ltr'><strong>et</strong></span> <span class='ocrx_word' id='word_1_347' title='bbox 1093 4189 1123 4237; x_wconf 87' lang='lat' dir='ltr'><strong>de</strong></span> <span class='ocrx_word' id='word_1_348' title='bbox 1141 4187 1237 4237; x_wconf 85' lang='lat' dir='ltr'><strong>Christo</strong></span> <span class='ocrx_word' id='word_1_349' title='bbox 1256 4187 1335 4264; x_wconf 76' lang='lat' dir='ltr'><strong>earnis</strong></span> <span class='ocrx_word' id='word_1_350' title='bbox 1354 4201 1394 4263; x_wconf 75' lang='lat' dir='ltr'><strong>re·</strong></span> 
     </span>
     <span class='ocr_line' id='line_1_39' title="bbox 217 4253 1393 4330; baseline -0.014 -12"><span class='ocrx_word' id='word_1_351' title='bbox 217 4271 355 4330; x_wconf 85' lang='lat' dir='ltr'><strong>demptors.</strong></span> <span class='ocrx_word' id='word_1_352' title='bbox 382 4269 433 4316; x_wconf 83' lang='lat' dir='ltr'><strong>Hoc</strong></span> <span class='ocrx_word' id='word_1_353' title='bbox 449 4268 553 4317; x_wconf 80' lang='lat' dir='ltr'><strong>dBCuhe.</strong></span> <span class='ocrx_word' id='word_1_354' title='bbox 572 4266 676 4313; x_wconf 78' lang='lat' dir='ltr'><strong>inurent.</strong></span> <span class='ocrx_word' id='word_1_355' title='bbox 739 4262 777 4310; x_wconf 87' lang='grc'><strong>16.</strong></span> <span class='ocrx_word' id='word_1_356' title='bbox 802 4262 904 4310; x_wconf 90' lang='lat' dir='ltr'><strong>dicimus</strong></span> <span class='ocrx_word' id='word_1_357' title='bbox 928 4258 1056 4307; x_wconf 89' lang='lat' dir='ltr'><strong>ineundam</strong></span> <span class='ocrx_word' id='word_1_358' title='bbox 1082 4255 1154 4304; x_wconf 88' lang='lat' dir='ltr'><strong>modo</strong></span> <span class='ocrx_word' id='word_1_359' title='bbox 1171 4257 1197 4304; x_wconf 82' lang='lat' dir='ltr'><strong>t.</strong></span> <span class='ocrx_word' id='word_1_360' title='bbox 1240 4253 1343 4303; x_wconf 81' lang='lat' dir='ltr'><strong>dicimus</strong></span> <span class='ocrx_word' id='word_1_361' title='bbox 1369 4267 1393 4302; x_wconf 88' lang='lat' dir='ltr'><strong>tu</strong></span> 
     </span>
     <span class='ocr_line' id='line_1_40' title="bbox 217 4320 1395 4397; baseline -0.014 -12"><span class='ocrx_word' id='word_1_362' title='bbox 217 4338 322 4385; x_wconf 86' lang='lat' dir='ltr'><strong>eundem</strong></span> <span class='ocrx_word' id='word_1_363' title='bbox 342 4351 365 4386; x_wconf 84' lang='lat' dir='ltr'><strong>o.</strong></span> <span class='ocrx_word' id='word_1_364' title='bbox 401 4333 664 4383; x_wconf 83' lang='lat' dir='ltr'><strong>dicimusineandem</strong></span> <span class='ocrx_word' id='word_1_365' title='bbox 684 4330 708 4378; x_wconf 83' lang='lat' dir='ltr'><strong>r.</strong></span> <span class='ocrx_word' id='word_1_366' title='bbox 763 4329 802 4377; x_wconf 85' lang='lat' dir='ltr'><strong>i&#39;i.</strong></span> <span class='ocrx_word' id='word_1_367' title='bbox 823 4326 1120 4377; x_wconf 65' lang='lat' dir='ltr'><strong>resonatresonat.</strong></span> <span class='ocrx_word' id='word_1_368' title='bbox 1175 4320 1395 4397; x_wconf 65' lang='lat' dir='ltr'><strong>18.iuom.i3ou·</strong></span> 
     </span>
     <span class='ocr_line' id='line_1_41' title="bbox 215 4387 1394 4464; baseline -0.016 -11"><span class='ocrx_word' id='word_1_369' title='bbox 215 4410 277 4453; x_wconf 84' lang='lat' dir='ltr'><strong>mt.</strong></span> <span class='ocrx_word' id='word_1_370' title='bbox 322 4403 363 4452; x_wconf 77' lang='lat' dir='ltr'><strong>tu.</strong></span> <span class='ocrx_word' id='word_1_371' title='bbox 381 4402 417 4449; x_wconf 82' lang='lat' dir='ltr'><strong>rei</strong></span> <span class='ocrx_word' id='word_1_372' title='bbox 437 4400 573 4464; x_wconf 82' lang='lat' dir='ltr'><strong>ipsiustd.</strong></span> <span class='ocrx_word' id='word_1_373' title='bbox 626 4396 829 4460; x_wconf 65' lang='lat' dir='ltr'><strong>temptemus</strong></span> <span class='ocrx_word' id='word_1_374' title='bbox 849 4411 875 4444; x_wconf 89' lang='lat' dir='ltr'><strong>ea</strong></span> <span class='ocrx_word' id='word_1_375' title='bbox 895 4391 1154 4459; x_wconf 75' lang='lat' dir='ltr'><strong>quaestionibutump.</strong></span> <span class='ocrx_word' id='word_1_376' title='bbox 1195 4387 1237 4438; x_wconf 84' lang='lat'><strong>21.</strong></span> <span class='ocrx_word' id='word_1_377' title='bbox 1255 4387 1394 4464; x_wconf 82' lang='lat' dir='ltr'><strong>deprehan-</strong></span> 
     </span>
     <span class='ocr_line' id='line_1_42' title="bbox 217 4454 1393 4529; baseline -0.015 -9"><span class='ocrx_word' id='word_1_378' title='bbox 217 4472 285 4520; x_wconf 87' lang='lat' dir='ltr'><strong>tibos</strong></span> <span class='ocrx_word' id='word_1_379' title='bbox 308 4483 406 4520; x_wconf 78' lang='lat' dir='ltr'><strong>curnem</strong></span> <span class='ocrx_word' id='word_1_380' title='bbox 430 4471 497 4517; x_wconf 85' lang='lat' dir='ltr'><strong>obed.</strong></span> <span class='ocrx_word' id='word_1_381' title='bbox 542 4465 718 4529; x_wconf 87' lang='lat' dir='ltr'><strong>depreciatibus</strong></span> <span class='ocrx_word' id='word_1_382' title='bbox 743 4465 822 4513; x_wconf 84' lang='lat' dir='ltr'><strong>carnis</strong></span> <span class='ocrx_word' id='word_1_383' title='bbox 845 4465 905 4513; x_wconf 69' lang='grc' dir='ltr'><strong>ΔΒΕ.</strong></span> <span class='ocrx_word' id='word_1_384' title='bbox 930 4461 1037 4511; x_wconf 80' lang='lat' dir='ltr'><strong>hoerest.</strong></span> <span class='ocrx_word' id='word_1_385' title='bbox 1098 4455 1140 4506; x_wconf 78' lang='lat'><strong>22.</strong></span> <span class='ocrx_word' id='word_1_386' title='bbox 1163 4454 1193 4505; x_wconf 79' lang='lat' dir='ltr'><strong>ud</strong></span> <span class='ocrx_word' id='word_1_387' title='bbox 1219 4454 1318 4505; x_wconf 73' lang='lat' dir='ltr'><strong>atterius</strong></span> <span class='ocrx_word' id='word_1_388' title='bbox 1343 4454 1393 4502; x_wconf 79' lang='lat' dir='ltr'><strong>obe.</strong></span> 
     </span>
    </p>
   </div>
   <div class='ocr_carea' id='block_1_4' title="bbox 216 4537 557 4600">
    <p class='ocr_par' dir='ltr' id='par_1_4' title="bbox 216 4537 557 4600">
     <span class='ocr_line' id='line_1_43' title="bbox 216 4537 557 4600; baseline -0.015 -13"><span class='ocrx_word' id='word_1_389' title='bbox 216 4539 320 4587; x_wconf 79' lang='lat' dir='ltr'><strong>atterius</strong></span> <span class='ocrx_word' id='word_1_390' title='bbox 339 4539 433 4600; x_wconf 69' lang='lat' dir='ltr'><strong>reticui.</strong></span> <span class='ocrx_word' id='word_1_391' title='bbox 451 4537 557 4583; x_wconf 82' lang='lat' dir='ltr'><strong>haerent.</strong></span> 
     </span>
    </p>
   </div>
   <div class='ocr_carea' id='block_1_5' title="bbox 216 4650 1449 4796">
    <p class='ocr_par' dir='ltr' id='par_1_5' title="bbox 216 4650 1449 4796">
     <span class='ocr_line' id='line_1_44' title="bbox 254 4650 1449 4732; baseline -0.02 -13"><span class='ocrx_word' id='word_1_392' title='bbox 254 4687 274 4719; x_wconf 79' lang='lat' dir='ltr'><strong>e.</strong></span> <span class='ocrx_word' id='word_1_393' title='bbox 294 4661 782 4732; x_wconf 79' lang='lat' dir='ltr'><strong>obducimuspraescribendolhcrerbo</strong></span> <span class='ocrx_word' id='word_1_394' title='bbox 869 4663 893 4711; x_wconf 89' lang='lat' dir='ltr'><strong>d.</strong></span> <span class='ocrx_word' id='word_1_395' title='bbox 911 4661 1010 4712; x_wconf 85' lang='lat' dir='ltr'><strong>scilicet</strong></span> <span class='ocrx_word' id='word_1_396' title='bbox 1035 4659 1065 4709; x_wconf 81' lang='lat' dir='ltr'><strong>iit</strong></span> <span class='ocrx_word' id='word_1_397' title='bbox 1082 4653 1141 4723; x_wconf 84' lang='lat' dir='ltr'><strong>boc]</strong></span> <span class='ocrx_word' id='word_1_398' title='bbox 1161 4650 1396 4730; x_wconf 67' lang='lat' dir='ltr'><strong>Friooiuedistin-</strong></span> <span class='ocrx_word' id='word_1_399' title='bbox 1446 4727 1449 4731; x_wconf 9' lang='grc' dir='ltr'><strong><em>ἢ</em></strong></span> 
     </span>
     <span class='ocr_line' id='line_1_45' title="bbox 216 4716 1445 4796; baseline -0.024 -6"><span class='ocrx_word' id='word_1_400' title='bbox 216 4740 334 4790; x_wconf 80' lang='lat' dir='ltr'><strong>obducere</strong></span> <span class='ocrx_word' id='word_1_401' title='bbox 353 4737 384 4784; x_wconf 84' lang='lat' dir='ltr'><strong>ct.</strong></span> <span class='ocrx_word' id='word_1_402' title='bbox 403 4736 493 4784; x_wconf 86' lang='lat' dir='ltr'><strong>adnott.</strong></span> <span class='ocrx_word' id='word_1_403' title='bbox 514 4735 542 4782; x_wconf 94' lang='lat' dir='ltr'><strong>ad</strong></span> <span class='ocrx_word' id='word_1_404' title='bbox 562 4734 661 4796; x_wconf 73' lang='lat' dir='ltr'><strong>Apotog.</strong></span> <span class='ocrx_word' id='word_1_405' title='bbox 682 4748 733 4795; x_wconf 77' lang='lat' dir='ltr'><strong>erp.</strong></span> <span class='ocrx_word' id='word_1_406' title='bbox 741 4731 783 4781; x_wconf 77' lang='grc'><strong>16.</strong></span> <span class='ocrx_word' id='word_1_407' title='bbox 836 4730 886 4791; x_wconf 65' lang='lat' dir='ltr'><strong>fluit</strong></span> <span class='ocrx_word' id='word_1_408' title='bbox 903 4737 927 4779; x_wconf 89' lang='lat' dir='ltr'><strong>et</strong></span> <span class='ocrx_word' id='word_1_409' title='bbox 943 4727 1028 4777; x_wconf 82' lang='lat' dir='ltr'><strong>scribit</strong></span> <span class='ocrx_word' id='word_1_410' title='bbox 1045 4716 1230 4788; x_wconf 74' lang='lat' dir='ltr'><strong>„Congruenter</strong></span> <span class='ocrx_word' id='word_1_411' title='bbox 1243 4718 1337 4770; x_wconf 78' lang='lat' dir='ltr'><strong>retituet</strong></span> <span class='ocrx_word' id='word_1_412' title='bbox 1349 4716 1398 4765; x_wconf 77' lang='lat' dir='ltr'><strong>bos</strong></span> <span class='ocrx_word' id='word_1_413' title='bbox 1441 4757 1445 4761; x_wconf 91' lang='lat'><strong>.</strong></span> 
     </span>
    </p>
   </div>
   <div class='ocr_carea' id='block_1_6' title="bbox 216 4796 1078 4869">
    <p class='ocr_par' dir='ltr' id='par_1_6' title="bbox 216 4796 1078 4869">
     <span class='ocr_line' id='line_1_46' title="bbox 216 4796 1078 4869; baseline -0.013 -15"><span class='ocrx_word' id='word_1_414' title='bbox 216 4814 245 4854; x_wconf 85' lang='lat' dir='ltr'><strong>et</strong></span> <span class='ocrx_word' id='word_1_415' title='bbox 256 4806 287 4855; x_wconf 83' lang='lat' dir='ltr'><strong>ds</strong></span> <span class='ocrx_word' id='word_1_416' title='bbox 294 4805 453 4869; x_wconf 81' lang='lat' dir='ltr'><strong>praescribere</strong></span> <span class='ocrx_word' id='word_1_417' title='bbox 468 4804 523 4852; x_wconf 84' lang='lat' dir='ltr'><strong>ado.</strong></span> <span class='ocrx_word' id='word_1_418' title='bbox 537 4802 565 4850; x_wconf 85' lang='lat' dir='ltr'><strong>ad</strong></span> <span class='ocrx_word' id='word_1_419' title='bbox 575 4802 676 4864; x_wconf 74' lang='lat' dir='ltr'><strong>hpoiog.</strong></span> <span class='ocrx_word' id='word_1_420' title='bbox 695 4815 747 4864; x_wconf 88' lang='lat' dir='ltr'><strong>cap.</strong></span> <span class='ocrx_word' id='word_1_421' title='bbox 759 4799 784 4849; x_wconf 79' lang='lat' dir='ltr'><strong>i.</strong></span> <span class='ocrx_word' id='word_1_422' title='bbox 836 4801 913 4848; x_wconf 85' lang='lat' dir='ltr'><strong>terme</strong></span> <span class='ocrx_word' id='word_1_423' title='bbox 932 4796 1004 4845; x_wconf 91' lang='lat' dir='ltr'><strong>modo</strong></span> <span class='ocrx_word' id='word_1_424' title='bbox 1023 4808 1078 4859; x_wconf 76' lang='lat' dir='ltr'><strong>sqq.</strong></span> 
     </span>
    </p>
   </div>
   <div class='ocr_carea' id='block_1_7' title="bbox 0 0 1626 5775">
    <p class='ocr_par' dir='ltr' id='par_1_7' title="bbox 0 0 1626 5775">
     <span class='ocr_line' id='line_1_47' title="bbox 0 0 1626 5775; baseline 0 3"><span class='ocrx_word' id='word_1_425' title='bbox 0 0 1626 5775; x_wconf 95' lang='lat' dir='ltr'><strong> </strong></span> 
     </span>
    </p>
   </div>
  </div>
 </body>
</html>
