3242 5775
466 657 470 662 -
554 635 702 681 merosus
723 635 1027 684 necromantem
1317 621 1381 698 237

203 785 353 850 ullane
376 803 438 848 nos
460 784 631 850 divitiarum
653 786 777 867 gloriam
799 786 932 851 damnari
956 790 1044 853 adeo
1066 801 1190 868 nostro,
1214 795 1300 876 ipsos
1323 799 1378 880 dy-

204 897 290 950 natae
312 887 494 950 detrahente
516 888 554 950 dc
582 888 676 961 solio,
710 897 741 951 et
768 907 916 970 pauperes
945 891 1087 955 allevante
1115 894 1152 956 de
1181 898 1378 977 sterquilinio.
1390 898 1521 996 ,iffiffih

206 989 238 1052 lb
261 1009 296 1051 eo
327 1007 405 1068 ergo
436 989 494 1052 erit
516 999 546 1051 et
574 989 714 1069 parabola
742 990 842 1052 divitis
873 991 1050 1054 blandientis
1080 994 1136 1056 sibi
1165 996 1202 1058 de
1230 1008 1376 1076 proventu
1496 984 1503 1005 '

206 1107 329 1172 mm
355 1109 501 1164 suorum,
524 1090 571 1153 eoi
595 1091 669 1153 deus
692 1091 775 1163 dicit,
810 1091 922 1158 Stulte.
950 1094 1006 1155 bac
1027 1105 1113 1156 nocte
1141 1097 1268 1160 animam
1297 1108 1376 1162 tuam
1391 1100 1498 1196 ξιξ-Ἦ,

205 1201 370 1274 ηωωιιῑς
392 1209 469 1271 quae
491 1201 589 1254 autem
609 1193 738 1274 parasti,
761 1192 873 1254 ”ouius
895 1193 1004 1256 erunt?
1040 1196 1090 1257 Sic
1112 1197 1240 1277 denique
1261 1218 1314 1260 rex
1336 1202 1523 1282 demum,

202 1295 269 1376 μὴ
302 1302 335 1354 et
371 1292 527 1372 apothecis
559 1293 726 1356 delitiarum
755 1313 876 1356 suarum
907 1295 983 1375 apud
1012 1295 1120 1359 Persas
1148 1299 1291 1377 gloriatus
1318 1319 1374 1380 per

201 1391 305 1458 in’nm
327 1394 410 1455 male
431 1393 553 1456 audivit.

199 1569 201 1579 Ι
273 1496 353 1569 Quis
377 1495 472 1556 nollet
494 1515 593 1558 carram
616 1514 673 1556 nos
695 1513 783 1574 agere
811 1496 927 1557 animae
956 1497 993 1557 de
1021 1496 1097 1559 victu
1127 1505 1157 1559 et
1186 1501 1305 1579 corpori
1334 1502 1370 1563 de
1389 1525 1522 1583 creme

199 1597 296 1660 rutilo
323 1597 387 1658 nisi
417 1596 468 1675 qui
496 1596 553 1659 ista
581 1595 693 1658 bomini
726 1605 795 1657 ante
828 1597 982 1676 prospexit
1015 1608 1045 1659 et
1076 1598 1182 1660 exinde
1215 1611 1372 1680 praestans
1388 1587 1492 1685 Llfflf·

176 1691 296 1760 luein
319 1716 424 1759 mram
447 1716 551 1759 corum
573 1707 712 1777 tanquam
734 1696 878 1758 aemulam
906 1697 1089 1760 liberalitatis
1112 1718 1185 1761 suae
1205 1701 1369 1780 prohibet?
1441 1736 1456 1758 .

200 1799 243 1880 μ’
261 1808 292 1861 et
313 1798 514 1860 substantiam
537 1797 632 1877 ipsius
655 1797 769 1859 animae
795 1799 1028 1860 accommodavit
1052 1801 1203 1879 potiorem
1225 1820 1310 1875 esca,
1340 1811 1370 1864 ot

176 1901 341 1964 *uetiam
364 1899 460 1980 ipsius
482 1899 618 1978 eorporis
648 1898 783 1977 figuravit
810 1899 958 1977 potiorem
979 1900 1093 1970 tunica.
1124 1901 1208 1962 cuius
1237 1903 1368 1964 eeeorvi

203 2015 254 2064 u
272 2010 378 2063 emunt
400 2019 457 2061 neo
477 2008 591 2061 metunt
611 2018 667 2062 neo
688 2000 718 2061 in
740 2000 899 2079 apothecas
921 2001 1068 2074 condunt,
1092 2010 1121 2062 et
1136 2010 1235 2063 tamen
1250 2002 1368 2064 aluntur

205 2099 236 2162 ὓ
251 2100 331 2181 ipso,
360 2101 447 2163 cuius
475 2109 505 2161 et
524 2101 583 2162 lilia
612 2110 641 2162 et
663 2102 781 2162 loenum
809 2119 871 2161 non
893 2109 997 2163 texunt
1017 2121 1073 2163 nec
1094 2110 1181 2174 nent,
1218 2111 1247 2163 et
1268 2112 1366 2164 tamen

208 2201 356 2270 ”buntur
376 2202 415 2263 ab
437 2200 523 2282 ipso,
545 2202 629 2264 orius
645 2210 675 2263 et
689 2201 829 2262 Salomon
844 2202 1096 2281 gloriosissimus,
1119 2222 1175 2265 nec
1191 2203 1251 2264 ullo
1267 2212 1365 2266 tamen

211 2297 314 2364 berlo
335 2302 454 2364 cultior.
499 2302 635 2364 Ceterum
658 2302 731 2364 nihil
753 2309 811 2362 tam
834 2302 990 2383 abruptum
1013 2324 1101 2384 quam
1124 2312 1157 2365 ut
1178 2304 1252 2365 alins
1274 2323 1362 2383 prae·

214 2409 271 2474 tt.
300 2403 374 2465 alius
398 2404 435 2465 de
457 2402 655 2483 praestantia·
678 2402 741 2464 eius
766 2403 886 2466 'secure
914 2424 1001 2485 agerc
1023 2406 1159 2478 mandet,
1194 2404 1366 2484 etquidem

216 2497 348 2584 hegator
368 2504 477 2583 ipsius.
515 2503 647 2583 lienique
669 2504 695 2565 si
717 2504 799 2582 quasi
815 2505 974 2584 derogator
995 2506 1137 2567 creatoris
1160 2524 1221 2566 non
1243 2506 1306 2566 vult
1327 2506 1364 2566 de

218 2599 336 2688 herodi
357 2605 472 2666 lrivolis
501 2604 622 2683 cogitari
655 2604 692 2665 de
720 2604 828 2684 quibus
856 2624 912 2666 neo
939 2607 1019 2667 corvi
1048 2625 1103 2667 neo
1129 2605 1187 2666 lilia
1216 2606 1363 2675 laborent.

220 2701 275 2766 ἡ
292 2706 401 2768 scilicet
422 2724 480 2785 pro
503 2723 555 2765 sua
578 2704 688 2766 vilitate
706 2705 864 2776 subiectis,
888 2706 975 2784 paulo
997 2713 1068 2785 post
1081 2706 1206 2786 parebit
1239 2708 1361 2769 Interim

222 2805 331 2868 'illos
351 2807 488 2868 modicae
511 2805 578 2866 hdei
600 2805 730 2878 incusat,
764 2805 793 2865 id
823 2813 867 2865 est
894 2806 977 2867 cuius
1000 2806 1092 2868 tidcil
1134 2807 1246 2870 Eiusne
1274 2826 1361 2888 quam

224 2906 322 2969 ledum
341 2916 482 2989 poterant
504 2909 662 2987 perlectam
684 2907 823 2968 exhibere
844 2908 917 2979 deo,
950 2916 1060 2970 tantum
1091 2910 1170 2989 quod
1193 2910 1361 2972 'revelatol

225 3020 269 3068 ι
285 3010 402 3072 maxime
425 3011 574 3072 discentes
590 3027 673 3080 eurn,
695 3026 731 3068 an
748 3026 834 3087 quam
851 3007 908 3069 hoc
929 3008 996 3088 ipso
1012 3009 1097 3071 titulo
1112 3011 1259 3071 debebant
1275 3031 1360 3072 crea-

226 3106 276 3183 bi,
296 3111 334 3171 uti
354 3113 513 3173 (rederent
534 3110 607 3171 haec
632 3108 713 3170 illum
743 3109 822 3169 ultro
845 3111 946 3187 generi
969 3110 1098 3171 humano
1122 3111 1360 3185 subministrare,

227 3220 262 3269 nt
276 3210 306 3272 ie
325 3212 366 3273 eis
388 3209 577 3291 cogitarent?
620 3210 693 3270 Nam
715 3219 833 3271 etcum
856 3211 979 3283 subicit,
1010 3211 1089 3272 Haec
1117 3213 1196 3273 enim
1225 3213 1361 3273 nationes

228 3310 295 3371 ndi
313 3322 469 3392 quaerunt,
494 3331 553 3373 oon
575 3311 723 3373 credendo
746 3311 857 3372 scilicet
874 3312 904 3372 in
922 3312 1008 3372 deum
1025 3312 1210 3373 conditorem
1227 3314 1360 3373 omniurn

229 3408 475 3490 theutonem,
513 3412 589 3491 quoi
617 3432 705 3492 pares
733 3413 861 3495 gentium
892 3412 1025 3483 nolebat,
1059 3413 1089 3471 in
1119 3412 1245 3472 eundern
1275 3413 1362 3472 deum

176 3576 178 3583 ,
229 3509 323 3576 hbeat
343 3516 409 3576 lidei
433 3513 605 3594 increpabat
626 3513 656 3573 in
679 3531 765 3591 quern
787 3522 891 3591 gentes
906 3511 1090 3572 ‘incredulas
1106 3511 1248 3573 notabat·
1264 3513 1361 3572 Porro

230 3622 272 3671 Ι
283 3624 311 3696 et
328 3618 429 3689 adicit,
452 3615 516 3676 Scit
536 3623 632 3675 autern
651 3621 739 3693 -pater
761 3632 836 3691 opus
860 3633 929 3674 esse
944 3614 1018 3674 haec
1034 3612 1136 3686 vobis,
1160 3612 1243 3692 prius
1267 3625 1512 3693 quae-tuentum.

231 3720 270 3771 t·
285 3732 360 3793 qoem
381 3726 500 3797 patrem
521 3714 650 3793 intellegi
672 3713 742 3775 velit
763 3713 925 3776 Christus‘.l
968 3715 1000 3775 Si
1032 3715 1168 3794 ipsorum
1196 3722 1361 3775 creatorem

232 3854 415 3919 Ruilatieiee.

240 3992 243 3999 Ι
273 3933 407 3997 tanim.
457 3937 477 3985 l.
496 3950 597 3985 securos
616 3935 658 3983 rc,
711 3932 734 3981 2.
753 3933 857 3982 revelato
876 3950 925 3996 rgo.
962 3934 1038 3982 velato
1057 3934 1159 3983 licobcd.
1195 3935 1297 3983 revelata
1318 3936 1362 3984 lo·

233 3996 282 4048 fi
321 4002 342 4053 3,
359 4005 523 4068 praebitorem
542 4002 748 4064 alienaealbcd.
782 4003 937 4064 probatorem
957 4001 1015 4050 rica.
1068 4002 1091 4050 4.
1111 4001 1249 4049 incredulos
1267 4002 1309 4051 BC.

252 4094 372 4161 tellit.
416 4120 438 4154 e.
466 4100 625 4168 praestantia]
656 4102 681 4150 hl
711 4110 748 4151 est
799 4103 900 4151 maxime
920 4103 1052 4151 discebant.
1091 4101 1159 4159 Qriod
1179 4103 1207 4150 ad
1228 4101 1360 4162 ellipticom

234 4168 328 4233 Μ,
353 4174 481 4235 praebitio,
504 4172 626 4221 exhibitio.
644 4171 747 4229 (inlu-
799 4170 858 4217 illud
878 4178 965 4219 tuntum
983 4172 1053 4232 quod,
1083 4170 1128 4216 boc
1147 4168 1360 4232 usrrrpatTertnl-

233 4236 277 4291 ⁸l
301 4237 421 4302 tturpn
440 4242 496 4289 hdr.
515 4239 586 4286 blare.
607 4237 700 4296 tt,16.‚
726 4245 749 4285 et
798 4238 877 4285 lienus
896 4238 952 4284 olibi
972 4252 1076 4299 ortoque.
1106 4234 1291 4298 Supremam
1309 4235 1360 4290 „ld

261 4298 316 4353 itha.
332 4308 381 4356 adr.
400 4308 486 4370 Psyeb.
504 4321 556 4368 cap.
572 4304 609 4353 l'i.
799 4305 870 4353 deum
890 4313 968 4352 autent
989 4318 1073 4351 rroirrm
1099 4317 1169 4351 nemo
1188 4318 1244 4352 sero
1263 4303 1360 4365 pulsos·

249 4364 353 4423 lmen
372 4377 436 4438 quod
455 4370 574 4437 revelato]
599 4373 632 4420 lta
658 4373 748 4420 reseri·
798 4381 844 4430 eet,
869 4380 957 4421 tontum
981 4372 1042 4434 qieod
1061 4370 1249 4419 lrrcesoentem.“
1296 4369 1361 4416 loica

280 4451 317 4489 ten
338 4443 451 4498 dubitari,
476 4456 521 4504 pro
545 4441 637 4500 vulgata
661 4443 745 4499 veluto,
799 4440 894 4500 eap.3l
923 4453 988 4493 „non
1015 4439 1054 4500 qui
1080 4438 1199 4486 neminem
1220 4437 1310 4485 miserit
1330 4434 1359 4482 ad

228 4506 265 4559 ΙΙ
280 4508 328 4570 qaid
350 4511 396 4558 nbi
420 4509 493 4557 rellet
516 4508 597 4557 adbuc
613 4521 659 4555 oon
679 4507 747 4569 potui
800 4507 957 4562 monendum,
976 4521 1020 4553 nec
1034 4506 1072 4568 qui
1088 4505 1145 4554 nibil
1165 4506 1232 4567 prius
1246 4502 1320 4562 egerit
1331 4501 1360 4547 ad

225 4570 294 4634 'tri
332 4577 417 4627 Lauinii
444 4584 525 4627 entem
553 4576 746 4625 emendationem
799 4575 942 4628 iocandum,
969 4574 1010 4620 sed
1030 4574 1082 4635 inse
1101 4571 1253 4620 descenderit
1271 4567 1361 4621 sortito,

222 4636 288 4691 ffle
304 4658 350 4693 uon
369 4645 445 4705 magis
460 4644 584 4704 intellego.
609 4642 747 4701 Quomodo,
800 4649 888 4691 tontum
913 4642 974 4703 qood
992 4642 1154 4697 innotescens,
1180 4642 1226 4687 iarn
1251 4636 1361 4708 invitans·

218 4700 384 4772 &penem
409 4713 523 4761 exhibere
547 4712 617 4759 tidem
638 4717 750 4773 poterent
800 4716 888 4758 tontum
906 4709 968 4771 qood
986 4709 1094 4768 invitans,
1121 4708 1167 4755 iam
1187 4707 1210 4754 io
1230 4711 1361 4750 convivium

215 4764 244 4821 b
256 4779 291 4841 qai
307 4781 400 4829 nidum
420 4779 657 4835 eisaererelarernt‚
676 4791 748 4840 quem
801 4777 920 4839 cogens.‘⁸

211 4836 245 4903 fi
262 4848 363 4897 nudam
387 4848 563 4905 edomitum,
590 4846 665 4894 immo
694 4857 749 4894 cum
