3242 5775
522 585 672 632 surmus
694 586 870 636 mucuns
891 593 951 639 um.
966 596 999 641 u.
1313 594 1355 657 qq

191 735 227 798 vli
243 735 310 798 dens
331 736 363 798 in
387 735 523 800 semnda
546 737 716 801 animalium
739 738 851 818 figurae
880 743 1061 808 formatione
1090 751 1212 829 angelos
1234 756 1354 822 lecerat.

108 855 125 884 ⁵
186 837 303 919 lapidem
325 838 477 919 optimum
499 839 622 902 indutus
645 838 715 915 ’es,
746 841 893 918 sardium,
929 844 1122 926 ¹⁰topazium,
1152 856 1353 935 smaragdum,

106 945 125 980 ‘
185 940 386 1014 oebmmlnm
409 941 596 1021 sapphirum,
621 940 729 1020 iaspiu,
754 941 956 1023 ¹¹lyucurium,
983 948 1119 1023 achaten,
1141 954 1351 1035 amethystum,

106 1041 128 1080 ἓ
183 1041 396 1122 chrysolithum,
429 1040 592 1121 beryllum,
625 1040 848 1123 ”onychinum
877 1053 908 1106 et
929 1064 1002 1108 auro
1024 1049 1147 1128 replesti
1169 1052 1279 1118 horrea
1302 1066 1352 1120 tua

106 1149 120 1180 ²
179 1144 372 1206 utboeauros
397 1151 480 1205 tuos.
511 1142 556 1204 Ex
577 1161 635 1223 qna
657 1143 705 1204 die
728 1144 867 1206 conditus
883 1164 932 1218 es,
955 1167 1022 1209 cum
1036 1148 1181 1214 ¹'Cherub
1196 1153 1351 1235 imposuit

105 1238 119 1279 ²
175 1244 238 1306 trin
259 1253 370 1307 monte
393 1253 501 1306 sancto
524 1244 587 1317 dei,
616 1244 699 1305 luisti
726 1244 756 1305 in
786 1246 884 1307 medio
906 1247 1037 1326 lapidum
1060 1250 1233 1328 igneorum,
1265 1257 1349 1319 luisti

106 1365 109 1378 =
171 1342 399 1425 invituperabilis
423 1347 455 1406 in
478 1345 582 1407 diebus
605 1346 680 1419 tuis,
704 1363 738 1406 ex
762 1363 820 1424 qua
842 1346 889 1408 die
905 1349 1041 1410 conditus
1058 1370 1108 1423 es,
1131 1351 1348 1418 donecinven-

168 1455 206 1508 tue
224 1456 297 1508 sunt
318 1446 462 1508 laesurae
491 1454 576 1521 tuae3
608 1446 645 1507 de
673 1445 864 1508 multitudine
891 1450 1102 1527 negotiationis
1131 1460 1199 1514 tuae
1226 1472 1349 1533 promus

167 1557 223 1609 tuas
244 1546 398 1626 replesti,
422 1555 453 1607 et
475 1546 644 1626 deliquisti,
674 1555 704 1608 et
726 1555 842 1621 cetera,
873 1567 949 1627 quae
970 1550 1006 1611 ad
1029 1551 1268 1631 suggillationem
1290 1573 1347 1616 an-

162 1648 227 1726 geli,
250 1667 317 1709 non
340 1648 381 1709 ad
403 1647 483 1710 illius
505 1648 665 1727 principis,
693 1648 817 1727 proprie
838 1651 988 1728 pertinere
1010 1652 1200 1714 manifestum
1223 1661 1286 1725 est,
1309 1672 1347 1715 eo

159 1749 235 1830 qnod
258 1767 356 1811 nemo
380 1749 536 1811 hominum
558 1748 591 1809 in'
616 1748 756 1827 paradiso
785 1748 834 1809 dei
863 1757 950 1811 natus
981 1750 1035 1823 sit,
1068 1768 1106 1811 ne
1135 1752 1201 1831 ipso
1229 1753 1348 1832 quidem

158 1850 259 1924 Adam,
287 1849 455 1911 translatus
478 1849 578 1929 potius
600 1848 678 1922 illuc,
700 1867 759 1910 nec
779 1867 846 1910 cum
859 1849 1003 1912 ¹⁴Cberub
1025 1851 1183 1929 impositus
1198 1852 1229 1913 in
1246 1860 1348 1924 moute

157 1960 263 2014 sendo
288 1951 357 2025 dei,
380 1951 411 2011 id
436 1958 484 2012 est
504 1950 535 2010 in
557 1948 737 2011 sublimitate
759 1950 896 2024 caelesti,
922 1950 960 2012 de
983 1970 1040 2030 qua
1063 1952 1224 2013 ¹⁵satanam
1248 1952 1347 2014 domi·

157 2071 214 2113 uus
236 2070 365 2132 quoqne
387 2051 537 2113 decidisse
558 2057 698 2123 testatur,
726 2068 783 2112 nec
803 2050 882 2112 iuter
902 2051 1016 2130 lapides
1039 2051 1144 2131 igneos
1166 2051 1347 2128 demoratus,

155 2153 234 2214 inter
256 2160 450 2231 gemmantes
473 2151 605 2212 siderum
626 2150 794 2212 ardentium
816 2151 927 2225 radios,
950 2152 1030 2213 unde
1045 2152 1134 2214 etiam
1149 2153 1233 2232 quasi
1248 2153 1483 2231 iulguruueurs.

158 2254 297 2316 deiectus
319 2263 370 2315 est
391 2259 520 2314 satanas.
562 2251 620 2313 Sed
642 2251 708 2330 ipse
730 2260 835 2313 auctor
856 2251 955 2314 delicti
975 2252 1007 2313 in
1029 2270 1161 2332 persona
1181 2253 1348 2332 peccatoris

159 2355 214 2416 viri
235 2352 459 2426 denotabatur,
481 2360 564 2419 retro
585 2351 704 2431 quidem
719 2352 955 2433 invituperabilis
971 2371 987 2414 a
1003 2353 1051 2414 die
1067 2352 1249 2414 conditionis
1266 2370 1348 2428 suae,

163 2455 257 2517 adeo
281 2455 314 2516 in
343 2453 458 2515 bonum
486 2453 640 2526 conditus,
678 2462 711 2515 ut
737 2472 754 2515 a
782 2453 865 2516 bono
894 2453 1050 2515 conditore
1079 2452 1348 2533 invituperabilium

166 2556 391 2629 conditionum,
414 2561 444 2615 et
465 2553 598 2615 eucadtus
621 2553 817 2633 omnigloria
840 2554 985 2634 angelica,
1009 2562 1039 2616 et
1059 2554 1138 2634 apud
1160 2554 1249 2616 deum
1272 2571 1347 2616 cou-

166 2658 305 2729 stitutus,
337 2673 397 2734 qua
418 2653 517 2716 bouus
539 2655 616 2732 apud
637 2653 768 2729 bouum,
796 2664 903 2734 postea
924 2673 995 2716 vero
1018 2673 1034 2716 a
1057 2656 1223 2735 semetipso
1246 2662 1348 2718 bans·

168 2757 242 2818 latus
265 2758 298 2818 in
320 2755 442 2817 malum.
479 2753 523 2816 Ex
545 2773 604 2833 quo
627 2755 723 2828 enim,
745 2755 856 2833 inquit,
879 2763 1080 2834 apparuerunt
1100 2754 1236 2818 laesurae
1250 2760 1346 2828 tuac‘,
1374 2759 1378 2768 '

170 2857 210 2919 uti
237 2876 290 2919 eas
318 2863 480 2937 reputans,
513 2854 622 2935 quibus
650 2855 761 2918 scilicet
788 2856 874 2918 laesit
901 2855 1052 2919 hominem
1086 2856 1238 2919 ¹⁶eiectum
1261 2874 1278 2916 a
1300 2855 1348 2917 dei

172 2958 331 3037 ebseqauo,
363 2968 450 3019 etex
473 2957 523 3018 illo
547 2957 670 3036 deliquit
690 2976 724 3017 ex
748 2974 806 3034 quo
835 2956 971 3019 delictum
994 2958 1165 3025 seminavit.
1198 2967 1286 3036 atquo
1307 2957 1348 3017 ita

176 3059 278 3121 uinde
300 3058 529 3137 negotiationis,
557 3057 657 3118 idest
684 3056 829 3128 malitiae,
857 3076 928 3118 suae
957 3058 1175 3120 multitudinem
1205 3057 1348 3129 exercuit,

177 3159 349 3221 delictorum
372 3158 513 3219 ”scilicet
534 3155 682 3230 ceusum‘,
712 3175 771 3217 nou
794 3156 894 3219 minus
917 3159 1033 3237 etipse
1054 3158 1141 3218 liberi
1163 3156 1276 3218 arbitrii
1299 3155 1349 3216 iu·

179 3260 310 3332 stitutus,
334 3266 368 3320 ut
390 3259 525 3338 spiritus.
570 3256 647 3318 Nihil
670 3258 750 3318 enirn
778 3258 851 3319 deus
876 3258 895 3289 ¹⁸
903 3259 1071 3337 proximum
1094 3257 1151 3318 sibi
1173 3276 1234 3317 nou
1256 3256 1349 3317 liber-

180 3370 232 3421 ute
247 3359 394 3421 eiusmodi
411 3359 589 3419 ordinasset.
620 3358 714 3430 Quem
736 3365 834 3418 tamen
858 3357 916 3419 ¹⁰et
937 3357 1178 3439 praedamnando
1193 3357 1351 3416 ²⁰testatus
1408 3340 1410 3344 ’

183 3472 224 3521 est
243 3461 278 3522 ab
300 3459 500 3521 institutionis
524 3461 619 3520 lorma
641 3458 761 3520 libidine
788 3458 910 3536 propria
939 3465 1100 3533 conceptae
1123 3455 1201 3513 ultro
1225 3451 1353 3514 malitiae

186 3644 364 3696 ὶεςιᾹΒίιῡ.
418 3645 456 3693 10.
476 3645 594 3708 topalinm
612 3646 656 3694 tu.
716 3643 951 3707 ll.lJncuriumd.
994 3641 1151 3704 Lpncurrium
1170 3639 1354 3689 Fulullrsiuur.

187 3712 410 3773 hanumABCubc.
447 3708 491 3760 12·
506 3712 650 3774 onychinum
669 3713 761 3762 rauce.
772 3712 875 3760 Vaticcui
887 3713 941 3759 duo.
978 3708 1104 3771 onychium
1125 3711 1158 3758 bc.
1198 3705 1236 3755 13.
1257 3705 1354 3755 Cherub

189 3782 340 3843 ipuniego.
359 3780 475 3828 cherubin
487 3780 644 3841 posuiABCa.
663 3779 785 3828 cherubim
796 3779 867 3842 posui
879 3780 901 3826 h.
938 3777 1027 3826 cherub
1040 3776 1109 3838 posui
1125 3778 1161 3825 cd.
1199 3774 1239 3823 14.
1258 3772 1354 3822 Cherub

190 3849 302 3911 mitur
320 3864 370 3910 ego.
408 3848 524 3895 cherubin
544 3847 732 3909 positnsdBCu.
774 3846 898 3894 cherubim
918 3846 1013 3906 positus
1033 3847 1053 3893 h.
1097 3842 1186 3892 cherub
1205 3840 1300 3904 positus
1318 3841 1354 3888 cd.

191 3914 446 3964 lantmeterus.
483 3924 585 3963 satanan
606 3914 628 3961 C.
681 3913 720 3962 16.
739 3913 840 3961 eiectum
862 3926 873 3958 a
893 3911 930 3959 dei
950 3912 1067 3973 obsequio
1087 3912 1119 3970 d.,
1139 3908 1356 3959 Petudiuccouius.

190 3982 278 4031 &usn
295 3998 308 4031 a
327 3984 366 4031 dei
386 3982 505 4043 obsequio
516 3982 584 4030 Guhc.
620 3980 722 4030 electum
740 3995 753 4028 a
772 3980 818 4028 deo
838 3979 956 4041 obsequio
974 3978 1017 4026 lu.
1053 3977 1156 4026 electum
1175 3977 1205 4025 ed
1224 3975 1263 4024 dei
1282 3975 1355 4023 obre-

191 4053 259 4111 qeivn
277 4052 390 4100 Latmius.
439 4048 478 4098 ll.
496 4050 592 4098 scilicet
611 4062 707 4098 censum
727 4063 777 4110 ego.
814 4047 907 4093 scilicet
925 4054 948 4094 ct
966 4059 1081 4094 censuum
1099 4046 1192 4109 reliqui.
1239 4041 1278 4091 18.
1297 4054 1356 4104 pro-

192 4130 257 4178 puin
274 4120 410 4181 proximum
429 4117 455 4165 ll.
511 4116 551 4165 19.
571 4130 619 4164 non
638 4115 663 4164 ll.
715 4114 757 4164 20.
777 4120 852 4162 testas
870 4119 906 4161 est
924 4113 967 4161 AB.

220 4250 368 4316 dunposui]
388 4252 422 4300 lta
442 4251 537 4299 correxi
555 4248 672 4310 vulgatam
691 4265 742 4301 cum
794 4248 915 4296 criminum
935 4246 970 4294 vel
989 4253 1084 4304 rectus,
1110 4243 1152 4292 scd
1171 4242 1217 4291 bac
1235 4240 1357 4301 signitica-

196 4318 291 4371 statis
314 4323 393 4385 posui.
434 4319 465 4367 lit
489 4333 542 4367 cum
562 4318 681 4366 Cherubim
698 4319 742 4365 iru-
794 4315 860 4362 tione
884 4314 908 4362 id
933 4313 1028 4375 quidem
1048 4311 1189 4360 vocabulum
1217 4309 1274 4370 quin
1294 4303 1357 4367 opud

193 4394 248 4447 seru
262 4388 346 4449 legitur
365 4389 437 4436 etiarn
459 4385 525 4448 opud
538 4384 639 4433 Ticbon.
658 4398 708 4445 reg.
718 4383 742 4432 l.
794 4381 872 4430 ullum
891 4380 926 4428 rel
946 4381 1066 4442 sequioris
1085 4379 1134 4427 aevi
1153 4377 1298 4437 scriptorem
1318 4384 1359 4447 rc-

194 4453 253 4515 pii.
270 4471 299 4517 g,
317 4463 379 4505 teste
399 4453 539 4503 Sebaterio.
795 4448 903 4512 periatur
920 4447 1073 4496 vehementer
1091 4445 1182 4493 dubito.
1207 4438 1300 4502 Scripsi
1313 4438 1360 4496 igr-

221 4521 356 4573 alaesnrae
374 4517 445 4588 tuae]
462 4509 631 4583 Ἀδικῆματα
643 4509 674 4565 ἓν
686 4528 740 4565 σοι.
796 4524 836 4564 tnr
862 4531 953 4565 censum
978 4521 1002 4563 et
1025 4512 1099 4562 deleri
1131 4507 1239 4558 voculam
1264 4512 1299 4564 et,
1334 4508 1361 4549 nt

193 4584 331 4654 lirrruprnus
348 4592 423 4641 babet
442 4588 606 4651 „iniquitates
625 4587 648 4634 in
667 4585 719 4634 to.“
797 4596 869 4647 quom
893 4583 1026 4631 accrevisse
1050 4585 1151 4643 apparet
1178 4591 1190 4624 a
1216 4580 1360 4649 praegresso

219 4658 232 4704 l.
248 4659 383 4710 delictorum
394 4658 497 4708 seilicet
508 4648 623 4718 censum]
641 4653 675 4702 lta
689 4666 745 4702 cor·
797 4649 915 4699 uocabulo
934 4650 1029 4699 scilicet.
1072 4645 1141 4704 Quod
1161 4645 1184 4692 iu
1204 4643 1289 4690 Prioru
1309 4633 1361 4682 cdr-

196 4725 296 4784 buren
315 4737 372 4779 erat
417 4727 445 4776 Si
468 4723 535 4773 enim
562 4737 670 4772 casuum
687 4720 746 4770 reti·
799 4719 865 4767 tione
892 4725 954 4766 extat
982 4729 1103 4774 amarum,
1133 4724 1203 4760 error
1230 4712 1266 4754 cst
1292 4708 1362 4762 typo·

197 4804 280 4855 trretrr,
296 4813 342 4846 non
356 4797 431 4845 aliter
443 4790 567 4855 explicari
581 4796 664 4852 posset
675 4802 747 4852 quam
800 4785 894 4848 graphi.

221 4878 360 4927 incrusurum
374 4894 432 4927 cn.
448 4891 489 4922 un.
502 4887 605 4921 ornias.
630 4875 693 4919 lom.
704 4873 731 4916 ll.
1194 4856 1209 4906 7
