3242 5775
315 621 378 685 522
571 635 673 686 Olillt'l’l
695 632 826 677 Sffllffll
845 632 1013 676 FLOREli'l'lss
1035 629 1231 676 mmmm

315 786 502 849 invenientur
524 800 612 845 carne
634 781 770 862 deposita
790 781 837 843 rel
859 800 894 842 ex
916 789 1001 862 parte
1023 780 1150 844 discissa
1173 781 1239 843 siro
1253 779 1362 843 detrita
1376 778 1464 855 (etboc

317 887 395 949 enim
424 885 541 945 nuditas
568 892 671 962 potest
700 883 787 959 dici),
818 882 926 944 debinc
956 881 1131 961 ”recipient
1162 900 1245 955 eam,
1279 891 1312 945 nt
1342 877 1465 943 redindut'

315 986 462 1049 ”carnem
484 985 549 1045 lieri
571 983 692 1064 possint
713 984 801 1044 etiam
824 982 1009 1061 superinduti
1024 982 1294 1057 immortalitatem
1315 978 1465 1061 superindui

316 1086 395 1149 enim
416 1085 475 1146 nisi
498 1085 605 1145 vestito
621 1084 685 1145 'iam
709 1084 869 1145 convenire
890 1102 952 1144 non
973 1082 1122 1162 ³“poterit

165 1206 298 1264 caprum.
402 1186 545 1247 ¹Proinde
574 1204 640 1247 cum
669 1185 754 1258 dicit,
788 1186 889 1263 ltaque
922 1183 1027 1245 conlisi
1050 1199 1170 1262 semper
1191 1190 1221 1244 et
1243 1182 1375 1244 scientes
1395 1180 1464 1262 quod

223 1268 303 1371 ὗξξῗξ
318 1306 384 1349 cum
406 1286 616 1347 ²immoramur
637 1286 667 1346 in
690 1304 833 1364 corpore,
856 1284 1099 1364 ³peregrinamur
1119 1302 1136 1344 a
1158 1283 1298 1357 domino,
1328 1302 1382 1364 per
1400 1283 1465 1343 iden

317 1388 395 1449 enim
418 1387 599 1458 incedimus,
623 1405 684 1446 non
705 1405 761 1466 per
781 1386 927 1465 speciem,
950 1385 1138 1446 manifestum
1161 1393 1208 1446 est
1224 1384 1286 1446 boc
1299 1399 1466 1464 quoquenon

315 1488 465 1568 pertinere
487 1487 523 1547 ad
546 1487 769 1548 offuscationem
792 1486 891 1548 carnis
920 1486 1003 1564 quasi
1032 1485 1200 1563 separantis
1227 1503 1285 1545 nos
1313 1503 1331 1545 a
1359 1482 1464 1546 domino.

317 1588 372 1648 ‘Et
393 1587 442 1647 bic
463 1588 541 1648 enim
565 1587 730 1648 exhortatio
753 1585 946 1647 fastidiendae
968 1585 1043 1646 vitae
1065 1586 1153 1648 huius
1183 1585 1365 1659 obvertitur,
1392 1582 1464 1661 siqu·

318 1689 385 1750 dem
407 1688 632 1768 peregrinamur
653 1706 670 1748 a
692 1687 814 1748 domino
836 1686 976 1764 quamdiu
998 1685 1138 1760 vivimus,
1161 1704 1216 1765 per
1236 1686 1328 1747 iidem
1350 1683 1463 1746 inceden·

242 1848 247 1856 ,
318 1796 380 1861 tes,
404 1807 464 1848 non
486 1807 540 1867 per
563 1788 771 1866 speciem,'id
799 1794 847 1848 est
874 1806 945 1866 spe,
979 1805 1040 1847 non
1061 1804 1105 1847 re.
1154 1786 1191 1847 ttt
1208 1786 1305 1849 -⁶ideo
1328 1782 1462 1861 subiungit

179 1888 475 1954 noor.v,s.⁰Fidentes
497 1896 595 1949 autem
618 1895 649 1948 et
668 1888 779 1948 bonum
801 1887 964 1949 ⁷ducentes
994 1886 1087 1965 magis
1115 1886 1299 1969 peregrinari
1327 1898 1463 1963 arerpttt

318 1997 349 2049 et
370 1988 521 2049 immorari
543 1988 579 2049 ad
602 1989 771 2060 dominum,
794 1988 907 2050 scilicet
929 1995 961 2048 ut
982 2006 1037 2066 per
1058 1987 1188 2065 speciem
1208 1988 1305 2065 magis
1320 1985 1462 2048 iocetamu

318 2108 406 2168 quam
427 2107 482 2168 per
504 2088 607 2161 fidem,
631 2095 685 2167 p'er
707 2108 769 2150 rem
791 2089 893 2168 potius
915 2106 1001 2165 quarn
1023 2105 1076 2166 per
1092 2106 1187 2167 spem.
1224 2088 1314 2149 Vides
1336 2104 1415 2167 mam
1430 2082 1463 2141 ‘et

317 2190 366 2250 bic
398 2207 557 2267 corporum
591 2197 791 2269 contemptum
820 2189 856 2250 ad
888 2188 1095 2267 martyriorum
1129 2189 1341 2265 praestantiam
1371 2187 1461 2248 retent

317 2290 411 2351 Nemo
434 2291 512 2351 enim
535 2290 739 2369 peregrinatus
762 2309 778 2350 a
800 2307 927 2367 corpore
950 2290 1049 2350 statim
1080 2289 1255 2350 immoratur
1277 2306 1369 2368 penes
1388 2280 1462 2348 doni·

316 2411 405 2464 num,
427 2390 488 2451 nisi
511 2410 547 2451 ex
569 2390 699 2469 martyrii
720 2391 951 2469 praerogativo,
973 2389 1129 2469 ”paradiso
1144 2389 1273 2462 scilicet,
1297 2408 1357 2450 non
1375 2382 1462 2451 intoir.

319 2491 530 2551 ¹⁰dirersurus.
563 2492 737 2551 Defecerant
758 2500 855 2552 autern
878 2490 1016 2569 apostolo
1038 2490 1128 2550 verba
1150 2489 1187 2552 ad
1208 2481 1464 2568 signilimndumdt

318 2609 444 2668 corpore
467 2589 647 2652 excessum?
683 2590 865 2651 duratione
888 2591 974 2651 etiam
996 2608 1074 2650 nove
1096 2589 1250 2669 loquitur?
1284 2585 1464 2670 Temporalem

319 2690 396 2751 enim
419 2688 582 2750 absentiam
604 2709 621 2752 a
643 2709 770 2769 corpore
791 2690 896 2751 volens
918 2690 1089 2769 significare
1105 2690 1288 2769 peregrinari
1303 2686 1464 2751 ¹¹nosabrt

286 2780 288 2784 ’
318 2790 405 2862 dixit,
430 2790 597 2867 ”quoniam
621 2790 670 2868 qui
693 2790 927 2869 ¹³peregrinatur
949 2790 1035 2851 etiam
1058 2799 1224 2851 revertetur
1245 2790 1277 2852 in
1298 2787 1464 2851 domicilium·

215 2877 297 2983 {⁶922ss
320 2892 432 2953 Exinde
455 2891 602 2952 etiamad
625 2910 745 2964 omnes,
770 2891 834 2950 ¹*lit
856 2891 923 2952 ideo
946 2891 1109 2969 gestimus,
1132 2891 1242 2970 inquit,
1273 2892 1336 2954 sive
1357 2883 1466 2971 peregri·

318 3001 440 3064 nantes,
473 2992 536 3052 sive
564 2991 935 3071 immorantes·placibiles
964 2992 1020 3052 deo
1048 3010 1131 3052 esse:
1166 3010 1271 3053 omnes
1293 2994 1372 3054 enim
1391 2984 1465 3052 manl-

317 3093 418 3154 lestari
440 3111 497 3152 nos
520 3101 639 3171 oportet
668 3093 750 3170 ¹⁵pro
781 3092 919 3153 tribunali
941 3091 1077 3152 ²⁶Clrristi
1099 3091 1178 3152 lesu.
1228 3092 1260 3152 Si
1284 3093 1422 3163 ¹⁷omnrr,
1445 3090 1467 3145 tl

318 3201 413 3253 totos:
444 3194 470 3253 si
499 3192 637 3266 ¹⁸totos,·
659 3201 689 3253 et
717 3193 877 3253 interiores
906 3201 936 3253 et
963 3193 1144 3265 exteriores,
1176 3193 1205 3253 id
1229 3202 1275 3254 est
1299 3202 1357 3255 tam
1378 3190 1467 3254 animat

317 3311 404 3371 quarn
428 3304 456 3355 et
478 3313 619 3372 corpora:
642 3293 689 3354 Uti
711 3294 932 3372 unusquisque,
956 3293 1067 3371 inquit,
1089 3302 1222 3372 reportet
1236 3293 1338 3374 ¹⁹quac
1352 3304 1467 3373 perecr-

317 3413 391 3474 pus,
416 3394 577 3457 secundum
601 3412 676 3472 quae
698 3395 804 3472 gessit,
835 3394 948 3454 bonum
972 3395 1033 3456 sive
1055 3393 1174 3455 malum.
1219 3392 1312 3456 ”Hoc
1333 3394 1467 3470 tamone·

317 3496 407 3557 modo
429 3496 509 3575 legas
533 3513 653 3574 quaero.
692 3494 785 3567 Quasi
807 3493 828 3525 ²¹
838 3493 954 3555 turbate
976 3495 1054 3554 eninr
1076 3513 1131 3573 per
1145 3494 1329 3573 hyperbaton
1344 3488 1468 3555 ”stroxit

316 3596 460 3657 Utrumne
483 3615 557 3675 quae
580 3613 765 3675 percorpus
788 3594 967 3674 reportanda
988 3593 1119 3666 ”eruum
1148 3613 1185 3655 an
1208 3614 1284 3674 quae
1305 3614 1360 3675 per
1380 3600 1467 3671 corpffl

317 3704 401 3773 gesta
417 3695 509 3758 sunt?
547 3697 605 3758 Sed
621 3695 689 3757 etsi
712 3714 787 3774 quae
809 3713 864 3774 per
886 3713 996 3774 corpus
1017 3696 1196 3773 reportanda
1219 3705 1304 3769 sunt,
1327 3686 1468 3776 corporalit

317 3843 358 3894 32.
377 3853 401 3893 et
418 3846 506 3894 debinc
524 3863 552 3906 c,
573 3863 624 3897 cum
642 3850 692 3897 cod.
712 3848 744 3896 lo.
766 3846 895 3895 Clementis.
947 3844 988 3895 33.
1007 3861 1079 3895 carne
1095 3846 1171 3896 Atto.
1225 3847 1266 3896 34.
1285 3854 1366 3910 potest
1382 3864 1403 3898 a.

385 3910 543 3974 Capituli.
589 3913 611 3961 l.
630 3915 732 3963 Perinde
750 3915 775 3962 li.
829 3912 851 3962 2.
872 3914 1092 3974 immoramnrcd.,
1113 3915 1209 3964 decod.
1229 3916 1402 3966 lodiematir.
1436 3910 1471 3961 ir

316 3991 441 4026 moremur
457 3980 551 4042 reliqui.
604 3978 627 4027 3.
647 3981 830 4043 peregrinamur
846 3981 901 4030 led.
921 3982 972 4030 cod.
986 3982 1018 4030 lo.
1033 3981 1166 4043 ttemeoru,
1197 3983 1382 4044 peregrinemur
1397 3972 1473 4045 rettrri

316 4044 340 4092 4.
360 4044 388 4092 Et
407 4045 445 4092 tric
463 4046 526 4093 enim
550 4072 583 4081 -
600 4073 633 4082 -
653 4073 684 4082 —
708 4047 892 4110 peregrinamur
911 4063 923 4095 a
943 4048 1041 4096 domino
1060 4049 1174 4098 oar-llic.
1216 4050 1312 4099 Addidit
1338 4065 1366 4099 eo
1389 4050 1416 4100 de
1436 4043 1476 4097 tit

316 4112 384 4161 libris
401 4114 499 4174 primum
518 4113 655 4176 Goagrreiur.
708 4115 731 4163 5.
751 4115 798 4163 iam
817 4115 842 4163 ll.
895 4113 919 4163 6.
938 4115 1050 4164 Fidentes
1073 4115 1180 4164 latret.
1198 4121 1244 4165 trer
1260 4116 1374 4178 Vaticani,
1399 4108 1478 4167 ridel·

316 4178 495 4229 lodirmentir.
530 4182 690 4231 ludentesb.
743 4181 767 4229 Ἰ.
787 4182 902 4230 ducentes
922 4182 1042 4244 Cmgobrd.
1078 4182 1265 4232 dicenterlllt'.
1312 4181 1337 4232 8.
1358 4182 1480 4234 bic'etit·

315 4245 338 4294 9.
357 4243 450 4294 seilicet
468 4247 580 4309 paradiso
601 4250 638 4297 Co.
693 4248 731 4297 10.
751 4249 986 4311 diversurustcmg.
1024 4249 1169 4298 deversurus
1186 4250 1290 4300 tentat.
1339 4250 1380 4300 ll.
1398 4244 1483 4300 nesab

315 4326 344 4363 ee
363 4312 519 4375 llidmpobcd.
560 4330 587 4364 se
605 4316 651 4364 deo
671 4316 694 4364 G.
749 4314 787 4363 12.
807 4315 929 4378 quomodo
947 4316 972 4365 li.
1016 4331 1063 4378 quo
1082 4319 1107 4366 Α.
1168 4315 1206 4365 ta.
1231 4318 1426 4380 peregrinabitur
1445 4314 1487 4367 ΔΙ-

316 4379 355 4428 ll.
375 4386 398 4426 et
416 4379 470 4428 ideo
488 4383 604 4443 gestimus
623 4384 674 4433 bed.
710 4382 832 4433 Geatimus
850 4383 942 4445 reliqui.
1004 4383 1043 4432 15.
1063 4382 1190 4446 placibiles
1208 4384 1244 4434 illi
1262 4398 1317 4433 ease
1345 4401 1375 4446 c.,
1394 4382 1488 4435 exord·

313 4447 345 4496 lo.
357 4445 484 4497 Clementis.
520 4449 616 4513 placere
634 4449 669 4497 illi
688 4454 710 4500 b.
759 4449 798 4499 15.
819 4457 874 4498 ante
891 4449 995 4499 tribunal
1014 4467 1044 4511 c„
1064 4451 1230 4500 eri’otieonir.
1276 4450 1315 4499 tt.
1335 4452 1490 4503 Cbriatilrn

313 4513 389 4562 acor.
407 4520 453 4562 tres
476 4516 585 4566 Vaticani.
627 4515 714 4566 Christi
734 4519 768 4567 bc.
811 4517 865 4567 leso
885 4518 972 4566 Christi
990 4519 1016 4567 t.
1079 4518 1118 4567 Π.
1137 4518 1217 4567 omnis
1242 4525 1266 4567 et
1288 4525 1356 4568 totns
1374 4523 1400 4571 t.
1452 4516 1490 4570 tt

314 4594 399 4629 omnes
416 4582 492 4632 tata.
548 4583 584 4633 lli.
605 4598 666 4646 quaa
685 4598 728 4647 per
746 4599 836 4646 eorpus
853 4584 914 4634 dlid.
949 4585 1078 4647 praeterita
1104 4587 1216 4648 corporis
1240 4586 1278 4635 ani
1301 4586 1493 4638 rodalca·-

312 4648 404 4697 meotis.
440 4663 591 4713 percorpus
609 4653 702 4715 reliqui.
754 4649 795 4700 20.
814 4659 838 4700 et
856 4653 902 4701 hoc
919 4652 962 4700 ta.
1022 4651 1062 4700 21.
1082 4655 1222 4715 perturbate
1239 4654 1264 4703 Δ.
1319 4652 1362 4704 22.
1380 4655 1495 4707 instruxit

312 4715 373 4766 tac.
428 4714 468 4765 23.
488 4724 545 4766 sunt
563 4718 615 4766 edd.
634 4719 729 4768 Seorlerr'
747 4727 768 4768 et
787 4720 905 4783 leopoldi.
941 4718 1024 4770 Nescio
1042 4722 1112 4769 uode.

348 4816 405 4878 Cap.
425 4818 505 4867 tttttt.
539 4833 560 4866 a.
581 4819 685 4882 martyrii
703 4815 881 4884 praerogatiua]
900 4820 938 4870 et.
957 4821 989 4869 lle
1008 4822 1091 4869 Anima
1111 4820 1216 4885 eap.5b.
