3242 5775
322 575 388 671 192Ι
571 621 671 673 oursrr
694 622 826 665 serrum
848 621 1014 664 rtonssrrs
1036 619 1232 664 asarumum

192 791 297 848 enarr.
402 771 571 834 Semndum
592 772 683 844 haec,
707 770 820 849 inquit,
842 770 989 832 iaciebant
1008 770 1166 850 prophetis
1186 779 1289 850 patres
1312 789 1428 833 eorum.

177 850 466 935 L¹¹⁰'w’23‘tbrristum
488 872 689 952 versipellem,
712 890 791 933 rrunc
811 872 1044 946 destructorem,
1066 889 1145 933 nunc
1158 881 1342 934 assertorem
1356 871 1449 952 propb

316 974 428 1037 tarum!
459 974 631 1036 destruebat
652 984 685 1035 ut
706 973 857 1046 aemulus,
890 982 1066 1034 convertens
1088 973 1253 1052 discipulos
1276 991 1399 1048 eorum,
1430 973 1449 1037 tl

316 1076 471 1139 asserebat
491 1085 524 1137 ut
538 1076 660 1146 amicus,
684 1074 844 1152 suggillans
860 1074 1054 1136 insectatores
1070 1093 1185 1136 eorum.
1216 1075 1324 1148 Porro,
1348 1075 1378 1135 in
1393 1093 1449 1155 qua

316 1179 478 1242 tum-'non
500 1176 689 1258 congruisset
712 1175 830 1237 Christo
852 1175 1009 1236 blarcionis
1031 1176 1160 1236 assertio
1187 1177 1417 1255 prophetarum,
1439 1193 1449 1238 t

316 1298 441 1360 quorum
465 1287 584 1339 venerat
605 1277 854 1349 destructionem,
876 1277 906 1337 in
930 1286 1042 1338 tantum
1057 1278 1193 1355 congruit
1210 1278 1332 1339 Christo
1347 1284 1449 1340 creatur

316 1381 482 1460 suggillatio
505 1379 535 1440 in
559 1379 753 1440 insectatores
775 1378 1003 1456 prophetarum,
1029 1397 1105 1457 quos
1127 1380 1157 1438 in
1180 1377 1321 1440 omnibus
1343 1375 1449 1458 adimpb

315 1484 381 1555 bat,
415 1483 459 1542 rel
481 1480 548 1561 quia
571 1480 665 1559 magis
686 1479 828 1540 creatoris
851 1489 896 1541 cst
918 1479 1023 1541 delicta
1049 1489 1165 1558 patmm
1193 1480 1263 1541 liliis
1290 1479 1449 1560 'exprobra

316 1603 403 1664 quam
426 1583 490 1644 eius
513 1582 562 1643 dei
590 1583 639 1660 qui
662 1599 718 1641 uec
739 1580 859 1659 propria
881 1580 1024 1658 cuiusque
1046 1581 1178 1660 castigat.
1210 1581 1270 1643 Sed
1292 1600 1353 1643 non
1375 1577 1449 1642 stati!

316 1685 432 1766 inquis,
465 1683 627 1764 prophetas
656 1682 808 1755 tuebatur,
842 1682 868 1742 si
896 1681 1081 1760 iniquitatem
1108 1682 1287 1744 ludaeorum
1316 1677 1449 1744 allirmffi

316 1787 447 1859 volebat,
482 1784 560 1864 quod
583 1802 638 1844 nec
659 1803 725 1845 cum
747 1781 904 1863 prophetis
933 1783 996 1844 suis
1025 1783 1074 1862 pie
1096 1783 1247 1861 egissent‘
1280 1784 1386 1863 Atquin
1405 1777 1449 1844 nd

317 1888 364 1950 hic
385 1886 525 1966 iniquitas
548 1884 751 1964 exprobranda
774 1893 838 1945 erat
852 1884 983 1958 ludaeis,
1006 1884 1158 1946 laudandis
1181 1885 1283 1964 potius
1305 1893 1335 1946 et
1355 1883 1449 1965 probet

316 1989 381 2064 dis,
405 1989 431 2050 si
454 2006 507 2050 eos
528 1986 814 2065 ²¹·suggillarerunt·
835 1985 871 2046 ad
893 2004 1020 2064 quorum
1042 1985 1273 2048 destructionem
1288 1996 1358 2067 post
1374 1991 1449 2046 tant!

316 2091 380 2152 aevi
402 2090 476 2151 deus
498 2088 627 2167 optimus
648 2096 748 2148 motus
771 2095 828 2148 cst.
870 2086 959 2160 -Sed,
992 2096 1081 2165 puto,
1115 2088 1171 2147 iam
1200 2096 1231 2148 et
1257 2106 1317 2148 non
1347 2085 1449 2165 optim

314 2191 372 2253 iam
394 2189 501 2269 aliquid
525 2198 555 2249 et
576 2207 642 2250 curn
664 2195 797 2248 creatore
819 2188 984 2258 moratusl,
1007 2188 1113 2249 necin
1137 2196 1231 2249 totum
1246 2187 1364 2267 Epicuri
1382 2188 1449 2249 dea!

316 2293 391 2355 Ecce
413 2291 491 2353 enim
515 2291 647 2351 demutat
674 2289 703 2349 in
724 2288 1010 2361 ³maledictionem³‚
1041 2300 1071 2350 et
1102 2289 1234 2350 ostendit
1262 2307 1331 2351 eum
1358 2307 1389 2349 se
1413 2289 1449 2348 ed

164 2412 297 2464 tuantur.
316 2394 366 2471 qui
389 2392 471 2453 novit
492 2391 602 2451 aliendi
625 2399 655 2450 et
676 2390 773 2452 irasci.
807 2390 865 2450 Vae
881 2389 959 2450 enim
976 2389 1054 2451 dicit.
1088 2390 1147 2451 Sed
1169 2390 1218 2451 ‘fn
1240 2390 1330 2451 nobis
1352 2372 1449 2469 maed

317 2493 354 2554 de
376 2492 457 2553 uerbi
481 2490 567 2552 istius
590 2492 743 2569 qualitate,
766 2490 850 2568 quasi
873 2508 934 2551 non
956 2499 1015 2552 tam
1037 2491 1251 2552 maledictionis
1268 2491 1309 2551 sit
1322 2481 1449 2580 quam*

316 2591 500 2653 monitionis.
521 2591 571 2676 ¹lit
592 2591 661 2669 quid
683 2610 790 2652 causae
811 2591 952 2663 interest,
975 2592 1093 2671 quairdo
1116 2601 1145 2652 et
1166 2592 1331 2654 admonitio
1354 2585 1449 2670 nou-'l

316 2693 382 2752 sine
404 2692 505 2752 aculeo
529 2690 783 2765 comminationis,
806 2693 933 2753 maxime
954 2705 1008 2771 per
1029 2692 1087 2753 llae
1109 2693 1238 2753 amarior
1260 2675 1449 2866 lacta‘lbffi

316 2791 440 2853 monitio
463 2800 559 2851 autem
582 2800 612 2852 et
633 2794 823 2853 comminatio
852 2793 916 2854 eius
944 2801 1032 2855 erunt
1058 2794 1106 2872 qui
1136 2794 1216 2854 norit
1243 2794 1343 2855 irasci.
1442 2867 1447 2876 Ι

316 2894 394 2955 enim
416 2893 587 2954 admonebit
608 2904 638 2953 et
659 2913 746 2955 nemo
776 2895 1018 2967 comminabitur,
1052 2914 1091 2956 ne
1119 2895 1189 2973 quid
1216 2896 1316 2969 iaciat,
1348 2879 1449 2975 nisiff

315 2995 421 3054 lactum
438 2992 604 3055 vindicabit.
637 2995 731 3056 Nemo
754 2996 923 3070 vindicarit,
946 2996 1005 3057 nisi
1027 2996 1076 3074 qui
1093 2996 1174 3056 norit
1187 2997 1287 3057 irasci.
1318 2996 1373 3057 stit
1386 3000 1449 3079 ιβ,

314 3103 400 3156 scunt
421 3095 539 3173 quidem
562 3096 683 3157 verbum
714 3097 947 3167 maledictionis,
980 3097 1033 3157 sed
1061 3096 1163 3157 volunt
1185 3096 1335 3159 Christum
1361 3084 1449 3179 sicu

312 3196 537 3275 pronuntiasse,
561 3215 620 3257 non
644 3198 728 3276 quasi
752 3217 786 3259 er
809 3196 954 3259 sententia
977 3215 1030 3258 sua
1052 3197 1190 3277 proprie,
1214 3196 1267 3259 sed
1289 3194 1408 3277 quodl'

314 3307 448 3359 creatore
471 3298 526 3369 sit,
560 3309 589 3359 et
610 3298 738 3359 voluerit
758 3299 816 3360 illis
839 3297 1029 3378 asperitatem
1056 3298 1198 3359 creatoris
1227 3316 1393 3378 opponere,

315 3418 399 3460 suam
422 3418 510 3478 supra
538 3399 568 3460 in
590 3398 846 3461 benedictionibus
874 3398 1095 3460 sullerentiam·
1115 3400 1346 3461 commendaret.
1421 3462 1436 3479 .,

314 3520 375 3561 non
397 3500 524 3561 creatori
547 3509 709 3581 competat,
736 3519 793 3580 qua
815 3506 973 3578 utrumque
994 3500 1171 3580 praestanti,
1206 3512 1236 3563 et
1262 3501 1375 3563 bonum

314 3608 345 3660 et
364 3600 508 3673 iudicem,
540 3610 588 3673 ut,
611 3602 679 3680 quia
700 3599 911 3680 ‘praemiserat
931 3601 962 3661 in
983 3600 1241 3664 benedictionibus
1262 3602 1380 3682 benigni

313 3699 462 3761 subiceret
482 3701 570 3761 etiam
583 3702 622 3762 'in
645 3701 901 3763 maledictionibus
921 3702 1124 3776 severitatem,
1147 3703 1368 3782 amplitudinem
1408 3698 1416 3715 ‘

312 3800 410 3879 plinae
433 3799 587 3879 utriusque
602 3802 808 3874 instruendae,
834 3810 892 3864 tam
906 3803 943 3863 ad
957 3802 1195 3864 benedictionem
1210 3804 1380 3865 sectandam
1425 3784 1432 3799 ’

381 3952 439 4023 Cap.
457 3952 502 4001 xl.
539 3953 561 4002 t.
580 3968 628 4003 nou
647 3956 745 4005 ambi).
791 3954 816 4005 2.
835 3963 858 4005 et
875 3956 980 4019 probare
998 3954 1023 4005 B.
1073 3954 1117 4005 tt.
1137 3956 1386 4021 suggillaveruntepc.

312 4028 423 4068 rorarunt
440 4020 494 4069 libri
512 4036 596 4070 omnes.
638 4020 660 4070 ³.
681 4023 873 4073 maledictionem
892 4025 937 4084 ed,
957 4025 1066 4074 moltero
1077 4025 1201 4074 Vaticano«
1228 4024 1398 4075 meledictione

312 4086 336 4135 t
354 4087 386 4136 sit
404 4087 427 4136 G.
480 4088 504 4137 5.
522 4089 548 4136 lit
565 4089 607 4137 td.
642 4089 673 4138 sit
689 4092 783 4156 reliqui.
836 4091 859 4141 6.
878 4092 1025 4154 promiseret
1043 4092 1067 4141 G.
1430 4086 1436 4095 ⁸

347 4221 405 4283 Cap.
424 4222 466 4270 llll.
502 4237 524 4271 a.
548 4219 746 4288 suggillaverunt]
770 4225 804 4274 lta
830 4238 870 4273 re·
955 4225 978 4272 d.
997 4225 1104 4274 demutat
1122 4227 1145 4275 in
1164 4222 1369 4289 maledictionem}

313 4289 467 4337 scribendum
492 4299 551 4337 erat.
593 4291 703 4353 lueptnm
722 4292 786 4340 enim
804 4292 870 4355 quod
920 4300 961 4352 tot,
982 4294 1081 4343 bocest
1100 4294 1205 4343 devertit.
1236 4294 1281 4342 l'ro
1299 4294 1385 4343 meled‘
1426 4346 1441 4357 Ὗ

311 4356 336 4405 in
354 4356 593 4406 reterisediticnibns
611 4359 869 4421 legitnrfipuroaerant.
920 4374 998 4424 prope
1024 4369 1075 4410 erat
1103 4371 1128 4409 nt
1153 4360 1315 4411 rescriberem
1422 4418 1425 4423 ,

345 4423 369 4472 b.
388 4423 477 4486 aliquid
496 4433 518 4472 et
537 4440 590 4473 cum
616 4433 725 4474 creatore
749 4422 869 4491 moratus]
919 4442 975 4477 rem.

310 4489 403 4554 tliqnld
423 4499 542 4540 moratum
568 4493 626 4541 dicit
643 4493 751 4542 moribus
768 4494 867 4559 quibus·
955 4510 976 4544 e.
995 4491 1170 4560 sufferentiam]
1198 4496 1250 4546 lior
1273 4506 1312 4547 eet
1332 4497 1383 4561 peti

310 4556 364 4608 darn
383 4558 517 4622 praeditum
535 4560 647 4621 qualibus
661 4570 764 4621 creator,
783 4576 870 4624 nempe
921 4563 961 4613 Sic
980 4564 1013 4612 lle
1032 4565 1146 4613 Oratione
1170 4564 1270 4628 septb
1302 4566 1384 4625 „eld

311 4628 383 4685 odio,
414 4625 592 4684 benevolentia,
620 4628 668 4685 ira,
695 4631 869 4689 misericordia,
920 4635 1053 4695 superatio
1077 4634 1198 4681 instratu·
1233 4632 1295 4683 lbid.
1313 4632 1420 4696 cap!¹

310 4696 408 4751 lustitia,
427 4693 561 4741 clementia.
579 4694 685 4754 illigarit)
920 4699 967 4748 boc
990 4700 1055 4748 dicto
1079 4700 1106 4748 ad
1132 4703 1287 4768 sufferentiam
1316 4714 1449 4769 nonme*

346 4778 365 4810 c
386 4762 480 4824 Epicuri
491 4756 571 4825 deus]
589 4766 703 4825 Stupens,
715 4764 787 4824 iners,
801 4754 869 4812 ἄλει·
920 4768 1134 4830 praemonemue.“
1446 4784 1449 4791 ·

311 4823 468 4894 Μόργητος.
486 4828 592 4891 illigarit.)
1432 4834 1449 4869 ὓ
