3242 5775
565 669 603 711 oa
625 668 873 712 nesonnrcrrona
896 668 1010 712 cannis.
1311 655 1374 721 539

197 835 297 878 amen
321 816 389 896 quia
414 817 505 896 ¹⁷ipsa
528 826 574 879 est
588 837 697 899 corpus
713 837 773 880 non
790 819 993 891 ¹'animatum,
1017 818 1070 880 sed
1087 817 1247 880 ²⁹animane
1265 820 1374 898 potius,

197 919 325 979 mimale
348 936 458 996 corpus
480 937 541 979 non
563 926 663 996 potest
685 920 759 992 dici,
783 938 839 980 nec
860 920 924 980 fieri
947 919 1026 999 quod
1049 919 1157 981 ”iacit
1190 919 1242 980 diii
1266 919 1374 983 ''enim

197 1020 336 1081 accidens
359 1018 429 1079 iacit
448 1018 520 1079 iliud
542 1018 712 1080 ”animalet
735 1038 795 1080 non
819 1020 956 1081 accidens
978 1027 1076 1080 autem
1100 1020 1147 1080 alii
1166 1021 1317 1099 quomodo
1340 1039 1374 1083 oe

197 1120 283 1181 aciet
305 1117 485 1180 ²³animaiei
528 1119 611 1180 Sicut
633 1138 704 1197 ergo
726 1120 824 1182 ²*anto
845 1121 970 1181 animale
1000 1139 1110 1199 corpus
1133 1139 1201 1181 caro
1225 1120 1373 1200 recipiens

197 1220 343 1290 mimam,
372 1219 411 1280 ita
435 1226 464 1279 et
484 1227 589 1297 postea
611 1220 741 1299 spiritale
769 1220 896 1281 induens
926 1220 1074 1298 spiritum.
1124 1221 1210 1283 Hunc
1238 1222 1374 1283 ordinem

197 1319 354 1400 apostolus
384 1319 549 1398 disponens
578 1321 620 1380 in·
635 1320 726 1381 Adam
755 1339 874 1399 quoque
901 1328 932 1380 et
959 1320 991 1381 in
1019 1320 1138 1382 Christo
1168 1341 1236 1384 etam
1265 1322 1372 1383 merito

197 1420 370 1499 intinguit,
404 1427 436 1480 ut
461 1419 491 1480 in
521 1420 664 1498 capitibus
692 1419 892 1482 distinctionis
924 1420 1029 1499 ipsius.
1074 1422 1111 1483 Et
1131 1442 1198 1484 oum
1222 1423 1372 1485 Christum
1388 1418 1498 1525 Qu·

198 1521 393 1583 novissimum
416 1521 506 1581 Adam
529 1521 671 1599 appellat,
694 1522 764 1581 hino
785 1520 881 1582 ”eum
896 1520 1107 1600 ²‘'recognosoo
1125 1524 1290 1598 adcarnis,
1312 1542 1374 1586 uon
1423 1500 1430 1523 ³
1476 1572 1480 1577 .

197 1623 232 1682 ed
262 1622 395 1692 animae,
430 1623 680 1682 resurrectionem
710 1622 849 1681 omnibus
879 1621 1031 1682 doctrinae
1061 1623 1174 1684 viribus
1207 1633 1372 1703 operatum.

197 1724 228 1783 3i
251 1723 331 1783 enim
354 1731 384 1781 et
404 1720 519 1799 primus
542 1722 633 1781 homo
656 1722 746 1782 Adam
762 1740 848 1793 caro,
873 1740 932 1782 non
954 1724 1067 1795 anima,
1090 1722 1169 1802 ²'qui
1191 1725 1319 1805 denique
1341 1724 1372 1785 in

197 1822 325 1882 unimam
347 1820 441 1881 rivam
463 1822 558 1882 iaetus
582 1828 644 1892 est,
669 1832 699 1882 et
720 1822 902 1891 novissimus
924 1823 1015 1883 Adam
1039 1822 1174 1884 Christus
1196 1824 1263 1886 ideo
1280 1824 1373 1886 Adam

197 1923 264 2001 {uia
287 1922 396 1992 homo,
419 1921 486 1981 ideo
509 1922 599 1981 homo
623 1922 691 2000 quia
713 1941 797 1994 caro,
821 1941 882 1983 non
905 1924 973 2001 quia
996 1924 1108 1996 anima3
1131 1933 1218 2003 atque
1239 1924 1279 1986 ita
1296 1925 1371 1987 sub·

197 2024 308 2102 ungit,
331 2022 397 2082 Non
420 2021 546 2099 primum
570 2022 649 2099 quod
671 2022 820 2100 spiritale,
844 2024 896 2084 sed
913 2024 991 2101 quod
1007 2024 1147 2097 animale,
1171 2032 1274 2103 postea
1290 2026 1369 2105 quod
1383 2036 1480 2082 mem

198 2122 345 2203 piritale,
368 2122 530 2182 secundum
554 2131 711 2200 utrumque
734 2122 835 2184 Adam.
868 2123 1029 2202 ²⁸Ecquid³
1052 2124 1103 2185 tibi
1126 2124 1242 2186 videtur
1263 2145 1371 2205 corpus

197 2224 322 2285 animale
345 2231 376 2283 et
397 2241 504 2300 corpus
527 2222 658 2301 spiritale
679 2223 709 2282 in
726 2223 827 2283 eadem
844 2242 930 2283 carne
946 2224 1139 2301 distinguere,
1163 2226 1247 2286 cuius
1263 2225 1371 2288 distin·

197 2307 326 2385 :tionem
349 2324 379 2384 in
403 2330 528 2401 utroque
543 2324 651 2393 Adam,
675 2324 703 2382 id
726 2332 774 2382 est
796 2324 827 2383 iu
843 2332 968 2401 utroque
984 2325 1119 2397 homine,
1143 2324 1372 2405 ”praestruxiti

197 2422 267 2484 ‘’Ex
289 2443 345 2505 qua
369 2423 447 2484 enim
470 2423 633 2482 substantia
657 2423 772 2501 pariant
795 2424 872 2482 inter
895 2442 927 2484 se
950 2424 1085 2486 Christus
1108 2433 1137 2486 et
1158 2424 1275 2487 Adam?
1304 2425 1370 2487 Soi-

198 2521 266 2585 icet
292 2525 356 2584 ³¹ex
386 2543 490 2595 carne;
522 2523 589 2583 iicet
617 2532 647 2582 et
675 2543 708 2582 cr
738 2522 861 2582 anima⁸.
918 2524 977 2584 Sed
1007 2526 1104 2586 carnis
1132 2528 1253 2588 nomine
1280 2526 1371 2588 homo

198 2634 320 2705 uterque
342 2633 428 2696 sunt3
450 2623 534 2701 prior
556 2624 634 2682 enim
658 2641 726 2682 caro
749 2624 850 2682 homo.
887 2623 929 2682 Er
953 2624 1000 2684 iila
1024 2633 1053 2684 et
1067 2624 1202 2687 ordinem
1218 2626 1373 2687 admittere
1431 2680 1436 2688 ,

198 2733 374 2796 lotuerunt,
404 2732 437 2783 ut
458 2724 532 2783 alter
553 2724 682 2801 primus,
714 2722 788 2782 alter
810 2722 993 2784 novissimus
1014 2725 1121 2797 homo,
1151 2726 1179 2786 id
1203 2733 1249 2788 est
1268 2726 1372 2800 Adam,

197 2818 420 2905 deputarentur.
465 2825 601 2884 Ceterum
624 2823 740 2882 divorsa
765 2823 794 2882 in
817 2821 980 2884 ³²ordinem
1009 2824 1127 2905 disponi
1149 2844 1210 2886 non
1231 2834 1371 2905 possunt,

198 2917 237 2986 le
258 2926 422 2987 substantia
446 2925 594 2985 duntaxat.
640 2924 681 2982 lie
703 2924 769 2983 loco
794 2925 873 2984 enim
897 2934 945 2985 aut
969 2933 1104 3004 tempore
1125 2936 1175 2987 aut
1196 2928 1372 2989 condicione

198 3019 322 3088 'orsitan
344 3026 475 3105 possint.
513 3026 567 3084 Hic
590 3033 687 3084 autem
710 3025 746 3083 do
770 3024 936 3085 substantia
960 3026 1056 3086 carnis
1079 3012 1193 3104 primda
1216 3036 1246 3088 et
1268 3029 1371 3090 novis·

197 3125 291 3189 §imus
314 3127 383 3187 dicti
407 3135 485 3196 sunt,
509 3126 586 3185 sicut
608 3134 637 3184 et
659 3144 762 3185 rursus
786 3126 899 3202 primus
922 3127 1013 3186 homo
1031 3127 1067 3187 de
1084 3137 1160 3186 terra
1177 3136 1207 3188 et
1221 3129 1370 3189 sccundus

197 3221 237 3288 de
258 3229 355 3300 caelo,
379 3227 444 3304 quia
469 3227 525 3286 etsi
548 3226 584 3285 de
607 3225 687 3285 caelo
711 3226 874 3285 secundum
894 3226 1046 3302 spiritum,
1071 3227 1123 3286 sed
1146 3226 1236 3295 homo
1261 3247 1370 3289 secun-

197 3320 267 3388 lum
290 3347 420 3389 carnem.
466 3327 565 3403 ltaque
588 3345 653 3385 cum
677 3326 757 3385 carni
781 3325 936 3384 conterunt
964 3326 1038 3385 ordo
1068 3326 1098 3385 in
1121 3335 1246 3402 utroque
1268 3326 1370 3400 Adam,

197 3439 260 3489 non
280 3431 413 3500 animae,
443 3436 476 3487 ut
496 3429 610 3506 primus
633 3426 750 3485 ³³homo
780 3425 810 3483 in
838 3426 963 3484 animam
994 3426 1103 3494 vivam,
1132 3425 1312 3485 novissimus
1341 3426 1372 3485 in

197 3529 332 3605 spiritum
361 3528 553 3589 vivificantem
583 3527 712 3587 distincti
745 3525 820 3596 sint,
855 3544 947 3603 aeque
976 3525 1126 3586 distinctio
1156 3544 1259 3585 eorum
1290 3525 1371 3586 carni

200 3622 417 3691 distinctionem
440 3628 666 3707 praeiudicavit3
690 3635 722 3686 ut
744 3626 780 3685 de
802 3644 890 3685 carne
912 3626 951 3686 sit
973 3626 1100 3697 dictum,
1122 3625 1189 3686 Nou
1210 3625 1231 3656 ³³
1239 3625 1367 3704 primum
1393 3644 1449 3688 rota.

204 3731 278 3803 quod
299 3731 447 3810 spiritale,
477 3729 530 3789 sed
553 3729 632 3806 quod
654 3726 795 3799 animale,
820 3735 925 3805 postca
948 3727 1026 3805 quod
1050 3726 1197 3805 spiritale,
1221 3736 1309 3805 atque
1330 3725 1370 3788 ita

216 3942 246 3996 Π.
262 3949 308 4012 ipsa
328 3967 372 4000 om.
389 3955 414 3999 Α.
467 3949 505 3998 18.
524 3949 653 3996 animatum
673 3948 743 4006 (B)d.,
764 3947 885 3995 Pumeiius.
922 3946 1024 3994 animata
1043 3946 1136 4008 reliqui,
1157 3953 1177 3994 et
1196 3950 1241 3993 tres
1261 3946 1371 3995 Vaticani.

220 4008 247 4062 li.
261 4021 366 4066 animans
386 4019 437 4066 ded.
473 4018 550 4064 anima
570 4017 663 4079 reliqui.
726 4013 766 4062 20.
787 4014 843 4061 iacit
861 4013 933 4062 auca.
953 4014 1046 4061 Pumciii
1064 4015 1162 4061 codices.
1204 4013 1370 4077 securunio.

220 4073 247 4129 ²1.
262 4086 320 4133 enim
338 4085 498 4145 ABCmqodcd.
534 4084 599 4131 aiunt
619 4083 641 4131 C.
695 4080 736 4128 22.
756 4080 859 4128 animale
878 4082 981 4141 omodcd.
1017 4087 1095 4127 autem
1113 4081 1206 4142 reliqui.
1259 4078 1299 4128 23.
1318 4080 1371 4127 ani·

221 4149 379 4201 niomium.
433 4151 472 4199 24.
492 4158 606 4198 anteum.
624 4149 682 4198 ABG.
719 4150 814 4197 Addidit
830 4149 928 4210 primum
948 4149 976 4195 de
994 4149 1043 4195 ruis
1061 4148 1128 4195 titiis
1147 4147 1286 4208 Gonpneiur.
1330 4144 1371 4194 25.

220 4217 303 4269 uiui,
339 4234 398 4279 ergo
417 4221 442 4267 B.
495 4217 535 4265 26.
555 4231 700 4277 recognosse
720 4233 741 4263 o.
790 4214 830 4262 27.
856 4214 937 4276 quidni
957 4228 1017 4276 quae
1037 4215 1060 4260 in
1080 4214 1182 4261 animam
1203 4215 1263 4261 iectu
1283 4220 1320 4261 est
1337 4216 1372 4264 dr.

218 4276 358 4350 nmquid
380 4286 418 4334 Co.
455 4286 559 4347 etquod
579 4286 622 4333 Ati.
681 4282 937 4344 repraesumere.
995 4279 1248 4342 andronarum.
1289 4279 1371 4343 Aeque

215 4354 389 4409 merorum.
408 4354 517 4402 flienoni.
555 4353 658 4413 Utroque
677 4353 710 4399 dc.
770 4348 810 4397 31.
831 4348 1090 4396 etcameetanima.
1115 4347 1162 4395 Sed
1181 4350 1216 4397 be.
1269 4345 1310 4396 32.
1329 4361 1371 4396 or·

214 4416 256 4469 dire
270 4422 311 4470 An.
364 4419 407 4470 33.
427 4421 499 4468 homo
517 4419 591 4467 Adam
611 4421 634 4467 in
653 4434 681 4477 c,
702 4419 730 4466 de
747 4433 793 4466 uuo
816 4417 982 4466 Vaticanorum.
1042 4412 1082 4462 34.
1102 4414 1125 4463 in
1144 4415 1248 4477 primum
1268 4429 1288 4464 ο.

234 4588 352 4638 didam.
385 4583 489 4651 Ecquid]
517 4586 648 4634 iniurius
672 4586 758 4633 distin·
846 4599 866 4633 e.
886 4582 941 4631 iicet
959 4588 1026 4630 etex
1044 4577 1144 4645 anima]
1163 4581 1291 4630 iniurius
1309 4581 1371 4629 rcri-

204 4656 258 4719 3rit:
284 4659 327 4717 „Si
348 4657 413 4704 enim
442 4663 464 4702 et
483 4655 574 4715 primus
594 4656 665 4701 homo
684 4652 758 4699 Adam
810 4652 845 4699 bit
863 4658 933 4712 atque
952 4650 1089 4709 distinguit:
1110 4648 1238 4708 „Christus
1251 4656 1275 4696 et
1287 4647 1371 4704 Adam,

201 4739 251 4775 raro
268 4751 300 4760 -·
319 4749 355 4758 —
374 4737 423 4770 non
443 4722 496 4783 quia
517 4723 605 4778 anima,
632 4729 702 4781 atque
728 4721 759 4766 ite
810 4717 903 4766 scilicet
921 4731 949 4765 er
968 4731 1038 4765 carne
1058 4724 1081 4764 et
1099 4713 1371 4772 exanimatsedcaroie

198 4793 323 4854 subiungit,
343 4790 399 4839 Non
418 4789 521 4850 primum
536 4813 570 4821 —
583 4813 615 4820 —
633 4796 759 4849 utrumque
812 4785 909 4833 nomine
929 4785 1000 4832 homo
1020 4791 1120 4846 uterque
1139 4790 1203 4841 sunt,
1221 4783 1288 4844 prior
1307 4779 1371 4827 enim

197 4859 281 4910 idam:
302 4857 394 4921 ecquid
413 4857 455 4904 tibi
474 4855 583 4904 videtur“
603 4862 657 4905 cett.
812 4867 867 4902 caro
887 4851 979 4912 homo),
997 4865 1024 4900 ea
1043 4851 1083 4900 ille
1102 4860 1126 4900 et
1143 4848 1271 4899 ordinem‘⁸
1289 4853 1345 4896 cett.
