3242 5775
305 581 367 643 350
559 595 661 647 ournrr
683 595 817 638 snrrruu
839 593 1005 637 rnonnnrrs
1027 593 1226 638 maroneum

304 746 417 807 Porro·
439 752 574 806 naturam
597 754 706 806 sertam
728 753 759 805 et
778 745 866 804 fixam
888 742 1148 823 baberioportot,
1170 750 1229 805 tam
1252 742 1284 804 in
1305 742 1384 803 maio
1406 762 1478 824 per-
1523 764 1525 797 ι

304 854 489 908 severantem
513 845 589 924 apud
612 846 764 907 materiam
786 863 873 923 quam
896 853 926 905 et
947 845 978 905 in
999 844 1080 906 bono
1102 843 1180 924 apud
1201 844 1290 905 deum
1316 841 1477 905 inconver-
1520 861 1525 880 ¹

303 946 414 1008 tibiiem
438 956 468 1007 et
489 946 737 1008 indemutabiiem.
782 946 901 1007 Scilicet
923 945 1022 1025 ¹quia,
1052 944 1299 1007 sidemntabitor
1320 954 1428 1007 natura
1448 946 1478 1007 in
1519 965 1525 1004 ι·

184 1117 187 1129 y
305 1048 427 1110 materia
450 1048 487 1108 de
510 1047 586 1107 maio
610 1048 639 1107 in
662 1047 790 1118 bonum,
814 1046 959 1107 demutari
979 1045 1091 1126 poterit
1112 1055 1141 1107 et
1163 1047 1193 1107 in
1209 1045 1266 1108 deo
1281 1046 1318 1107 de
1333 1046 1414 1107 bono
1430 1046 1479 1109 ¹in
1521 1067 1525 1108 ι

193 1150 283 1244 „¹,¹⁸,¹¹3;
304 1150 424 1212 malum.
468 1149 533 1209 Hoc
553 1148 618 1208 loeo
647 1146 742 1208 ’dicet
769 1146 892 1225 aliquis:
924 1146 1003 1226 Ergo
1031 1147 1069 1209 de
1095 1145 1243 1226 lapidibus
1271 1147 1323 1208 iiiii
1344 1148 1480 1210 Abrahae
1516 1167 1525 1207 ι

222 1233 257 1253 ”
305 1268 366 1311 non
388 1247 623 1321 suscitabuntur,
657 1256 688 1309 et
709 1248 857 1326 genimina
879 1248 1046 1327 viperarum
1069 1266 1130 1308 non
1152 1247 1259 1309 troiam
1279 1248 1481 1327 paenitentiae
1516 1271 1525 1326 a

156 1352 448 1424 spusenmdrnctum,
478 1359 506 1411 et
528 1349 579 1410 filii
603 1350 663 1410 irae
686 1367 748 1410 non
770 1350 843 1409 fient
864 1348 915 1409 filii
937 1348 1034 1427 pacis,
1062 1347 1090 1409 si
1118 1357 1222 1410 natura
1244 1349 1394 1411 mutabilis
1416 1369 1480 1412 non
1515 1373 1525 1404 ι

305 1450 385 1514 erit?
415 1451 542 1512 Temere
564 1451 599 1511 ad
622 1451 679 1511 ista
702 1450 834 1531 exempla
855 1448 1015 1532 respicies,
1039 1467 1057 1508 o
1080 1449 1181 1511 homo.
1214 1449 1376 1512 Nouenim
1393 1470 1480 1513 eom·
1521 1489 1525 1512 t

303 1561 410 1635 potunt
430 1551 465 1612 ad
488 1570 606 1613 oausam
630 1551 784 1623 materiae,
811 1570 886 1630 quae
912 1549 1011 1619 innato
1040 1557 1103 1623 est,
1136 1549 1188 1611 ⁴ea
1210 1570 1285 1630 quae
1305 1560 1373 1613 nata
1397 1563 1480 1626 sunt,
1521 1561 1525 1583 ²

302 1653 416 1733 lapides
437 1661 467 1713 et
487 1653 604 1731 viperae
626 1660 657 1712 et
677 1651 831 1727 hominem
865 1652 971 1712 horum
1001 1651 1079 1713 enim
1101 1658 1206 1712 natura
1229 1651 1367 1713 habendo
1389 1653 1480 1715 insti·
1519 1687 1525 1722 ι

303 1755 447 1816 tutionem
471 1753 581 1813 habere
602 1751 713 1832 poterit
735 1761 765 1814 et
785 1753 994 1814 cessationem.
1028 1751 1178 1813 Materiam
1200 1770 1270 1813 vero
1294 1760 1364 1814 tene
1385 1754 1480 1816 semei
1511 1781 1525 1844 p

303 1864 454 1916 aeternam
475 1853 715 1932 determinatam,
738 1862 771 1913 nt
792 1853 946 1925 insertam,
974 1861 1008 1913 ut
1029 1852 1174 1923 innatam,
1198 1861 1226 1914 et
1247 1853 1315 1915 ideo
1338 1854 1478 1917 indemu-
1507 1886 1525 1934 ῃ

303 1955 401 2017 tabilis
423 1964 452 2016 et
473 1953 705 2032 incorruptibilis
727 1962 851 2014 naturae
871 1953 1065 2027 credendam,
1097 1972 1133 2015 ex
1161 1953 1257 2033 ipsius
1286 1954 1376 2016 etiarn
1405 1974 1477 2017 sen·
1499 1985 1525 2036 εξ

302 2056 393 2119 tentia
417 2054 627 2131 Hermogenis,
650 2073 736 2133 quam
760 2054 918 2133 ⁸opponit,
941 2073 1006 2115 eum
1032 2054 1119 2116 deum
1144 2066 1232 2134 nogat
1252 2074 1288 2116 ex
1313 2057 1476 2137 semetipso
1496 2085 1525 2140 p·

303 2159 400 2219 tacere
422 2157 573 2236 perlinisse,
597 2156 664 2236 qnia
687 2174 748 2216 non
770 2154 938 2216 demutetur
952 2155 1031 2234 qnod
1051 2157 1091 2216 sit
1105 2167 1272 2230 aeternum,
1296 2157 1475 2220 amissurum
1496 2141 1525 2240 ιζ

240 2291 243 2298 Α
304 2259 417 2320 seilicet
437 2259 518 2337 quod
539 2259 648 2335 suerat,
672 2257 742 2316 dum
764 2256 797 2316 fit
819 2274 856 2317 ex
877 2255 1079 2317 demutatione
1099 2258 1178 2337 qnod
1195 2266 1350 2331 nouerat,
1375 2259 1401 2319 si
1417 2277 1474 2320 non
1494 2243 1525 2346 ,j

304 2368 387 2422 esset
417 2368 589 2431 aeternum,
621 2358 773 2418 dominum
801 2375 872 2417 vero
905 2365 1058 2419 aeternum
1091 2358 1169 2419 aliud
1198 2377 1268 2419 esse
1294 2378 1357 2420 non
1385 2379 1506 2440 posse,

304 2480 392 2541 quam
414 2459 494 2540 quod
509 2468 557 2519 est
571 2476 698 2536 semper.
731 2458 794 2518 Hae
815 2466 844 2519 et
866 2476 921 2537 ego
944 2459 1115 2521 definitione
1139 2448 1245 2520 merito
1267 2459 1349 2521 illum
1371 2479 1473 2540 reper-
1496 2485 1525 2554 ep

304 2562 422 2626 cutiam.
466 2560 616 2620 Materiam
637 2567 730 2638 aeque
752 2559 956 2638 reprehendo,
991 2578 1057 2620 oum
1085 2578 1120 2620 ex
1149 2560 1197 2621 illa
1224 2560 1315 2634 mala,
1346 2562 1474 2641 pessima
1497 2588 1525 2655 ,ᾗ

154 2663 409 2740 onustandam,
438 2660 517 2722 hona
539 2669 626 2739 atque
648 2661 759 2738 optima
780 2659 815 2721 ‘a
838 2660 894 2721 deo
917 2661 1027 2722 fiunti:
1050 2660 1087 2722 Et
1107 2662 1180 2723 vidit
1201 2662 1274 2723 deus
1297 2662 1365 2742 quia
1389 2663 1474 2737 bone,
1498 2707 1525 2755 ,ἃ

305 2772 336 2823 et
356 2761 505 2823 benedixit
526 2781 560 2822 ea
581 2762 671 2833 deus,
703 2760 803 2840 utique
825 2760 911 2840 'quia
934 2762 1061 2841 optima,
1091 2780 1151 2822 non
1175 2772 1255 2823 corte
1277 2762 1379 2842 ⁸quasi
1402 2764 1474 2826 maia
1499 2803 1525 2860 ,u

304 2883 338 2926 ae
359 2864 499 2942 pessima.
546 2861 780 2923 Demutationem
808 2862 899 2942 igitur
926 2863 1046 2925 admisit
1072 2863 1211 2936 materia,
1246 2874 1276 2925 et
1302 2865 1327 2926 si
1356 2864 1397 2927 ita
1419 2874 1475 2939 est,
1499 2908 1525 2960 ,a

304 2974 412 3027 statum
435 2964 616 3048 aeternitatis
640 2964 754 3037 amisit3
787 2971 903 3024 mortua
932 2973 979 3026 est
1005 2963 1133 3045 denique
1154 2964 1226 3026 ”sua
1249 2967 1371 3028 sorma⁶.
1416 2966 1474 3029 Sod
1497 3008 1522 3055 ,ῃ

304 3065 464 3126 aeternitas
486 3065 578 3125 amitti
601 3083 661 3125 non
683 3073 798 3144 potest,
821 3064 888 3144 quia
909 3065 968 3126 nisi
990 3065 1083 3126 amitti
1106 3084 1167 3126 non
1183 3067 1296 3145 possit,
1318 3068 1474 3129 aeternitas
1498 3108 1525 3157 ᾗ

303 3185 364 3227 non
387 3175 444 3226 est.
488 3166 566 3245 Ergo
589 3184 644 3225 neo
665 3166 897 3226 demutationem
919 3166 1017 3245 potuit
1037 3167 1213 3239 admisisse,
1238 3167 1306 3248 quia
1329 3168 1353 3227 si
1378 3166 1473 3230 {eter-
1503 3161 1525 3259 Ἰ

304 3270 382 3329 nitas
404 3278 466 3338 est,
489 3268 634 3327 demutari
656 3266 738 3327 nullo
762 3267 851 3327 modo
874 3274 983 3345 potest.
1496 3314 1525 3337 ,,

169 3398 285 3455 Qun,
389 3369 424 3429 Et
448 3369 624 3448 ¹quaeretur
645 3367 796 3446 quomodo
819 3386 855 3428 ex
877 3386 911 3427 ea
932 3366 1010 3427 bona
1026 3368 1100 3428 taeta
1115 3367 1191 3440 sint,
1214 3386 1288 3447 quae
1312 3387 1345 3429 ex
1369 3370 1471 3431 demn-

305 3472 416 3532 tatione
437 3470 518 3530 nulio
551 3468 640 3529 modo
670 3470 743 3528 taeta
772 3466 866 3529 sunt?
910 3467 993 3529 Unde
1021 3468 1051 3527 in
1083 3467 1157 3528 mala
1185 3487 1218 3529 ao
1245 3469 1378 3548 pessima
1404 3468 1470 3532 boni

202 3592 276 3635 sarrs.
303 3578 390 3650 atque
413 3570 516 3648 optimi
545 3567 673 3630 semen?
716 3569 803 3629 Certe
832 3587 888 3630 neo
915 3567 992 3629 bona
1021 3567 1112 3629 arbor
1140 3570 1253 3630 tructus
1281 3570 1375 3630 malos
1403 3569 1467 3643 edit,

203 3643 283 3692 ’Μ’
303 3673 370 3751 qnia
393 3691 447 3732 neo
468 3671 542 3731 deus
565 3671 623 3731 nisi
646 3669 759 3743 bonus,
782 3689 837 3730 nec
859 3669 934 3731 mala
956 3669 1046 3731 arbor
1066 3669 1178 3741 bonos,
1202 3670 1271 3748 quia
1286 3689 1341 3732 neo
1355 3668 1467 3732 mareri·

303 3783 350 3832 est
371 3771 448 3831 'nisi
470 3771 607 3848 pessima.
642 3772 699 3830 dut
721 3771 746 3831 si
768 3770 903 3832 dabimus
926 3770 967 3831 ilii
989 3770 1098 3849 aliquid
1120 3770 1207 3832 etiam
1230 3771 1301 3832 boni
1324 3768 1492 3850 germinis..

302 3870 360 3930 iam
383 3888 443 3929 non
466 3870 523 3930 erit
544 3871 700 3932 uniformis
722 3879 861 3944 naturae,
895 3871 925 3931 id
948 3880 995 3932 est
1017 3871 1109 3932 maiae
1132 3871 1161 3931 in
1184 3878 1296 3944 totum,
1325 3872 1382 3932 sed
1399 3868 1503 3943 'ian

303 3982 365 4031 tum
388 3970 512 4049 duplex,
536 3971 565 4031 id
588 3979 635 4032 est
656 3971 753 4033 bonae
775 3979 805 4032 et
826 3970 920 4033 malae
934 3981 1073 4045 naturae,
1096 3981 1127 4033 et
1141 3979 1301 4051 quaeretur
1314 3972 1513 4047 iterunm

371 4123 428 4186 Cep.
448 4123 498 4172 ΧΙΙ.
552 4125 575 4174 i.
601 4127 655 4188 qnia
674 4127 697 4174 d.
739 4126 780 4188 qni
803 4125 848 4173 ts.
890 4125 1048 4188 qnarelipui.
1105 4123 1128 4173 2.
1147 4138 1194 4173 nou
1214 4126 1405 4176 inmeinmdd.
1455 4128 1512 4186 8,

301 4189 401 4239 dieitd.
454 4190 478 4239 4.
497 4206 524 4239 sa
543 4195 624 4242 onst.
684 4192 709 4241 ὕ.
733 4196 834 4255 apponit
856 4192 894 4240 Fr.
912 4193 1000 4241 iunior.
1058 4190 1083 4242 6.
1107 4192 1184 4241 adeo
1203 4193 1347 4244 fluntobrd.
1388 4192 1413 4241 ri
1454 4208 1515 4253 ιο

301 4258 404 4306 nostr.
439 4259 541 4307 tiontB.
600 4260 741 4322 iquiad.
777 4261 879 4324 quaed.
915 4260 1088 4323 quasillum·
1116 4258 1260 4324 &quaed
1318 4260 1343 4311 9.
1361 4262 1516 4317 sina-1

301 4325 378 4372 [οι-[ιιι
398 4327 431 4385 d,
451 4343 501 4375 rum
519 4329 599 4377 Fulvio
619 4328 709 4376 Ursino.

319 4407 323 4423 ·
369 4392 426 4455 Cap.
446 4393 508 4441 ΧΙΙΙ.
546 4395 567 4443 l.
586 4395 744 4459 quaeriturd.
778 4392 802 4443 2.
822 4393 985 4445 nisiomdfl.
1021 4393 1043 4444 3.
1062 4395 1109 4444 iam
1128 4402 1177 4444 tum
1197 4397 1265 4446 obed.
1291 4402 1428 4446 attentum
1452 4392 1521 4445 ΑΙ.

336 4525 393 4589 cap.
413 4525 463 4575 xit.
499 4542 520 4575 ι,
540 4522 630 4590 Porro]
650 4527 700 4576 Hoc
718 4537 755 4578 est
774 4537 805 4589 at,
824 4535 861 4577 et·
911 4528 983 4578 verbe
997 4537 1087 4593 „atquo
1105 4529 1195 4592 optime
1215 4529 1295 4579 edeo“
1313 4519 1525 4594 respondet*

301 4593 374 4652 enirn,
393 4596 483 4656 atquin,
502 4609 529 4641 ex
548 4610 592 4642 uso
602 4595 750 4646 Tertulliani.
780 4597 803 4646 V.
816 4596 860 4646 od·
911 4611 1056 4660 praegresso
1076 4597 1185 4645 membro
1206 4599 1331 4660 „pessima
1351 4585 1500 4647 eri-ffl-

300 4670 359 4709 nott.
380 4662 409 4709 ad
429 4663 461 4708 tte
481 4661 575 4709 Corona
594 4677 644 4724 erp.
657 4662 681 4710 t.
726 4699 728 4703 .
946 4680 968 4713 e.
988 4679 1032 4713 sos
1049 4659 1139 4728 formal
1159 4665 1209 4713 iios
1220 4673 1255 4714 est
1267 4680 1309 4714 sua
1321 4665 1382 4727 iege.
1441 4646 1525 4708 Qu

334 4730 358 4776 b.
377 4745 389 4776 ιι
408 4729 453 4776 deo
473 4724 544 4792 nuni]
571 4729 740 4788 scribendum,
764 4731 788 4779 ni
814 4731 861 4780 ini—
912 4731 1040 4793 stratuum
1066 4733 1167 4781 moverit
1195 4747 1238 4781 eur
1262 4734 1313 4782 sim
1337 4748 1379 4783 me
1422 4723 1525 4780 [θ’.

299 4794 346 4856 Ιοι,
365 4798 455 4857 „boum
465 4806 537 4885 atq‘ne
547 4797 636 4860 optime
647 4798 717 4858 adeo,
729 4797 817 4860 flunt“,
835 4806 862 4848 nt
913 4807 1042 4862 reponeret
1051 4814 1106 4849 enni
1117 4799 1199 4850 Fulvio
1206 4800 1294 4850 Ursino
1304 4800 1376 4866 piane
1389 4777 1525 4845 aad*
