3242 5775
291 627 380 690 ,474
569 639 671 691 omnrv
694 635 827 682 scorteu
848 633 1015 680 monsnrrs
1038 635 1236 680 rnnrnmranr

316 809 426 873 passm
442 796 584 851 estesse.
616 787 697 849 Bene
712 780 812 849 autem
826 786 906 866 quod
930 786 987 848 ”et
1008 787 1109 866 plures
1132 794 1163 848 et
1177 784 1315 847 duriores
1332 784 1352 817 ¹¹
1360 803 1495 865 quaeque

317 889 470 953 doctrinae
491 897 583 951 totam
606 887 737 950 hominis
759 887 960 967 figulationem
984 887 1041 949 deo
1063 894 1169 948 nostro
1192 886 1311 948 cedunt.
1357 886 1494 960 Quantus

318 991 367 1054 hic
389 992 430 1053 sit
451 991 523 1053 satis
546 990 643 1061 nosti,
676 990 727 1069 qui
749 988 870 1050 unicum
892 987 1053 1049 credidisti.
1103 986 1228 1068 incipiat
1256 987 1314 1048 iam
1343 988 1397 1050 tibi
1429 1007 1492 1050 caro

317 1092 452 1172 placere,
475 1090 561 1153 cuius
582 1073 808 1153 artilextantus
832 1097 888 1150 cst.
922 1088 980 1149 Sed
1004 1089 1191 1160 otmundus,
1214 1087 1330 1168 inquis,
1355 1089 1404 1150 dei
1421 1108 1492 1170 opus

117 1270 120 1275 ¹
166 1204 382 1266 tournouest,
404 1201 435 1254 ct
457 1201 553 1253 umen
575 1192 717 1273 praeterit
739 1190 856 1253 habitus
878 1190 966 1251 huius
988 1190 1106 1262 mundi,
1135 1188 1274 1269 apostolo
1296 1208 1421 1269 quoque
1441 1211 1490 1253 au·

319 1302 419 1367 ctore3
447 1313 503 1355 nec
523 1293 634 1355 idcireo
656 1292 806 1354 restitutio
829 1292 931 1352 mundi
954 1289 1229 1370 ¹¹praeiudicabitur
1255 1290 1324 1369 quio
1347 1291 1396 1353 dei
1419 1309 1489 1372 opus

318 1403 375 1457 est.
418 1394 457 1455 lit
478 1394 579 1473 utique
601 1393 626 1455 si
650 1393 828 1455 universitas
856 1391 1088 1453 inreformabilis
1115 1400 1184 1470 post
1214 1392 1391 1465 decessum,
1425 1393 1486 1473 quid

313 1493 443 1577 portio?
486 1494 591 1565 Plane,
624 1492 650 1554 si
680 1493 779 1572 portio
808 1492 994 1553 universitati
1017 1493 1206 1571 adaequatur.
1250 1492 1293 1552 dd
1322 1492 1485 1555 distantiam

218 1613 305 1666 ,teta
320 1597 399 1659 enim
421 1612 625 1674 provocamus.
664 1594 765 1655 Primo
781 1593 919 1673 quidem,
943 1593 1050 1672 ¹³qnod
1073 1593 1171 1654 omnia
1194 1611 1335 1655 sermone
1357 1594 1406 1656 dei
1421 1595 1484 1655 iacta

320 1705 406 1769 sunt,
434 1706 464 1759 et
490 1696 557 1757 sine
586 1695 636 1757 illo
665 1693 748 1756 nihil.
800 1695 875 1756 Caro
898 1703 996 1756 autem
1020 1694 1077 1756 ¹¹et
1100 1712 1240 1755 sermone
1262 1694 1310 1756 dei
1334 1694 1483 1757 “constitit

189 1815 304 1867 cantat.
318 1806 442 1878 propter
464 1798 606 1870 formam,
629 1816 667 1857 ne
689 1797 759 1876 quid
775 1795 841 1857 sine
855 1794 1025 1857 sermonei.
1058 1795 1212 1856 Faciamus
1234 1795 1314 1856 enim
1330 1796 1482 1864 hominem,

311 1906 388 1960 ante
409 1898 578 1978 praemisit,
601 1896 795 1977 etamplius,
825 1914 929 1969 manu,
959 1906 1082 1976 propter
1104 1896 1334 1975 praelationem,
1363 1916 1402 1959 ne
1423 1896 1481 1958 uni-
1527 1927 1529 1948 ε

185 1998 450 2067 oen.t,a·t.versitati
465 1998 724 2079 ¹⁸compararetur.
754 1999 790 2059 Et
805 1998 903 2072 tinxit,
927 1997 1067 2076 ¹⁷inquit,
1090 1998 1164 2058 deus
1179 1995 1344 2059 hominem.
1373 1999 1482 2077 Magnae
1523 2037 1529 2082 1

320 2098 498 2176 ainedultio
520 2099 704 2161 dillerentine
726 2099 819 2170 ratio,
842 2117 898 2178 pro
919 2098 1094 2159 condicione
1109 2099 1221 2160 scilicet
1235 2116 1347 2159 rerum.
1380 2098 1481 2159 llinora
1526 2099 1529 2110 '

319 2199 398 2263 euim
420 2219 496 2279 quae
517 2200 628 2262 fiebant
648 2218 684 2261 eo
707 2200 752 2261 oui
775 2198 900 2272 fiebant,
923 2199 1068 2278 siquidem
1085 2200 1197 2261 homini
1213 2198 1339 2273 fiebant,
1362 2200 1408 2262 cui
1422 2214 1480 2262 mox

318 2301 414 2363 adeo
437 2302 550 2363 addicta
573 2308 653 2362 sunt.
698 2300 803 2362 Merito
827 2300 917 2378 igitur
945 2309 977 2361 ut
998 2302 1105 2361 famula
1134 2300 1219 2362 iussu
1248 2308 1278 2360 et
1306 2300 1433 2381 imperio
1458 2307 1480 2359 ct
1525 2313 1529 2376 j

319 2402 383 2466 sola
405 2402 498 2464 vocali
519 2389 668 2481 potestate
689 2401 827 2462 universa
848 2409 1067 2480 processerant
1111 2401 1221 2462 Contra
1243 2402 1352 2475 homo,
1382 2412 1414 2463 ut
1433 2401 1479 2462 do·
1523 2435 1529 2484 3

207 2509 217 2516 '
319 2502 417 2564 minus
439 2522 559 2574 eorum,
583 2502 613 2563 in
635 2504 694 2564 hoc
715 2501 751 2563 ab
775 2503 840 2579 ipso
857 2494 920 2563 'deo
941 2510 1111 2563 exstructus
1135 2511 1194 2575 cst,
1218 2510 1251 2562 ut
1265 2503 1407 2565 dominus
1422 2517 1479 2564 esse

319 2603 469 2681 ¹⁸posset,
503 2602 572 2662 dum
603 2605 635 2662 tit
661 2622 677 2664 a
706 2603 837 2663 domino.
888 2602 1044 2663 llominem
1073 2611 1170 2664 etitem
1199 2612 1351 2665 memento
1374 2618 1478 2666 carnem
1523 2593 1529 2674 ζ

192 2702 442 2783 oen.n,t.-propn‘e
456 2702 530 2776 dici,
552 2721 628 2781 quae
642 2703 725 2783 prior
740 2703 914 2764 vocabulum
932 2703 1062 2764 hominis
1078 2704 1245 2782 occupavit:
1268 2705 1305 2765 Et
1320 2705 1480 2767 tinxittens

318 2804 488 2876 hominem,
508 2803 611 2864 limum
634 2804 671 2864 de
693 2813 795 2882 terra..
815 2803 875 2863 lam
890 2804 996 2877 homo,
1020 2805 1069 2882 qui
1092 2806 1187 2866 adhuc
1208 2805 1308 2866 limus.
1343 2806 1381 2867 m
1394 2805 1479 2868 insui·

168 2904 399 2975 sesnandum
421 2903 576 2965 infaciem
599 2903 664 2964 eius
686 2905 786 2964 ilatum
809 2904 900 2976 vitae,
924 2914 953 2966 et
976 2908 1069 2967 lactus
1093 2907 1260 2997 esthomo,
1284 2908 1312 2968 id
1329 2917 1378 2969 est
1392 2908 1480 2974 tinus.

318 3003 491 3067 inanimam
507 3004 612 3076 vivam,
635 2983 869 3083 et’posuit'deus
886 3004 1047 3080 hominem,
1069 3026 1155 3086 quem
1175 3007 1269 3081 linxit,
1290 3007 1320 3068 in
1341 3010 1480 3087 paradiso.

318 3104 401 3165 Adeo
424 3105 514 3164 homo
536 3104 706 3183 figmentum
729 3104 844 3184 primo,
867 3105 974 3167 dehinc
995 3115 1086 3168 totns.
1116 3090 1180 3169 lloc
1195 3128 1231 3169 eo
1247 3109 1482 3172 commendarim.

274 3243 281 3255 ·
319 3205 361 3267 uti
383 3203 522 3284 quicquid
544 3205 667 3266 omnino
690 3205 802 3266 homini
832 3225 848 3267 a
871 3205 927 3267 deo
950 3218 1141 3286 prospectum
1170 3217 1258 3288 atque
1280 3208 1483 3289 ¹'promissum

319 3313 382 3379 est,
406 3322 466 3366 nou
487 3304 572 3366 ”soli
595 3305 723 3376 ammae,
745 3324 847 3367 verum
871 3315 901 3368 et
922 3309 1001 3368 carni
1024 3310 1101 3370 scias
1123 3308 1270 3384 debitum,
1299 3309 1363 3373 ”ut
1383 3313 1412 3373 si
1432 3328 1485 3373 non

319 3424 356 3468 ex
376 3406 530 3468 consortio
553 3407 688 3485 generis,
711 3416 792 3469 certe
815 3407 860 3468 vel
883 3427 917 3469 ex
939 3408 1093 3487 privilegio
1116 3411 1257 3471 nominis.

177 3517 300 3576 ,ειμι
402 3504 568 3586 Persequar
589 3507 688 3587 itaque
709 3508 915 3589 propositum,
949 3509 975 3570 si
1005 3518 1102 3571 tamen
1130 3518 1244 3572 tantum
1271 3513 1390 3591 possim
1413 3511 1487 3575 mmi

317 3605 483 3669 ¹vindicare
505 3615 648 3688 quantum
669 3608 793 3693 contulit
815 3608 862 3671 ille
885 3609 935 3689 qui
958 3628 1021 3671 eam
1038 3611 1123 3685 lecit,
1146 3611 1202 3672 iam
1218 3621 1290 3673 tunc
1304 3613 1487 3692 gloriantem,

318 3709 398 3788 quod
420 3707 467 3770 illa
490 3709 653 3787 pusillitas,
676 3709 796 3780 ’limus,
825 3709 856 3770 iu
879 3729 984 3772 manus
1007 3710 1053 3772 dei
1076 3730 1267 3790 quaecunque
1289 3722 1361 3775 sunt
1381 3732 1488 3795 perve-

316 3807 378 3880 uit,
400 3808 471 3879 satis
492 3807 597 3870 beatus
621 3809 677 3870 etsi
700 3810 887 3872 solummodo
910 3802 1079 3873 contactus.
1117 3813 1194 3885 Quid
1224 3814 1320 3887 enim,
1353 3813 1381 3875 si
1409 3813 1489 3876 nullo

316 3908 444 3986 amplius
467 3926 560 3986 opere
582 3910 680 3970 statim
704 3911 875 3988 figmentum
899 3911 935 3973 de
950 3921 1088 3976 contactu
1103 3913 1150 3974 dei
1165 3911 1376 3977 constitisset?
1409 3914 1490 3977 ddeo

315 4006 438 4087 ⁸magna
460 4025 510 4068 res
533 4008 689 4087 agebatur,
712 4029 768 4090 qua
791 4011 849 4073 ista
871 4014 993 4074 materia
1016 4014 1229 4076 exstruebatur.
1262 4015 1365 4095 ltaque
1381 4017 1491 4078 totiens

319 4126 358 4178 id.
376 4136 400 4177 et
417 4129 523 4178 omled.
577 4129 616 4179 ll.
637 4145 733 4194 quoque
750 4131 807 4181 Aca.
862 4131 901 4181 tt.
919 4133 1098 4196 praeiudicatur
1116 4133 1155 4184 Ca.
1207 4132 1246 4182 13.
1265 4135 1348 4184 omnia
1365 4136 1431 4199 qaod
1447 4136 1491 4185 Ad.

319 4195 360 4243 tt.
378 4209 405 4244 ea
424 4195 448 4244 t.
503 4194 541 4244 15.
560 4199 672 4247 constetit
691 4200 765 4249 codes
783 4197 952 4249 loclementia.
1013 4200 1051 4248 16.
1072 4209 1225 4264 comparetur
1249 4201 1292 4251 AB.
1310 4209 1357 4251 tm
1380 4203 1491 4252 Vetieeai.

319 4261 358 4311 l'l.
377 4263 436 4311 deas
455 4263 576 4314 bominem
600 4266 677 4328 inquit
692 4266 770 4315 Adde.
831 4265 868 4316 ts.
888 4268 966 4330 possit
982 4268 1058 4318 Addo.
1083 4274 1130 4318 tres
1152 4268 1261 4318 Vaticani.
1326 4268 1365 4319 tt.
1383 4272 1491 4333 permis·

316 4331 415 4379 eumd.
467 4329 650 4382 ldaolumd.
703 4332 869 4383 tt.etsttt.
1334 4346 1345 4362 ·

279 4440 285 4451 ,
385 4398 443 4514 Cap.
461 4397 499 4447 vt.
544 4399 565 4449 l.
585 4399 742 4450 vindicavit.
794 4397 819 4450 2.
837 4399 908 4450 huius
927 4401 1024 4451 immani
1043 4402 1068 4453 t.
1103 4403 1176 4452 homo
1195 4402 1219 4452 in
1238 4405 1355 4455 maana.
1408 4402 1432 4454 ³.
1451 4418 1491 4453 res

317 4476 402 4524 magna
439 4499 446 4514 .

349 4562 372 4611 d.
391 4572 491 4626 propter
509 4565 620 4620 formam.
639 4582 668 4616 ae
687 4567 875 4630 quidsineser·
927 4569 973 4618 hoc
997 4584 1069 4619 sensu
1095 4578 1209 4634 usurpata
1235 4570 1265 4620 cl.
1290 4571 1382 4620 adnott.
1408 4571 1437 4620 ad
1455 4571 1493 4621 tte

316 4626 409 4695 mona]
417 4632 441 4679 ld
452 4640 489 4680 eat
500 4643 600 4696 propter
608 4635 720 4692 turmam,
735 4636 748 4684 i.
757 4635 874 4696 elegen,
925 4634 1012 4685 idolol.
1032 4652 1083 4698 cap.
1094 4637 1132 4687 ts.
1157 4638 1270 4687 Ceterum
1282 4653 1311 4687 ne
1328 4638 1422 4687 taedeat
1435 4650 1492 4688 ram

315 4711 386 4760 qaam
415 4700 486 4747 modo
512 4698 661 4760 laudaverat,
688 4718 717 4751 ne
746 4704 873 4765 quicquam
924 4703 963 4752 his
983 4704 1123 4754 Tertulliani
1142 4706 1220 4754 ver‘ois
1244 4718 1402 4769 comparasse
1420 4709 1492 4756 verba

314 4763 424 4814 videlicet
441 4766 509 4814 lieret
526 4768 579 4814 aine
596 4769 633 4816 dei
652 4782 773 4818 temone.
804 4769 874 4827 ottod
923 4770 1034 4831 Gregorii
1054 4773 1122 4835 nyss.
1142 4773 1174 4821 lle
1193 4773 1255 4836 Opil.
1277 4772 1346 4822 llom.
1365 4771 1458 4838 cap&

314 4832 361 4879 iam
381 4833 582 4895 comprobaturus
601 4843 644 4883 est.
681 4837 714 4885 lle
733 4851 782 4886 voc.
800 4841 875 4900 {orma
