<?xml version="1.0" encoding="UTF-8"?>
<!DOCTYPE html PUBLIC "-//W3C//DTD XHTML 1.0 Transitional//EN"
    "http://www.w3.org/TR/xhtml1/DTD/xhtml1-transitional.dtd">
<html xmlns="http://www.w3.org/1999/xhtml" xml:lang="en" lang="en">
 <head>
  <title>
</title>
<meta http-equiv="Content-Type" content="text/html;charset=utf-8" />
  <meta name='ocr-system' content='tesseract 3.04.00' />
  <meta name='ocr-capabilities' content='ocr_page ocr_carea ocr_par ocr_line ocrx_word'/>
</head>
<body>
  <div class='ocr_page' id='page_1' title='image "./quaesupersuntom00oehlgoog_0783.png"; bbox 0 0 3242 5775; ppageno 0'>
   <div class='ocr_carea' id='block_1_1' title="bbox 582 637 1310 701">
    <p class='ocr_par' dir='ltr' id='par_1_1' title="bbox 582 637 1310 701">
     <span class='ocr_line' id='line_1_1' title="bbox 582 637 1310 701; baseline 0.015 -13"><span class='ocrx_word' id='word_1_1' title='bbox 582 647 728 691; x_wconf 73' lang='lat' dir='ltr'><strong>morasus</strong></span> <span class='ocrx_word' id='word_1_2' title='bbox 749 648 886 693; x_wconf 69' lang='lat' dir='ltr'><strong>roanos.</strong></span> <span class='ocrx_word' id='word_1_3' title='bbox 1251 637 1310 701; x_wconf 80' lang='lat' dir='ltr'><strong>tat</strong></span> 
     </span>
    </p>
   </div>
   <div class='ocr_carea' id='block_1_2' title="bbox 149 795 1320 1791">
    <p class='ocr_par' dir='ltr' id='par_1_2' title="bbox 149 795 1320 1791">
     <span class='ocr_line' id='line_1_2' title="bbox 154 795 1317 879; baseline 0.006 -21"><span class='ocrx_word' id='word_1_4' title='bbox 154 799 270 871; x_wconf 82' lang='lat' dir='ltr'>Quaere</span> <span class='ocrx_word' id='word_1_5' title='bbox 300 815 370 876; x_wconf 86' lang='lat' dir='ltr'><strong>ergo</strong></span> <span class='ocrx_word' id='word_1_6' title='bbox 404 814 439 856; x_wconf 89' lang='lat' dir='ltr'><strong>an</strong></span> <span class='ocrx_word' id='word_1_7' title='bbox 468 795 524 858; x_wconf 88' lang='lat' dir='ltr'><strong>ista</strong></span> <span class='ocrx_word' id='word_1_8' title='bbox 552 815 623 870; x_wconf 82' lang='lat' dir='ltr'><strong>ror,</strong></span> <span class='ocrx_word' id='word_1_9' title='bbox 657 797 816 860; x_wconf 82' lang='lat' dir='ltr'><strong>Nobiscum</strong></span> <span class='ocrx_word' id='word_1_10' title='bbox 845 799 934 872; x_wconf 89' lang='lat' dir='ltr'><strong>deus,</strong></span> <span class='ocrx_word' id='word_1_11' title='bbox 952 799 1046 879; x_wconf 81' lang='lat' dir='ltr'><strong>¹quod</strong></span> <span class='ocrx_word' id='word_1_12' title='bbox 1069 809 1115 863; x_wconf 89' lang='lat' dir='ltr'><strong>est</strong></span> <span class='ocrx_word' id='word_1_13' title='bbox 1135 800 1317 879; x_wconf 73' lang='lat' dir='ltr'><strong>Emmanuel,</strong></span> 
     </span>
     <span class='ocr_line' id='line_1_3' title="bbox 153 897 1317 983; baseline 0.005 -24"><span class='ocrx_word' id='word_1_14' title='bbox 153 899 259 959; x_wconf 78' lang='lat' dir='ltr'>exinde</span> <span class='ocrx_word' id='word_1_15' title='bbox 281 917 339 977; x_wconf 88' lang='lat' dir='ltr'><strong>quo</strong></span> <span class='ocrx_word' id='word_1_16' title='bbox 363 898 498 959; x_wconf 90' lang='lat' dir='ltr'><strong>Christus</strong></span> <span class='ocrx_word' id='word_1_17' title='bbox 529 898 634 959; x_wconf 82' lang='lat' dir='ltr'><strong>inluxit</strong></span> <span class='ocrx_word' id='word_1_18' title='bbox 660 898 786 977; x_wconf 74' lang='lat' dir='ltr'><strong>agitetur</strong></span> <span class='ocrx_word' id='word_1_19' title='bbox 814 897 844 961; x_wconf 92' lang='lat' dir='ltr'><strong>in</strong></span> <span class='ocrx_word' id='word_1_20' title='bbox 866 899 995 962; x_wconf 89' lang='lat' dir='ltr'><strong>Christo.</strong></span> <span class='ocrx_word' id='word_1_21' title='bbox 1044 901 1081 962; x_wconf 87' lang='lat' dir='ltr'><strong>Et</strong></span> <span class='ocrx_word' id='word_1_22' title='bbox 1107 910 1198 983; x_wconf 87' lang='lat' dir='ltr'><strong>puto,</strong></span> <span class='ocrx_word' id='word_1_23' title='bbox 1229 903 1317 965; x_wconf 89' lang='lat' dir='ltr'><strong>¹⁰non</strong></span> 
     </span>
     <span class='ocr_line' id='line_1_4' title="bbox 149 999 1318 1084; baseline 0.006 -24"><span class='ocrx_word' id='word_1_24' title='bbox 149 1000 284 1079; x_wconf 80' lang='lat' dir='ltr'>negabis.</span> <span class='ocrx_word' id='word_1_25' title='bbox 329 999 400 1060; x_wconf 88' lang='lat' dir='ltr'><strong>Nam</strong></span> <span class='ocrx_word' id='word_1_26' title='bbox 424 999 473 1078; x_wconf 89' lang='lat' dir='ltr'><strong>qui</strong></span> <span class='ocrx_word' id='word_1_27' title='bbox 496 1018 530 1060; x_wconf 84' lang='lat' dir='ltr'><strong>ex</strong></span> <span class='ocrx_word' id='word_1_28' title='bbox 553 999 699 1061; x_wconf 89' lang='lat' dir='ltr'><strong>ludaismo</strong></span> <span class='ocrx_word' id='word_1_29' title='bbox 722 1001 847 1063; x_wconf 87' lang='lat' dir='ltr'><strong>credunt</strong></span> <span class='ocrx_word' id='word_1_30' title='bbox 869 1001 887 1033; x_wconf 90' lang='lat'><strong>¹¹</strong></span> <span class='ocrx_word' id='word_1_31' title='bbox 896 1001 927 1062; x_wconf 91' lang='lat' dir='ltr'><strong>in</strong></span> <span class='ocrx_word' id='word_1_32' title='bbox 949 1000 1115 1078; x_wconf 78' lang='lat' dir='ltr'><strong>Christum,</strong></span> <span class='ocrx_word' id='word_1_33' title='bbox 1149 1022 1184 1065; x_wconf 81' lang='lat' dir='ltr'><strong>er</strong></span> <span class='ocrx_word' id='word_1_34' title='bbox 1206 1022 1265 1084; x_wconf 88' lang='lat' dir='ltr'><strong>quo</strong></span> <span class='ocrx_word' id='word_1_35' title='bbox 1286 1004 1318 1066; x_wconf 91' lang='lat' dir='ltr'><strong>in</strong></span> 
     </span>
     <span class='ocr_line' id='line_1_5' title="bbox 152 1093 1318 1177; baseline 0.004 -14"><span class='ocrx_word' id='word_1_36' title='bbox 152 1121 219 1163; x_wconf 89' lang='lat' dir='ltr'><strong>enm</strong></span> <span class='ocrx_word' id='word_1_37' title='bbox 244 1093 380 1172; x_wconf 76' lang='lat' dir='ltr'><strong>credunt,</strong></span> <span class='ocrx_word' id='word_1_38' title='bbox 408 1099 580 1161; x_wconf 80' lang='lat' dir='ltr'><strong>Emmanuel</strong></span> <span class='ocrx_word' id='word_1_39' title='bbox 602 1119 667 1161; x_wconf 91' lang='lat' dir='ltr'><strong>cnm</strong></span> <span class='ocrx_word' id='word_1_40' title='bbox 690 1100 789 1162; x_wconf 86' lang='lat' dir='ltr'><strong>rolant</strong></span> <span class='ocrx_word' id='word_1_41' title='bbox 811 1102 925 1177; x_wconf 89' lang='lat' dir='ltr'><strong>dicere,</strong></span> <span class='ocrx_word' id='word_1_42' title='bbox 956 1100 1112 1165; x_wconf 90' lang='lat' dir='ltr'><strong>nobiscum</strong></span> <span class='ocrx_word' id='word_1_43' title='bbox 1140 1104 1228 1167; x_wconf 85' lang='lat' dir='ltr'><strong>deum</strong></span> <span class='ocrx_word' id='word_1_44' title='bbox 1251 1109 1318 1168; x_wconf 83' lang='lat' dir='ltr'><strong>css&#39;o</strong></span> 
     </span>
     <span class='ocr_line' id='line_1_6' title="bbox 153 1201 1319 1284; baseline 0.004 -21"><span class='ocrx_word' id='word_1_45' title='bbox 153 1202 337 1281; x_wconf 81' lang='lat' dir='ltr'><strong>significant,</strong></span> <span class='ocrx_word' id='word_1_46' title='bbox 370 1215 456 1280; x_wconf 82' lang='lat' dir='ltr'><strong>atque</strong></span> <span class='ocrx_word' id='word_1_47' title='bbox 483 1201 523 1261; x_wconf 87' lang='lat' dir='ltr'><strong>ita</strong></span> <span class='ocrx_word' id='word_1_48' title='bbox 552 1210 668 1262; x_wconf 85' lang='lat' dir='ltr'><strong>constat</strong></span> <span class='ocrx_word' id='word_1_49' title='bbox 696 1202 753 1262; x_wconf 92' lang='lat' dir='ltr'><strong>iam</strong></span> <span class='ocrx_word' id='word_1_50' title='bbox 775 1202 893 1264; x_wconf 85' lang='lat' dir='ltr'><strong>venisse</strong></span> <span class='ocrx_word' id='word_1_51' title='bbox 921 1203 1003 1265; x_wconf 92' lang='lat' dir='ltr'><strong>illum</strong></span> <span class='ocrx_word' id='word_1_52' title='bbox 1025 1204 1075 1284; x_wconf 87' lang='lat' dir='ltr'><strong>qni</strong></span> <span class='ocrx_word' id='word_1_53' title='bbox 1096 1205 1319 1283; x_wconf 81' lang='lat' dir='ltr'><strong>praedicabatur</strong></span> 
     </span>
     <span class='ocr_line' id='line_1_7' title="bbox 151 1302 1318 1381; baseline 0.003 -16"><span class='ocrx_word' id='word_1_54' title='bbox 151 1303 341 1375; x_wconf 86' lang='lat' dir='ltr'><strong>Emmanuel,</strong></span> <span class='ocrx_word' id='word_1_55' title='bbox 371 1302 437 1381; x_wconf 91' lang='lat' dir='ltr'><strong>quia</strong></span> <span class='ocrx_word' id='word_1_56' title='bbox 460 1303 538 1381; x_wconf 87' lang='lat' dir='ltr'><strong>quod</strong></span> <span class='ocrx_word' id='word_1_57' title='bbox 562 1302 707 1381; x_wconf 85' lang='lat' dir='ltr'><strong>significat</strong></span> <span class='ocrx_word' id='word_1_58' title='bbox 726 1303 898 1365; x_wconf 89' lang='lat' dir='ltr'><strong>Emmanuel</strong></span> <span class='ocrx_word' id='word_1_59' title='bbox 920 1305 1015 1379; x_wconf 82' lang='lat' dir='ltr'><strong>venit,</strong></span> <span class='ocrx_word' id='word_1_60' title='bbox 1037 1304 1066 1367; x_wconf 95' lang='lat' dir='ltr'><strong>id</strong></span> <span class='ocrx_word' id='word_1_61' title='bbox 1090 1315 1137 1367; x_wconf 91' lang='lat' dir='ltr'><strong>est</strong></span> <span class='ocrx_word' id='word_1_62' title='bbox 1157 1306 1318 1369; x_wconf 82' lang='lat' dir='ltr'><strong>Nobiscrun</strong></span> 
     </span>
     <span class='ocr_line' id='line_1_8' title="bbox 153 1404 1320 1481; baseline 0.002 -14"><span class='ocrx_word' id='word_1_63' title='bbox 153 1407 240 1467; x_wconf 89' lang='lat' dir='ltr'><strong>deus.</strong></span> <span class='ocrx_word' id='word_1_64' title='bbox 274 1405 399 1481; x_wconf 74' lang='lat' dir='ltr'><strong>¹²Aequo</strong></span> <span class='ocrx_word' id='word_1_65' title='bbox 421 1422 497 1464; x_wconf 90' lang='lat' dir='ltr'><strong>sono</strong></span> <span class='ocrx_word' id='word_1_66' title='bbox 520 1405 649 1473; x_wconf 89' lang='lat' dir='ltr'><strong>nominis</strong></span> <span class='ocrx_word' id='word_1_67' title='bbox 671 1404 864 1479; x_wconf 90' lang='lat' dir='ltr'><strong>inducuntur,</strong></span> <span class='ocrx_word' id='word_1_68' title='bbox 887 1425 953 1467; x_wconf 91' lang='lat' dir='ltr'><strong>cum</strong></span> <span class='ocrx_word' id='word_1_69' title='bbox 975 1406 1111 1471; x_wconf 82' lang='lat' dir='ltr'><strong>virtutem</strong></span> <span class='ocrx_word' id='word_1_70' title='bbox 1133 1407 1267 1470; x_wconf 82' lang='lat' dir='ltr'><strong>Damasci</strong></span> <span class='ocrx_word' id='word_1_71' title='bbox 1290 1416 1320 1470; x_wconf 91' lang='lat' dir='ltr'><strong>et</strong></span> 
     </span>
     <span class='ocr_line' id='line_1_9' title="bbox 154 1495 1317 1589; baseline 0.005 -22"><span class='ocrx_word' id='word_1_72' title='bbox 154 1507 250 1586; x_wconf 92' lang='lat' dir='ltr'><strong>spolia</strong></span> <span class='ocrx_word' id='word_1_73' title='bbox 272 1504 419 1566; x_wconf 83' lang='lat' dir='ltr'><strong>Samariae</strong></span> <span class='ocrx_word' id='word_1_74' title='bbox 442 1505 500 1565; x_wconf 86' lang='lat' dir='ltr'><strong>¹³et</strong></span> <span class='ocrx_word' id='word_1_75' title='bbox 521 1524 642 1584; x_wconf 88' lang='lat' dir='ltr'><strong>regnum</strong></span> <span class='ocrx_word' id='word_1_76' title='bbox 658 1506 846 1586; x_wconf 77' lang='lat' dir='ltr'><strong>Assyriorum</strong></span> <span class='ocrx_word' id='word_1_77' title='bbox 870 1508 915 1568; x_wconf 91' lang='lat' dir='ltr'><strong>sic</strong></span> <span class='ocrx_word' id='word_1_78' title='bbox 935 1508 1096 1587; x_wconf 83' lang='lat' dir='ltr'><strong>accipiunt,</strong></span> <span class='ocrx_word' id='word_1_79' title='bbox 1118 1495 1203 1589; x_wconf 80' lang='lat' dir='ltr'><strong>qnasi</strong></span> <span class='ocrx_word' id='word_1_80' title='bbox 1224 1508 1317 1573; x_wconf 86' lang='lat' dir='ltr'><strong>bella-</strong></span> 
     </span>
     <span class='ocr_line' id='line_1_10' title="bbox 153 1593 1319 1692; baseline 0.004 -24"><span class='ocrx_word' id='word_1_81' title='bbox 153 1618 251 1668; x_wconf 88' lang='lat' dir='ltr'><strong>torem</strong></span> <span class='ocrx_word' id='word_1_82' title='bbox 273 1608 450 1685; x_wconf 90' lang='lat' dir='ltr'><strong>portendant</strong></span> <span class='ocrx_word' id='word_1_83' title='bbox 471 1606 638 1680; x_wconf 83' lang='lat' dir='ltr'><strong>Christum,</strong></span> <span class='ocrx_word' id='word_1_84' title='bbox 671 1626 731 1667; x_wconf 93' lang='lat' dir='ltr'><strong>non</strong></span> <span class='ocrx_word' id='word_1_85' title='bbox 754 1593 1020 1671; x_wconf 66' lang='lat' dir='ltr'><strong>animaduerteutcs</strong></span> <span class='ocrx_word' id='word_1_86' title='bbox 1050 1609 1144 1689; x_wconf 79' lang='lat' dir='ltr'><strong>¹⁴quia</strong></span> <span class='ocrx_word' id='word_1_87' title='bbox 1172 1610 1319 1692; x_wconf 83' lang='lat' dir='ltr'><strong>scriptura</strong></span> 
     </span>
     <span class='ocr_line' id='line_1_11' title="bbox 152 1707 1320 1791; baseline 0.003 -22"><span class='ocrx_word' id='word_1_88' title='bbox 152 1710 331 1789; x_wconf 89' lang='lat' dir='ltr'><strong>praemittat,</strong></span> <span class='ocrx_word' id='word_1_89' title='bbox 355 1707 501 1781; x_wconf 87' lang='lat' dir='ltr'><strong>Quoniam</strong></span> <span class='ocrx_word' id='word_1_90' title='bbox 524 1709 607 1787; x_wconf 91' lang='lat' dir='ltr'><strong>prius</strong></span> <span class='ocrx_word' id='word_1_91' title='bbox 627 1727 712 1787; x_wconf 87' lang='lat' dir='ltr'><strong>quam</strong></span> <span class='ocrx_word' id='word_1_92' title='bbox 735 1721 893 1788; x_wconf 90' lang='lat' dir='ltr'><strong>cognoscat</strong></span> <span class='ocrx_word' id='word_1_93' title='bbox 911 1729 987 1790; x_wconf 86' lang='lat' dir='ltr'><strong>puer</strong></span> <span class='ocrx_word' id='word_1_94' title='bbox 1007 1729 1113 1773; x_wconf 82' lang='lat' dir='ltr'><strong>vocare</strong></span> <span class='ocrx_word' id='word_1_95' title='bbox 1134 1717 1248 1791; x_wconf 84' lang='lat' dir='ltr'><strong>patrem</strong></span> <span class='ocrx_word' id='word_1_96' title='bbox 1269 1720 1320 1773; x_wconf 89' lang='lat' dir='ltr'><strong>aut</strong></span> 
     </span>
    </p>
   </div>
   <div class='ocr_carea' id='block_1_3' title="bbox 153 1810 1425 1890">
    <p class='ocr_par' dir='ltr' id='par_1_3' title="bbox 153 1810 1425 1890">
     <span class='ocr_line' id='line_1_12' title="bbox 153 1810 1425 1890; baseline 0 -17"><span class='ocrx_word' id='word_1_97' title='bbox 153 1821 296 1881; x_wconf 87' lang='lat' dir='ltr'><strong>matrem,</strong></span> <span class='ocrx_word' id='word_1_98' title='bbox 330 1811 453 1889; x_wconf 89' lang='lat' dir='ltr'><strong>accipiet</strong></span> <span class='ocrx_word' id='word_1_99' title='bbox 484 1810 621 1870; x_wconf 87' lang='lat' dir='ltr'><strong>virtutem</strong></span> <span class='ocrx_word' id='word_1_100' title='bbox 651 1810 784 1872; x_wconf 86' lang='lat' dir='ltr'><strong>Damasci</strong></span> <span class='ocrx_word' id='word_1_101' title='bbox 812 1820 843 1872; x_wconf 91' lang='lat' dir='ltr'><strong>et</strong></span> <span class='ocrx_word' id='word_1_102' title='bbox 869 1812 963 1890; x_wconf 89' lang='lat' dir='ltr'><strong>spolia</strong></span> <span class='ocrx_word' id='word_1_103' title='bbox 994 1811 1143 1874; x_wconf 83' lang='lat' dir='ltr'><strong>Samariae</strong></span> <span class='ocrx_word' id='word_1_104' title='bbox 1176 1813 1318 1875; x_wconf 78' lang='lat' dir='ltr'><strong>adversus</strong></span> <span class='ocrx_word' id='word_1_105' title='bbox 1422 1869 1425 1873; x_wconf 86' lang='lat'>.</span> 
     </span>
    </p>
   </div>
   <div class='ocr_carea' id='block_1_4' title="bbox 152 1911 1392 4221">
    <p class='ocr_par' dir='ltr' id='par_1_4' title="bbox 152 1911 1392 4221">
     <span class='ocr_line' id='line_1_13' title="bbox 152 1911 1317 2003; baseline 0.002 -30"><span class='ocrx_word' id='word_1_106' title='bbox 152 1932 253 1991; x_wconf 87' lang='lat' dir='ltr'><strong>regem</strong></span> <span class='ocrx_word' id='word_1_107' title='bbox 276 1911 474 1990; x_wconf 74' lang='lat' dir='ltr'><strong>Assyriorum.</strong></span> <span class='ocrx_word' id='word_1_108' title='bbox 525 1912 599 2003; x_wconf 70' lang='lat' dir='ltr'><strong>duta</strong></span> <span class='ocrx_word' id='word_1_109' title='bbox 622 1924 668 1973; x_wconf 81' lang='lat' dir='ltr'><strong>cst</strong></span> <span class='ocrx_word' id='word_1_110' title='bbox 690 1913 768 1973; x_wconf 85' lang='lat' dir='ltr'><strong>enim</strong></span> <span class='ocrx_word' id='word_1_111' title='bbox 791 1914 930 1992; x_wconf 90' lang='lat' dir='ltr'><strong>inspicias</strong></span> <span class='ocrx_word' id='word_1_112' title='bbox 960 1914 1064 1975; x_wconf 87' lang='lat' dir='ltr'><strong>aetatis</strong></span> <span class='ocrx_word' id='word_1_113' title='bbox 1087 1912 1317 1982; x_wconf 75' lang='lat' dir='ltr'><strong>demonstratio·</strong></span> 
     </span>
     <span class='ocr_line' id='line_1_14' title="bbox 152 2012 1318 2095; baseline 0.003 -21"><span class='ocrx_word' id='word_1_114' title='bbox 152 2034 239 2085; x_wconf 88' lang='lat' dir='ltr'><strong>nem,</strong></span> <span class='ocrx_word' id='word_1_115' title='bbox 271 2032 306 2073; x_wconf 93' lang='lat' dir='ltr'><strong>an</strong></span> <span class='ocrx_word' id='word_1_116' title='bbox 334 2013 428 2072; x_wconf 88' lang='lat' dir='ltr'><strong>virum</strong></span> <span class='ocrx_word' id='word_1_117' title='bbox 456 2014 513 2073; x_wconf 88' lang='lat' dir='ltr'><strong>inm</strong></span> <span class='ocrx_word' id='word_1_118' title='bbox 536 2012 683 2073; x_wconf 83' lang='lat' dir='ltr'><strong>Christum</strong></span> <span class='ocrx_word' id='word_1_119' title='bbox 712 2013 851 2093; x_wconf 81' lang='lat' dir='ltr'><strong>exhibere</strong></span> <span class='ocrx_word' id='word_1_120' title='bbox 878 2015 933 2076; x_wconf 89' lang='lat' dir='ltr'><strong>ista</strong></span> <span class='ocrx_word' id='word_1_121' title='bbox 956 2023 1036 2077; x_wconf 87' lang='lat' dir='ltr'><strong>aetas</strong></span> <span class='ocrx_word' id='word_1_122' title='bbox 1064 2017 1178 2095; x_wconf 87' lang='lat' dir='ltr'><strong>possit,</strong></span> <span class='ocrx_word' id='word_1_123' title='bbox 1209 2014 1318 2077; x_wconf 90' lang='lat' dir='ltr'><strong>nedum</strong></span> 
     </span>
     <span class='ocr_line' id='line_1_15' title="bbox 152 2114 1320 2194; baseline 0.001 -19"><span class='ocrx_word' id='word_1_124' title='bbox 152 2116 372 2192; x_wconf 87' lang='lat' dir='ltr'><strong>imperatorem.</strong></span> <span class='ocrx_word' id='word_1_125' title='bbox 405 2114 523 2175; x_wconf 88' lang='lat' dir='ltr'><strong>Scilicet</strong></span> <span class='ocrx_word' id='word_1_126' title='bbox 544 2114 640 2194; x_wconf 84' lang='lat' dir='ltr'><strong>vagitu</strong></span> <span class='ocrx_word' id='word_1_127' title='bbox 663 2114 698 2175; x_wconf 92' lang='lat' dir='ltr'><strong>ad</strong></span> <span class='ocrx_word' id='word_1_128' title='bbox 721 2134 800 2176; x_wconf 88' lang='lat' dir='ltr'><strong>arma</strong></span> <span class='ocrx_word' id='word_1_129' title='bbox 823 2124 905 2178; x_wconf 89' lang='lat' dir='ltr'><strong>esset</strong></span> <span class='ocrx_word' id='word_1_130' title='bbox 918 2125 1132 2178; x_wconf 86' lang='lat' dir='ltr'><strong>convocaturus</strong></span> <span class='ocrx_word' id='word_1_131' title='bbox 1154 2117 1266 2190; x_wconf 85' lang='lat' dir='ltr'><strong>intans,</strong></span> <span class='ocrx_word' id='word_1_132' title='bbox 1290 2124 1320 2177; x_wconf 91' lang='lat' dir='ltr'><strong>et</strong></span> 
     </span>
     <span class='ocr_line' id='line_1_16' title="bbox 153 2209 1319 2296; baseline 0.003 -20"><span class='ocrx_word' id='word_1_133' title='bbox 153 2216 272 2294; x_wconf 87' lang='lat' dir='ltr'><strong>signum</strong></span> <span class='ocrx_word' id='word_1_134' title='bbox 294 2213 361 2274; x_wconf 89' lang='lat' dir='ltr'><strong>belli</strong></span> <span class='ocrx_word' id='word_1_135' title='bbox 384 2233 445 2274; x_wconf 91' lang='lat' dir='ltr'><strong>non</strong></span> <span class='ocrx_word' id='word_1_136' title='bbox 468 2216 552 2289; x_wconf 85' lang='lat' dir='ltr'><strong>tuba,</strong></span> <span class='ocrx_word' id='word_1_137' title='bbox 576 2217 628 2276; x_wconf 86' lang='lat' dir='ltr'><strong>scd</strong></span> <span class='ocrx_word' id='word_1_138' title='bbox 652 2216 855 2295; x_wconf 82' lang='lat' dir='ltr'><strong>¹³crepitaculo</strong></span> <span class='ocrx_word' id='word_1_139' title='bbox 878 2209 1022 2292; x_wconf 82' lang='lat' dir='ltr'><strong>daturus,¹</strong></span> <span class='ocrx_word' id='word_1_140' title='bbox 1042 2237 1098 2280; x_wconf 88' lang='lat' dir='ltr'><strong>nec</strong></span> <span class='ocrx_word' id='word_1_141' title='bbox 1118 2237 1153 2279; x_wconf 84' lang='lat' dir='ltr'><strong>ex</strong></span> <span class='ocrx_word' id='word_1_142' title='bbox 1175 2235 1251 2296; x_wconf 86' lang='lat' dir='ltr'><strong>equo</strong></span> <span class='ocrx_word' id='word_1_143' title='bbox 1273 2218 1319 2279; x_wconf 84' lang='lat' dir='ltr'><strong>vel</strong></span> 
     </span>
     <span class='ocr_line' id='line_1_17' title="bbox 154 2316 1318 2397; baseline 0.003 -20"><span class='ocrx_word' id='word_1_144' title='bbox 154 2318 192 2377; x_wconf 93' lang='lat' dir='ltr'><strong>de</strong></span> <span class='ocrx_word' id='word_1_145' title='bbox 216 2335 317 2388; x_wconf 89' lang='lat' dir='ltr'><strong>muro,</strong></span> <span class='ocrx_word' id='word_1_146' title='bbox 347 2316 398 2375; x_wconf 88' lang='lat' dir='ltr'><strong>scd</strong></span> <span class='ocrx_word' id='word_1_147' title='bbox 422 2316 457 2377; x_wconf 88' lang='lat' dir='ltr'><strong>de</strong></span> <span class='ocrx_word' id='word_1_148' title='bbox 479 2317 603 2378; x_wconf 88' lang='lat' dir='ltr'><strong>nutricis</strong></span> <span class='ocrx_word' id='word_1_149' title='bbox 626 2326 655 2378; x_wconf 87' lang='lat' dir='ltr'><strong>et</strong></span> <span class='ocrx_word' id='word_1_150' title='bbox 676 2318 793 2397; x_wconf 89' lang='lat' dir='ltr'><strong>gerulae</strong></span> <span class='ocrx_word' id='word_1_151' title='bbox 816 2336 887 2379; x_wconf 87' lang='lat' dir='ltr'><strong>suae</strong></span> <span class='ocrx_word' id='word_1_152' title='bbox 909 2319 1000 2381; x_wconf 89' lang='lat' dir='ltr'><strong>dorso</strong></span> <span class='ocrx_word' id='word_1_153' title='bbox 1022 2319 1084 2381; x_wconf 88' lang='lat' dir='ltr'><strong>sire</strong></span> <span class='ocrx_word' id='word_1_154' title='bbox 1105 2319 1180 2381; x_wconf 90' lang='lat' dir='ltr'><strong>collo</strong></span> <span class='ocrx_word' id='word_1_155' title='bbox 1201 2318 1318 2382; x_wconf 85' lang='lat' dir='ltr'><strong>hostem</strong></span> 
     </span>
     <span class='ocr_line' id='line_1_18' title="bbox 154 2418 1318 2505; baseline 0.003 -27"><span class='ocrx_word' id='word_1_156' title='bbox 154 2419 379 2495; x_wconf 84' lang='lat' dir='ltr'><strong>designaturus,</strong></span> <span class='ocrx_word' id='word_1_157' title='bbox 409 2425 495 2505; x_wconf 79' lang='lat' dir='ltr'><strong>atqpe</strong></span> <span class='ocrx_word' id='word_1_158' title='bbox 518 2418 556 2478; x_wconf 87' lang='lat' dir='ltr'><strong>ita</strong></span> <span class='ocrx_word' id='word_1_159' title='bbox 579 2419 752 2479; x_wconf 87' lang='lat' dir='ltr'><strong>Damascum</strong></span> <span class='ocrx_word' id='word_1_160' title='bbox 775 2428 805 2481; x_wconf 90' lang='lat' dir='ltr'><strong>et</strong></span> <span class='ocrx_word' id='word_1_161' title='bbox 826 2420 986 2481; x_wconf 89' lang='lat' dir='ltr'><strong>Samariam</strong></span> <span class='ocrx_word' id='word_1_162' title='bbox 1008 2439 1063 2500; x_wconf 90' lang='lat' dir='ltr'><strong>pro</strong></span> <span class='ocrx_word' id='word_1_163' title='bbox 1086 2419 1222 2497; x_wconf 79' lang='lat' dir='ltr'><strong>mammis</strong></span> <span class='ocrx_word' id='word_1_164' title='bbox 1245 2419 1318 2481; x_wconf 82' lang='lat' dir='ltr'><strong>sub&#39;-</strong></span> 
     </span>
     <span class='ocr_line' id='line_1_19' title="bbox 157 2518 1320 2602; baseline 0 -20"><span class='ocrx_word' id='word_1_165' title='bbox 157 2529 287 2582; x_wconf 91' lang='lat' dir='ltr'><strong>acturus.</strong></span> <span class='ocrx_word' id='word_1_166' title='bbox 332 2518 415 2578; x_wconf 80' lang='lat' dir='ltr'><strong>atiud</strong></span> <span class='ocrx_word' id='word_1_167' title='bbox 439 2527 484 2579; x_wconf 87' lang='lat' dir='ltr'><strong>est</strong></span> <span class='ocrx_word' id='word_1_168' title='bbox 507 2520 531 2579; x_wconf 94' lang='lat' dir='ltr'><strong>si</strong></span> <span class='ocrx_word' id='word_1_169' title='bbox 553 2539 646 2599; x_wconf 90' lang='lat' dir='ltr'><strong>penes</strong></span> <span class='ocrx_word' id='word_1_170' title='bbox 674 2539 728 2580; x_wconf 84' lang='lat' dir='ltr'><strong>ros</strong></span> <span class='ocrx_word' id='word_1_171' title='bbox 757 2521 884 2582; x_wconf 81' lang='lat' dir='ltr'><strong>infantes</strong></span> <span class='ocrx_word' id='word_1_172' title='bbox 905 2522 935 2582; x_wconf 92' lang='lat' dir='ltr'><strong>in</strong></span> <span class='ocrx_word' id='word_1_173' title='bbox 959 2520 1131 2602; x_wconf 72' lang='lat' dir='ltr'><strong>¹⁶proelium</strong></span> <span class='ocrx_word' id='word_1_174' title='bbox 1153 2528 1320 2601; x_wconf 85' lang='lat' dir='ltr'><strong>erumpunt,</strong></span> 
     </span>
     <span class='ocr_line' id='line_1_20' title="bbox 155 2620 1319 2703; baseline 0.001 -21"><span class='ocrx_word' id='word_1_175' title='bbox 155 2622 246 2683; x_wconf 83' lang='lat' dir='ltr'><strong>credo</strong></span> <span class='ocrx_word' id='word_1_176' title='bbox 268 2622 303 2681; x_wconf 90' lang='lat' dir='ltr'><strong>ad</strong></span> <span class='ocrx_word' id='word_1_177' title='bbox 327 2620 418 2681; x_wconf 90' lang='lat' dir='ltr'><strong>solem</strong></span> <span class='ocrx_word' id='word_1_178' title='bbox 442 2622 519 2681; x_wconf 84' lang='lat' dir='ltr'><strong>uncti</strong></span> <span class='ocrx_word' id='word_1_179' title='bbox 544 2621 642 2699; x_wconf 88' lang='lat' dir='ltr'><strong>prius,</strong></span> <span class='ocrx_word' id='word_1_180' title='bbox 676 2621 783 2684; x_wconf 87' lang='lat' dir='ltr'><strong>debinc</strong></span> <span class='ocrx_word' id='word_1_181' title='bbox 807 2623 915 2703; x_wconf 89' lang='lat' dir='ltr'><strong>pannis</strong></span> <span class='ocrx_word' id='word_1_182' title='bbox 943 2624 1047 2685; x_wconf 89' lang='lat' dir='ltr'><strong>armati</strong></span> <span class='ocrx_word' id='word_1_183' title='bbox 1080 2631 1110 2684; x_wconf 86' lang='lat' dir='ltr'><strong>et</strong></span> <span class='ocrx_word' id='word_1_184' title='bbox 1136 2622 1240 2703; x_wconf 80' lang='lat' dir='ltr'><strong>butyro</strong></span> <span class='ocrx_word' id='word_1_185' title='bbox 1263 2622 1319 2684; x_wconf 89' lang='lat' dir='ltr'><strong>sti·</strong></span> 
     </span>
     <span class='ocr_line' id='line_1_21' title="bbox 154 2707 1363 2803; baseline 0.001 -21"><span class='ocrx_word' id='word_1_186' title='bbox 154 2721 301 2803; x_wconf 86' lang='lat' dir='ltr'><strong>pendiati,</strong></span> <span class='ocrx_word' id='word_1_187' title='bbox 336 2722 385 2800; x_wconf 93' lang='lat' dir='ltr'><strong>qui</strong></span> <span class='ocrx_word' id='word_1_188' title='bbox 408 2731 475 2783; x_wconf 84' lang='lat' dir='ltr'><strong>ante</strong></span> <span class='ocrx_word' id='word_1_189' title='bbox 496 2723 597 2783; x_wconf 88' lang='lat' dir='ltr'><strong>norint</strong></span> <span class='ocrx_word' id='word_1_190' title='bbox 620 2723 779 2785; x_wconf 81' lang='lat' dir='ltr'><strong>¹⁷lanceare</strong></span> <span class='ocrx_word' id='word_1_191' title='bbox 806 2743 892 2803; x_wconf 86' lang='lat' dir='ltr'><strong>quam</strong></span> <span class='ocrx_word' id='word_1_192' title='bbox 914 2723 1091 2785; x_wconf 65' lang='lat' dir='ltr'><strong>lancinarel.</strong></span> <span class='ocrx_word' id='word_1_193' title='bbox 1135 2722 1319 2785; x_wconf 77' lang='lat' dir='ltr'><strong>¹’Enimvero</strong></span> <span class='ocrx_word' id='word_1_194' title='bbox 1357 2707 1363 2725; x_wconf 61' lang='lat'>⁸</span> 
     </span>
     <span class='ocr_line' id='line_1_22' title="bbox 155 2823 1319 2906; baseline 0.002 -22"><span class='ocrx_word' id='word_1_195' title='bbox 155 2825 181 2884; x_wconf 90' lang='lat' dir='ltr'><strong>si</strong></span> <span class='ocrx_word' id='word_1_196' title='bbox 206 2841 351 2902; x_wconf 86' lang='lat' dir='ltr'><strong>nusquam</strong></span> <span class='ocrx_word' id='word_1_197' title='bbox 373 2823 431 2883; x_wconf 93' lang='lat' dir='ltr'><strong>boc</strong></span> <span class='ocrx_word' id='word_1_198' title='bbox 452 2833 554 2886; x_wconf 83' lang='lat' dir='ltr'><strong>natura</strong></span> <span class='ocrx_word' id='word_1_199' title='bbox 577 2825 726 2900; x_wconf 89' lang='lat' dir='ltr'><strong>concedit,</strong></span> <span class='ocrx_word' id='word_1_200' title='bbox 750 2834 817 2888; x_wconf 87' lang='lat' dir='ltr'><strong>ante</strong></span> <span class='ocrx_word' id='word_1_201' title='bbox 839 2824 965 2888; x_wconf 83' lang='lat' dir='ltr'><strong>militare</strong></span> <span class='ocrx_word' id='word_1_202' title='bbox 984 2844 1071 2906; x_wconf 88' lang='lat' dir='ltr'><strong>quam</strong></span> <span class='ocrx_word' id='word_1_203' title='bbox 1087 2825 1180 2887; x_wconf 84' lang='lat' dir='ltr'><strong>virum</strong></span> <span class='ocrx_word' id='word_1_204' title='bbox 1197 2825 1319 2898; x_wconf 76' lang='lat' dir='ltr'><strong>lacere⁰,</strong></span> 
     </span>
     <span class='ocr_line' id='line_1_23' title="bbox 155 2925 1320 3007; baseline -0.001 -20"><span class='ocrx_word' id='word_1_205' title='bbox 155 2936 223 2987; x_wconf 91' lang='lat' dir='ltr'><strong>aute</strong></span> <span class='ocrx_word' id='word_1_206' title='bbox 252 2926 387 2986; x_wconf 84' lang='lat' dir='ltr'><strong>virtutem</strong></span> <span class='ocrx_word' id='word_1_207' title='bbox 415 2925 547 2986; x_wconf 82' lang='lat' dir='ltr'><strong>Danrasci</strong></span> <span class='ocrx_word' id='word_1_208' title='bbox 576 2946 694 3001; x_wconf 89' lang='lat' dir='ltr'><strong>sumere</strong></span> <span class='ocrx_word' id='word_1_209' title='bbox 723 2947 809 3007; x_wconf 88' lang='lat' dir='ltr'><strong>quam</strong></span> <span class='ocrx_word' id='word_1_210' title='bbox 843 2938 956 3007; x_wconf 89' lang='lat' dir='ltr'><strong>patrem</strong></span> <span class='ocrx_word' id='word_1_211' title='bbox 989 2947 1094 3002; x_wconf 91' lang='lat' dir='ltr'><strong>nosse,</strong></span> <span class='ocrx_word' id='word_1_212' title='bbox 1125 2926 1259 3006; x_wconf 89' lang='lat' dir='ltr'><strong>sequitur</strong></span> <span class='ocrx_word' id='word_1_213' title='bbox 1288 2934 1320 2986; x_wconf 88' lang='lat' dir='ltr'><strong>ut</strong></span> 
     </span>
     <span class='ocr_line' id='line_1_24' title="bbox 154 3017 1392 3109; baseline 0 -21"><span class='ocrx_word' id='word_1_214' title='bbox 154 3029 277 3106; x_wconf 84' lang='lat' dir='ltr'><strong>figurate</strong></span> <span class='ocrx_word' id='word_1_215' title='bbox 299 3028 518 3105; x_wconf 88' lang='lat' dir='ltr'><strong>pronuntiatum</strong></span> <span class='ocrx_word' id='word_1_216' title='bbox 541 3028 681 3090; x_wconf 85' lang='lat' dir='ltr'><strong>videatur.</strong></span> <span class='ocrx_word' id='word_1_217' title='bbox 725 3030 783 3090; x_wconf 91' lang='lat' dir='ltr'><strong>Sed</strong></span> <span class='ocrx_word' id='word_1_218' title='bbox 807 3039 837 3091; x_wconf 86' lang='lat' dir='ltr'><strong>et</strong></span> <span class='ocrx_word' id='word_1_219' title='bbox 858 3017 1194 3109; x_wconf 54' lang='lat' dir='ltr'><strong>virginemsinquiunt,</strong></span> <span class='ocrx_word' id='word_1_220' title='bbox 1215 3045 1320 3108; x_wconf 84' lang='lat' dir='ltr'><strong>parere</strong></span> <span class='ocrx_word' id='word_1_221' title='bbox 1390 3050 1392 3055; x_wconf 69' lang='grc'>’</span> 
     </span>
     <span class='ocr_line' id='line_1_25' title="bbox 154 3129 1319 3211; baseline 0 -21"><span class='ocrx_word' id='word_1_222' title='bbox 154 3141 258 3191; x_wconf 90' lang='lat' dir='ltr'><strong>natura</strong></span> <span class='ocrx_word' id='word_1_223' title='bbox 280 3147 341 3187; x_wconf 90' lang='lat' dir='ltr'><strong>nou</strong></span> <span class='ocrx_word' id='word_1_224' title='bbox 363 3129 487 3207; x_wconf 89' lang='lat' dir='ltr'><strong>patitur,</strong></span> <span class='ocrx_word' id='word_1_225' title='bbox 512 3138 540 3190; x_wconf 88' lang='lat' dir='ltr'><strong>ct</strong></span> <span class='ocrx_word' id='word_1_226' title='bbox 562 3139 658 3191; x_wconf 87' lang='lat' dir='ltr'><strong>tamen</strong></span> <span class='ocrx_word' id='word_1_227' title='bbox 682 3131 860 3192; x_wconf 90' lang='lat' dir='ltr'><strong>credendum</strong></span> <span class='ocrx_word' id='word_1_228' title='bbox 883 3131 1116 3211; x_wconf 86' lang='lat' dir='ltr'><strong>estpropbetae.</strong></span> <span class='ocrx_word' id='word_1_229' title='bbox 1150 3130 1187 3191; x_wconf 92' lang='lat' dir='ltr'><strong>Et</strong></span> <span class='ocrx_word' id='word_1_230' title='bbox 1201 3129 1319 3192; x_wconf 83' lang='lat' dir='ltr'><strong>marito.</strong></span> 
     </span>
     <span class='ocr_line' id='line_1_26' title="bbox 154 3222 1321 3310; baseline -0.001 -19"><span class='ocrx_word' id='word_1_231' title='bbox 154 3230 336 3292; x_wconf 82' lang='lat' dir='ltr'><strong>Praestruxit</strong></span> <span class='ocrx_word' id='word_1_232' title='bbox 359 3230 436 3289; x_wconf 89' lang='lat' dir='ltr'><strong>enim</strong></span> <span class='ocrx_word' id='word_1_233' title='bbox 460 3230 546 3290; x_wconf 83' lang='lat' dir='ltr'><strong>sidem</strong></span> <span class='ocrx_word' id='word_1_234' title='bbox 571 3231 760 3292; x_wconf 67' lang='lat' dir='ltr'><strong>¹⁹incredibili</strong></span> <span class='ocrx_word' id='word_1_235' title='bbox 782 3233 842 3305; x_wconf 90' lang='lat' dir='ltr'><strong>rei,</strong></span> <span class='ocrx_word' id='word_1_236' title='bbox 865 3232 988 3293; x_wconf 87' lang='lat' dir='ltr'><strong>dicendo</strong></span> <span class='ocrx_word' id='word_1_237' title='bbox 1004 3222 1082 3310; x_wconf 83' lang='lat' dir='ltr'><strong>quod</strong></span> <span class='ocrx_word' id='word_1_238' title='bbox 1100 3231 1215 3310; x_wconf 90' lang='lat' dir='ltr'><strong>signum</strong></span> <span class='ocrx_word' id='word_1_239' title='bbox 1239 3238 1321 3291; x_wconf 89' lang='lat' dir='ltr'><strong>esset</strong></span> 
     </span>
     <span class='ocr_line' id='line_1_27' title="bbox 155 3330 1318 3411; baseline -0.003 -19"><span class='ocrx_word' id='word_1_240' title='bbox 155 3335 297 3392; x_wconf 82' lang='lat' dir='ltr'><strong>futurum.</strong></span> <span class='ocrx_word' id='word_1_241' title='bbox 330 3330 505 3409; x_wconf 86' lang='lat' dir='ltr'><strong>Propterea,</strong></span> <span class='ocrx_word' id='word_1_242' title='bbox 528 3332 635 3409; x_wconf 86' lang='lat' dir='ltr'><strong>inquit,</strong></span> <span class='ocrx_word' id='word_1_243' title='bbox 659 3331 774 3392; x_wconf 89' lang='lat' dir='ltr'><strong>dabitur</strong></span> <span class='ocrx_word' id='word_1_244' title='bbox 795 3332 880 3392; x_wconf 88' lang='lat' dir='ltr'><strong>vobis</strong></span> <span class='ocrx_word' id='word_1_245' title='bbox 896 3333 1022 3411; x_wconf 87' lang='lat' dir='ltr'><strong>signnm.</strong></span> <span class='ocrx_word' id='word_1_246' title='bbox 1056 3332 1130 3392; x_wconf 90' lang='lat' dir='ltr'><strong>Ecce</strong></span> <span class='ocrx_word' id='word_1_247' title='bbox 1146 3332 1228 3408; x_wconf 88' lang='lat' dir='ltr'><strong>virgo</strong></span> <span class='ocrx_word' id='word_1_248' title='bbox 1245 3348 1318 3390; x_wconf 91' lang='lat' dir='ltr'><strong>cou-</strong></span> 
     </span>
     <span class='ocr_line' id='line_1_28' title="bbox 157 3431 1344 3511; baseline -0.005 -17"><span class='ocrx_word' id='word_1_249' title='bbox 157 3434 245 3511; x_wconf 86' lang='lat' dir='ltr'><strong>cipiet</strong></span> <span class='ocrx_word' id='word_1_250' title='bbox 267 3432 296 3492; x_wconf 94' lang='lat' dir='ltr'><strong>in</strong></span> <span class='ocrx_word' id='word_1_251' title='bbox 321 3441 404 3492; x_wconf 87' lang='lat' dir='ltr'><strong>utero</strong></span> <span class='ocrx_word' id='word_1_252' title='bbox 428 3443 457 3492; x_wconf 88' lang='lat' dir='ltr'><strong>et</strong></span> <span class='ocrx_word' id='word_1_253' title='bbox 478 3432 571 3511; x_wconf 86' lang='lat' dir='ltr'><strong>pariet</strong></span> <span class='ocrx_word' id='word_1_254' title='bbox 593 3432 693 3492; x_wconf 83' lang='lat' dir='ltr'><strong>filium.</strong></span> <span class='ocrx_word' id='word_1_255' title='bbox 727 3433 849 3511; x_wconf 81' lang='lat' dir='ltr'><strong>Signum</strong></span> <span class='ocrx_word' id='word_1_256' title='bbox 872 3441 968 3493; x_wconf 88' lang='lat' dir='ltr'><strong>autem</strong></span> <span class='ocrx_word' id='word_1_257' title='bbox 991 3452 1006 3492; x_wconf 92' lang='lat' dir='ltr'><strong>a</strong></span> <span class='ocrx_word' id='word_1_258' title='bbox 1028 3432 1100 3503; x_wconf 87' lang='lat' dir='ltr'><strong>deo,</strong></span> <span class='ocrx_word' id='word_1_259' title='bbox 1123 3431 1180 3491; x_wconf 91' lang='lat' dir='ltr'><strong>nisi</strong></span> <span class='ocrx_word' id='word_1_260' title='bbox 1202 3431 1319 3491; x_wconf 85' lang='lat' dir='ltr'><strong>novitas</strong></span> <span class='ocrx_word' id='word_1_261' title='bbox 1342 3481 1344 3485; x_wconf 94' lang='lat'>.</span> 
     </span>
     <span class='ocr_line' id='line_1_29' title="bbox 157 3529 1320 3612; baseline -0.004 -17"><span class='ocrx_word' id='word_1_262' title='bbox 157 3535 252 3611; x_wconf 80' lang='lat' dir='ltr'><strong>aliqua</strong></span> <span class='ocrx_word' id='word_1_263' title='bbox 275 3541 463 3593; x_wconf 86' lang='lat' dir='ltr'><strong>monstruosa</strong></span> <span class='ocrx_word' id='word_1_264' title='bbox 493 3533 614 3605; x_wconf 89' lang='lat' dir='ltr'><strong>luisset,</strong></span> <span class='ocrx_word' id='word_1_265' title='bbox 647 3532 793 3612; x_wconf 69' lang='lat' dir='ltr'><strong>”signum</strong></span> <span class='ocrx_word' id='word_1_266' title='bbox 822 3551 881 3593; x_wconf 90' lang='lat' dir='ltr'><strong>non</strong></span> <span class='ocrx_word' id='word_1_267' title='bbox 909 3533 1067 3593; x_wconf 86' lang='lat' dir='ltr'><strong>rideretur.</strong></span> <span class='ocrx_word' id='word_1_268' title='bbox 1122 3531 1255 3610; x_wconf 85' lang='lat' dir='ltr'><strong>Denique</strong></span> <span class='ocrx_word' id='word_1_269' title='bbox 1282 3529 1320 3603; x_wconf 88' lang='lat' dir='ltr'><strong>si,</strong></span> 
     </span>
     <span class='ocr_line' id='line_1_30' title="bbox 158 3631 1320 3713; baseline -0.001 -20"><span class='ocrx_word' id='word_1_270' title='bbox 158 3634 275 3713; x_wconf 90' lang='lat' dir='ltr'><strong>qnando</strong></span> <span class='ocrx_word' id='word_1_271' title='bbox 298 3636 332 3694; x_wconf 90' lang='lat' dir='ltr'><strong>ad</strong></span> <span class='ocrx_word' id='word_1_272' title='bbox 355 3635 525 3695; x_wconf 80' lang='lat' dir='ltr'><strong>deiciendos</strong></span> <span class='ocrx_word' id='word_1_273' title='bbox 548 3634 661 3712; x_wconf 85' lang='lat' dir='ltr'><strong>aliquos</strong></span> <span class='ocrx_word' id='word_1_274' title='bbox 690 3634 725 3694; x_wconf 92' lang='lat' dir='ltr'><strong>ab</strong></span> <span class='ocrx_word' id='word_1_275' title='bbox 748 3634 802 3694; x_wconf 90' lang='lat' dir='ltr'><strong>bac</strong></span> <span class='ocrx_word' id='word_1_276' title='bbox 824 3634 919 3695; x_wconf 84' lang='lat' dir='ltr'><strong>divina</strong></span> <span class='ocrx_word' id='word_1_277' title='bbox 941 3632 1159 3713; x_wconf 87' lang='lat' dir='ltr'><strong>praedicatione</strong></span> <span class='ocrx_word' id='word_1_278' title='bbox 1180 3631 1225 3692; x_wconf 87' lang='lat' dir='ltr'><strong>rel</strong></span> <span class='ocrx_word' id='word_1_279' title='bbox 1246 3649 1320 3693; x_wconf 90' lang='lat' dir='ltr'><strong>con·</strong></span> 
     </span>
     <span class='ocr_line' id='line_1_31' title="bbox 158 3732 1320 3815; baseline -0.003 -21"><span class='ocrx_word' id='word_1_280' title='bbox 158 3745 282 3796; x_wconf 81' lang='lat' dir='ltr'><strong>vertere</strong></span> <span class='ocrx_word' id='word_1_281' title='bbox 301 3734 476 3815; x_wconf 79' lang='lat' dir='ltr'><strong>²¹simplices</strong></span> <span class='ocrx_word' id='word_1_282' title='bbox 511 3754 643 3814; x_wconf 85' lang='lat' dir='ltr'><strong>quosque</strong></span> <span class='ocrx_word' id='word_1_283' title='bbox 677 3734 807 3813; x_wconf 83' lang='lat' dir='ltr'><strong>gestitis,</strong></span> <span class='ocrx_word' id='word_1_284' title='bbox 842 3734 959 3797; x_wconf 89' lang='lat' dir='ltr'><strong>mentiri</strong></span> <span class='ocrx_word' id='word_1_285' title='bbox 987 3734 1114 3807; x_wconf 82' lang='lat' dir='ltr'><strong>audatis,</strong></span> <span class='ocrx_word' id='word_1_286' title='bbox 1148 3732 1233 3813; x_wconf 84' lang='lat' dir='ltr'><strong>quasi</strong></span> <span class='ocrx_word' id='word_1_287' title='bbox 1259 3749 1320 3793; x_wconf 92' lang='lat' dir='ltr'><strong>non</strong></span> 
     </span>
     <span class='ocr_line' id='line_1_32' title="bbox 157 3834 1319 3916; baseline -0.004 -18"><span class='ocrx_word' id='word_1_288' title='bbox 157 3838 315 3915; x_wconf 87' lang='lat' dir='ltr'><strong>virginem,</strong></span> <span class='ocrx_word' id='word_1_289' title='bbox 339 3838 390 3898; x_wconf 87' lang='lat' dir='ltr'><strong>sed</strong></span> <span class='ocrx_word' id='word_1_290' title='bbox 413 3837 593 3899; x_wconf 89' lang='lat' dir='ltr'><strong>iuvenculam</strong></span> <span class='ocrx_word' id='word_1_291' title='bbox 616 3846 822 3916; x_wconf 89' lang='lat' dir='ltr'><strong>concepturam</strong></span> <span class='ocrx_word' id='word_1_292' title='bbox 839 3844 867 3897; x_wconf 88' lang='lat' dir='ltr'><strong>ct</strong></span> <span class='ocrx_word' id='word_1_293' title='bbox 881 3837 1041 3915; x_wconf 88' lang='lat' dir='ltr'><strong>parituram</strong></span> <span class='ocrx_word' id='word_1_294' title='bbox 1056 3834 1230 3915; x_wconf 77' lang='lat' dir='ltr'><strong>”scriptura</strong></span> <span class='ocrx_word' id='word_1_295' title='bbox 1245 3851 1319 3894; x_wconf 93' lang='lat' dir='ltr'><strong>con·</strong></span> 
     </span>
     <span class='ocr_line' id='line_1_33' title="bbox 157 3935 1319 4025; baseline -0.003 -25"><span class='ocrx_word' id='word_1_296' title='bbox 157 3941 264 4011; x_wconf 80' lang='lat' dir='ltr'><strong>tinent,</strong></span> <span class='ocrx_word' id='word_1_297' title='bbox 287 3940 355 4000; x_wconf 88' lang='lat' dir='ltr'><strong>binc</strong></span> <span class='ocrx_word' id='word_1_298' title='bbox 377 3959 493 4018; x_wconf 91' lang='lat' dir='ltr'><strong>quoque</strong></span> <span class='ocrx_word' id='word_1_299' title='bbox 515 3938 715 4011; x_wconf 85' lang='lat' dir='ltr'><strong>revincimini,</strong></span> <span class='ocrx_word' id='word_1_300' title='bbox 743 3939 821 4017; x_wconf 88' lang='lat' dir='ltr'><strong>quod</strong></span> <span class='ocrx_word' id='word_1_301' title='bbox 844 3937 917 3999; x_wconf 92' lang='lat' dir='ltr'><strong>nibil</strong></span> <span class='ocrx_word' id='word_1_302' title='bbox 939 3937 1014 4018; x_wconf 90' lang='lat' dir='ltr'><strong>signi</strong></span> <span class='ocrx_word' id='word_1_303' title='bbox 1036 3937 1129 4025; x_wconf 78' lang='lat' dir='ltr'><strong>rideri</strong></span> <span class='ocrx_word' id='word_1_304' title='bbox 1150 3935 1250 4016; x_wconf 88' lang='lat' dir='ltr'><strong>possit</strong></span> <span class='ocrx_word' id='word_1_305' title='bbox 1270 3952 1319 3996; x_wconf 89' lang='lat' dir='ltr'><strong>res</strong></span> 
     </span>
     <span class='ocr_line' id='line_1_34' title="bbox 157 4038 1320 4120; baseline -0.004 -18"><span class='ocrx_word' id='word_1_306' title='bbox 157 4042 316 4112; x_wconf 89' lang='lat' dir='ltr'><strong>cotidiana,</strong></span> <span class='ocrx_word' id='word_1_307' title='bbox 340 4040 507 4101; x_wconf 87' lang='lat' dir='ltr'><strong>iuvenculae</strong></span> <span class='ocrx_word' id='word_1_308' title='bbox 529 4040 638 4100; x_wconf 88' lang='lat' dir='ltr'><strong>scilicet</strong></span> <span class='ocrx_word' id='word_1_309' title='bbox 660 4049 836 4119; x_wconf 82' lang='lat' dir='ltr'><strong>praegnatus</strong></span> <span class='ocrx_word' id='word_1_310' title='bbox 859 4047 888 4101; x_wconf 86' lang='lat' dir='ltr'><strong>cl</strong></span> <span class='ocrx_word' id='word_1_311' title='bbox 908 4049 1022 4120; x_wconf 87' lang='lat' dir='ltr'><strong>partus.</strong></span> <span class='ocrx_word' id='word_1_312' title='bbox 1054 4038 1091 4100; x_wconf 85' lang='lat' dir='ltr'><strong>Et</strong></span> <span class='ocrx_word' id='word_1_313' title='bbox 1112 4038 1229 4117; x_wconf 81' lang='lat' dir='ltr'><strong>signum</strong></span> <span class='ocrx_word' id='word_1_314' title='bbox 1249 4055 1320 4116; x_wconf 90' lang='lat' dir='ltr'><strong>crgo</strong></span> 
     </span>
     <span class='ocr_line' id='line_1_35' title="bbox 157 4139 1391 4221; baseline -0.004 -17"><span class='ocrx_word' id='word_1_315' title='bbox 157 4143 244 4204; x_wconf 89' lang='lat' dir='ltr'><strong>nobis</strong></span> <span class='ocrx_word' id='word_1_316' title='bbox 268 4143 363 4221; x_wconf 90' lang='lat' dir='ltr'><strong>posita</strong></span> <span class='ocrx_word' id='word_1_317' title='bbox 387 4143 467 4221; x_wconf 86' lang='lat' dir='ltr'><strong>virgo</strong></span> <span class='ocrx_word' id='word_1_318' title='bbox 491 4152 584 4202; x_wconf 86' lang='lat' dir='ltr'><strong>mater</strong></span> <span class='ocrx_word' id='word_1_319' title='bbox 606 4142 711 4202; x_wconf 86' lang='lat' dir='ltr'><strong>merito</strong></span> <span class='ocrx_word' id='word_1_320' title='bbox 734 4141 881 4214; x_wconf 87' lang='lat' dir='ltr'><strong>credilur,</strong></span> <span class='ocrx_word' id='word_1_321' title='bbox 905 4140 1000 4202; x_wconf 88' lang='lat' dir='ltr'><strong>iulans</strong></span> <span class='ocrx_word' id='word_1_322' title='bbox 1022 4159 1093 4202; x_wconf 82' lang='lat' dir='ltr'><strong>vero</strong></span> <span class='ocrx_word' id='word_1_323' title='bbox 1115 4139 1240 4201; x_wconf 91' lang='lat' dir='ltr'><strong>bellator</strong></span> <span class='ocrx_word' id='word_1_324' title='bbox 1259 4156 1320 4199; x_wconf 93' lang='lat' dir='ltr'><strong>non</strong></span> <span class='ocrx_word' id='word_1_325' title='bbox 1389 4194 1391 4199; x_wconf 76' lang='grc'><strong><em>,</em></strong></span> 
     </span>
    </p>
   </div>
   <div class='ocr_carea' id='block_1_5' title="bbox 157 4288 1319 4631">
    <p class='ocr_par' dir='ltr' id='par_1_5' title="bbox 157 4288 1319 4631">
     <span class='ocr_line' id='line_1_36' title="bbox 161 4288 1319 4359; baseline -0.005 -13"><span class='ocrx_word' id='word_1_326' title='bbox 161 4292 308 4346; x_wconf 74' lang='lat' dir='ltr'><strong>tonant.</strong></span> <span class='ocrx_word' id='word_1_327' title='bbox 345 4298 602 4359; x_wconf 81' lang='lat' dir='ltr'><strong>extotononretiqui.</strong></span> <span class='ocrx_word' id='word_1_328' title='bbox 645 4295 684 4344; x_wconf 88' lang='lat' dir='ltr'><strong>ll.</strong></span> <span class='ocrx_word' id='word_1_329' title='bbox 703 4297 725 4343; x_wconf 90' lang='lat' dir='ltr'><strong>in</strong></span> <span class='ocrx_word' id='word_1_330' title='bbox 745 4296 865 4345; x_wconf 88' lang='lat' dir='ltr'><strong>Christum</strong></span> <span class='ocrx_word' id='word_1_331' title='bbox 883 4288 905 4341; x_wconf 78' lang='grc' dir='ltr'><strong>λ.</strong></span> <span class='ocrx_word' id='word_1_332' title='bbox 941 4294 1036 4343; x_wconf 86' lang='lat' dir='ltr'><strong>Christo</strong></span> <span class='ocrx_word' id='word_1_333' title='bbox 1054 4294 1146 4358; x_wconf 80' lang='lat' dir='ltr'><strong>reliqui.</strong></span> <span class='ocrx_word' id='word_1_334' title='bbox 1184 4291 1319 4356; x_wconf 56' lang='lat' dir='ltr'><strong>mleque</strong></span> 
     </span>
     <span class='ocr_line' id='line_1_37' title="bbox 159 4357 1319 4427; baseline -0.004 -13"><span class='ocrx_word' id='word_1_335' title='bbox 159 4367 316 4414; x_wconf 83' lang='lat' dir='ltr'><strong>etsouocd.</strong></span> <span class='ocrx_word' id='word_1_336' title='bbox 340 4366 407 4413; x_wconf 83' lang='lat' dir='ltr'><strong>Vatis.</strong></span> <span class='ocrx_word' id='word_1_337' title='bbox 454 4365 489 4411; x_wconf 76' lang='lat'><strong>13,</strong></span> <span class='ocrx_word' id='word_1_338' title='bbox 509 4365 621 4411; x_wconf 72' lang='lat' dir='ltr'><strong>aduersus</strong></span> <span class='ocrx_word' id='word_1_339' title='bbox 641 4379 719 4424; x_wconf 80' lang='lat' dir='ltr'><strong>regam</strong></span> <span class='ocrx_word' id='word_1_340' title='bbox 739 4366 775 4415; x_wconf 88' lang='lat' dir='ltr'><strong>cd.</strong></span> <span class='ocrx_word' id='word_1_341' title='bbox 820 4357 971 4424; x_wconf 68' lang='lat' dir='ltr'><strong>lhqrtiod.</strong></span> <span class='ocrx_word' id='word_1_342' title='bbox 1006 4362 1172 4427; x_wconf 79' lang='lat' dir='ltr'><strong>quidrelipni.</strong></span> <span class='ocrx_word' id='word_1_343' title='bbox 1208 4360 1245 4409; x_wconf 80' lang='lat' dir='ltr'><strong>ih.</strong></span> <span class='ocrx_word' id='word_1_344' title='bbox 1266 4374 1319 4410; x_wconf 80' lang='lat' dir='ltr'><strong>cre·</strong></span> 
     </span>
     <span class='ocr_line' id='line_1_38' title="bbox 158 4422 1319 4497; baseline -0.003 -17"><span class='ocrx_word' id='word_1_345' title='bbox 158 4428 320 4497; x_wconf 80' lang='lat' dir='ltr'><strong>pimentoltt.</strong></span> <span class='ocrx_word' id='word_1_346' title='bbox 357 4431 504 4493; x_wconf 81' lang='lat' dir='ltr'><strong>crepitacillo</strong></span> <span class='ocrx_word' id='word_1_347' title='bbox 524 4435 587 4482; x_wconf 79' lang='lat' dir='ltr'><strong>obed.</strong></span> <span class='ocrx_word' id='word_1_348' title='bbox 626 4433 774 4492; x_wconf 82' lang='lat' dir='ltr'><strong>crepitacillo</strong></span> <span class='ocrx_word' id='word_1_349' title='bbox 793 4433 818 4480; x_wconf 82' lang='grc'><strong>,4.</strong></span> <span class='ocrx_word' id='word_1_350' title='bbox 868 4429 1079 4492; x_wconf 74' lang='lat' dir='ltr'><strong>lhproeliolll.</strong></span> <span class='ocrx_word' id='word_1_351' title='bbox 1124 4422 1319 4477; x_wconf 69' lang='lat' dir='ltr'><strong>lElanciarii.</strong></span> 
     </span>
     <span class='ocr_line' id='line_1_39' title="bbox 159 4490 1317 4561; baseline -0.007 -10"><span class='ocrx_word' id='word_1_352' title='bbox 159 4502 198 4551; x_wconf 70' lang='lat'><strong>18.</strong></span> <span class='ocrx_word' id='word_1_353' title='bbox 220 4503 311 4548; x_wconf 72' lang='lat' dir='ltr'><strong>illenim</strong></span> <span class='ocrx_word' id='word_1_354' title='bbox 331 4515 385 4548; x_wconf 79' lang='lat' dir='ltr'><strong>vero</strong></span> <span class='ocrx_word' id='word_1_355' title='bbox 405 4501 446 4548; x_wconf 78' lang='lat' dir='ltr'><strong>aa.</strong></span> <span class='ocrx_word' id='word_1_356' title='bbox 496 4499 532 4547; x_wconf 85' lang='lat'><strong>19.</strong></span> <span class='ocrx_word' id='word_1_357' title='bbox 553 4500 714 4548; x_wconf 73' lang='lat' dir='ltr'><strong>incredibilem</strong></span> <span class='ocrx_word' id='word_1_358' title='bbox 733 4495 755 4547; x_wconf 81' lang='grc' dir='ltr'><strong>λ.</strong></span> <span class='ocrx_word' id='word_1_359' title='bbox 797 4498 1051 4558; x_wconf 76' lang='lat' dir='ltr'><strong>20.signnmona.l.</strong></span> <span class='ocrx_word' id='word_1_360' title='bbox 1087 4495 1128 4546; x_wconf 83' lang='lat'><strong>21.</strong></span> <span class='ocrx_word' id='word_1_361' title='bbox 1146 4497 1268 4561; x_wconf 86' lang='lat' dir='ltr'><strong>st&#39;mplicea</strong></span> <span class='ocrx_word' id='word_1_362' title='bbox 1285 4490 1317 4557; x_wconf 64' lang='grc' dir='ltr'><strong>λ,</strong></span> 
     </span>
     <span class='ocr_line' id='line_1_40' title="bbox 157 4559 1067 4631; baseline -0.005 -12"><span class='ocrx_word' id='word_1_363' title='bbox 157 4571 223 4619; x_wconf 82' lang='lat' dir='ltr'><strong>falc.</strong></span> <span class='ocrx_word' id='word_1_364' title='bbox 237 4570 339 4617; x_wconf 80' lang='lat' dir='ltr'><strong>Ursinus.</strong></span> <span class='ocrx_word' id='word_1_365' title='bbox 376 4568 483 4628; x_wconf 84' lang='lat' dir='ltr'><strong>singulos</strong></span> <span class='ocrx_word' id='word_1_366' title='bbox 503 4568 625 4630; x_wconf 80' lang='lat' dir='ltr'><strong>simplices</strong></span> <span class='ocrx_word' id='word_1_367' title='bbox 642 4569 734 4631; x_wconf 80' lang='lat' dir='ltr'><strong>reliqui.</strong></span> <span class='ocrx_word' id='word_1_368' title='bbox 788 4565 828 4615; x_wconf 78' lang='lat'><strong>22.</strong></span> <span class='ocrx_word' id='word_1_369' title='bbox 847 4567 965 4629; x_wconf 82' lang='lat' dir='ltr'><strong>scriptura</strong></span> <span class='ocrx_word' id='word_1_370' title='bbox 984 4581 1027 4616; x_wconf 87' lang='lat' dir='ltr'><strong>om.</strong></span> <span class='ocrx_word' id='word_1_371' title='bbox 1045 4559 1067 4614; x_wconf 75' lang='grc' dir='ltr'><strong>λ.</strong></span> 
     </span>
    </p>
   </div>
   <div class='ocr_carea' id='block_1_6' title="bbox 157 4661 1329 4937">
    <p class='ocr_par' dir='ltr' id='par_1_6' title="bbox 157 4661 1329 4937">
     <span class='ocr_line' id='line_1_41' title="bbox 192 4661 1320 4733; baseline -0.003 -15"><span class='ocrx_word' id='word_1_372' title='bbox 192 4673 215 4718; x_wconf 90' lang='lat' dir='ltr'><strong>b.</strong></span> <span class='ocrx_word' id='word_1_373' title='bbox 237 4686 306 4733; x_wconf 84' lang='lat' dir='ltr'><strong>quam</strong></span> <span class='ocrx_word' id='word_1_374' title='bbox 319 4664 459 4732; x_wconf 74' lang='lat' dir='ltr'><strong>lancinare]</strong></span> <span class='ocrx_word' id='word_1_375' title='bbox 471 4669 574 4716; x_wconf 85' lang='lat' dir='ltr'><strong>lulnntcs</strong></span> <span class='ocrx_word' id='word_1_376' title='bbox 585 4669 715 4718; x_wconf 80' lang='lat' dir='ltr'><strong>dentitione</strong></span> <span class='ocrx_word' id='word_1_377' title='bbox 800 4683 821 4716; x_wconf 90' lang='lat' dir='ltr'><strong>c.</strong></span> <span class='ocrx_word' id='word_1_378' title='bbox 840 4681 910 4730; x_wconf 83' lang='lat' dir='ltr'><strong>quam</strong></span> <span class='ocrx_word' id='word_1_379' title='bbox 929 4667 1003 4715; x_wconf 78' lang='lat' dir='ltr'><strong>airum</strong></span> <span class='ocrx_word' id='word_1_380' title='bbox 1023 4661 1113 4730; x_wconf 80' lang='lat' dir='ltr'><strong>lacere]</strong></span> <span class='ocrx_word' id='word_1_381' title='bbox 1131 4667 1189 4716; x_wconf 82' lang='lat' dir='ltr'><strong>luta</strong></span> <span class='ocrx_word' id='word_1_382' title='bbox 1207 4665 1320 4729; x_wconf 86' lang='lat' dir='ltr'><strong>puberta-</strong></span> 
     </span>
     <span class='ocr_line' id='line_1_42' title="bbox 157 4733 1329 4800; baseline -0.008 -12"><span class='ocrx_word' id='word_1_383' title='bbox 157 4741 291 4800; x_wconf 77' lang='lat' dir='ltr'><strong>exaspernti</strong></span> <span class='ocrx_word' id='word_1_384' title='bbox 312 4754 426 4785; x_wconf 77' lang='lat' dir='ltr'><strong>uramuras</strong></span> <span class='ocrx_word' id='word_1_385' title='bbox 445 4740 505 4784; x_wconf 77' lang='lat' dir='ltr'><strong>inter</strong></span> <span class='ocrx_word' id='word_1_386' title='bbox 520 4738 650 4795; x_wconf 87' lang='lat' dir='ltr'><strong>sugendum</strong></span> <span class='ocrx_word' id='word_1_387' title='bbox 663 4737 714 4783; x_wconf 91' lang='lat' dir='ltr'><strong>lan·</strong></span> <span class='ocrx_word' id='word_1_388' title='bbox 766 4742 813 4783; x_wconf 85' lang='lat' dir='ltr'><strong>tem</strong></span> <span class='ocrx_word' id='word_1_389' title='bbox 832 4739 866 4782; x_wconf 83' lang='lat' dir='ltr'><strong>vir</strong></span> <span class='ocrx_word' id='word_1_390' title='bbox 885 4736 970 4790; x_wconf 78' lang='lat' dir='ltr'><strong>legitur</strong></span> <span class='ocrx_word' id='word_1_391' title='bbox 988 4735 1063 4784; x_wconf 83' lang='lat' dir='ltr'><strong>miles.</strong></span> <span class='ocrx_word' id='word_1_392' title='bbox 1099 4735 1127 4783; x_wconf 88' lang='lat' dir='ltr'><strong>Et</strong></span> <span class='ocrx_word' id='word_1_393' title='bbox 1145 4742 1227 4790; x_wconf 78' lang='lat' dir='ltr'><strong>nutura</strong></span> <span class='ocrx_word' id='word_1_394' title='bbox 1246 4733 1329 4781; x_wconf 81' lang='lat' dir='ltr'><strong>virum·</strong></span> 
     </span>
     <span class='ocr_line' id='line_1_43' title="bbox 158 4800 1319 4868; baseline -0.007 -11"><span class='ocrx_word' id='word_1_395' title='bbox 158 4813 246 4857; x_wconf 77' lang='lat' dir='ltr'><strong>sinant.</strong></span> <span class='ocrx_word' id='word_1_396' title='bbox 266 4806 370 4867; x_wconf 75' lang='lat' dir='ltr'><strong>(ttigalt.)</strong></span> <span class='ocrx_word' id='word_1_397' title='bbox 397 4807 432 4853; x_wconf 80' lang='lat' dir='ltr'><strong>ct.</strong></span> <span class='ocrx_word' id='word_1_398' title='bbox 451 4821 511 4868; x_wconf 89' lang='lat' dir='ltr'><strong>quae</strong></span> <span class='ocrx_word' id='word_1_399' title='bbox 529 4805 575 4852; x_wconf 81' lang='lat' dir='ltr'><strong>dixi</strong></span> <span class='ocrx_word' id='word_1_400' title='bbox 594 4805 622 4852; x_wconf 91' lang='lat' dir='ltr'><strong>ad</strong></span> <span class='ocrx_word' id='word_1_401' title='bbox 634 4804 714 4853; x_wconf 91' lang='lat' dir='ltr'><strong>tib.tll</strong></span> <span class='ocrx_word' id='word_1_402' title='bbox 766 4805 822 4851; x_wconf 83' lang='lat' dir='ltr'><strong>tacit</strong></span> <span class='ocrx_word' id='word_1_403' title='bbox 848 4816 920 4867; x_wconf 90' lang='lat' dir='ltr'><strong>quum</strong></span> <span class='ocrx_word' id='word_1_404' title='bbox 949 4803 1063 4867; x_wconf 82' lang='lat' dir='ltr'><strong>puberem</strong></span> <span class='ocrx_word' id='word_1_405' title='bbox 1090 4803 1245 4852; x_wconf 87' lang='lat' dir='ltr'><strong>demonstrat.</strong></span> <span class='ocrx_word' id='word_1_406' title='bbox 1269 4800 1319 4861; x_wconf 75' lang='lat' dir='ltr'><strong>tili-</strong></span> 
     </span>
     <span class='ocr_line' id='line_1_44' title="bbox 158 4870 833 4937; baseline -0.006 -13"><span class='ocrx_word' id='word_1_407' title='bbox 158 4880 214 4925; x_wconf 77' lang='lat' dir='ltr'><strong>Adv.</strong></span> <span class='ocrx_word' id='word_1_408' title='bbox 237 4875 305 4922; x_wconf 82' lang='lat' dir='ltr'><strong>blare.</strong></span> <span class='ocrx_word' id='word_1_409' title='bbox 326 4889 377 4937; x_wconf 86' lang='lat' dir='ltr'><strong>cap.</strong></span> <span class='ocrx_word' id='word_1_410' title='bbox 391 4872 429 4922; x_wconf 87' lang='grc'><strong>13,</strong></span> <span class='ocrx_word' id='word_1_411' title='bbox 767 4870 833 4933; x_wconf 72' lang='lat' dir='ltr'><strong>gall.)</strong></span> 
     </span>
    </p>
   </div>
   <div class='ocr_carea' id='block_1_7' title="bbox 193 4951 1168 5003">
    <p class='ocr_par' dir='ltr' id='par_1_7' title="bbox 193 4951 1168 5003">
     <span class='ocr_line' id='line_1_45' title="bbox 193 4951 1168 5003; baseline -0.001 0"><span class='ocrx_word' id='word_1_412' title='bbox 193 4961 351 5003; x_wconf 76' lang='lat' dir='ltr'><strong>Tariotarum</strong></span> <span class='ocrx_word' id='word_1_413' title='bbox 364 4973 414 5003; x_wconf 77' lang='lat' dir='ltr'><strong>oar.</strong></span> <span class='ocrx_word' id='word_1_414' title='bbox 428 4972 465 5002; x_wconf 79' lang='lat' dir='ltr'><strong>sn.</strong></span> <span class='ocrx_word' id='word_1_415' title='bbox 476 4971 572 5002; x_wconf 76' lang='lat' dir='ltr'><strong>ornan.</strong></span> <span class='ocrx_word' id='word_1_416' title='bbox 598 4957 659 5000; x_wconf 82' lang='lat' dir='ltr'><strong>Tom.</strong></span> <span class='ocrx_word' id='word_1_417' title='bbox 670 4956 697 4999; x_wconf 90' lang='lat' dir='ltr'><strong>ll.</strong></span> <span class='ocrx_word' id='word_1_418' title='bbox 869 4977 874 4988; x_wconf 92' lang='lat'><strong>·</strong></span> <span class='ocrx_word' id='word_1_419' title='bbox 1135 4951 1168 5002; x_wconf 81' lang='grc'><strong>46</strong></span> 
     </span>
    </p>
   </div>
   <div class='ocr_carea' id='block_1_8' title="bbox 0 0 1631 5775">
    <p class='ocr_par' dir='ltr' id='par_1_8' title="bbox 0 0 1631 5775">
     <span class='ocr_line' id='line_1_46' title="bbox 0 0 1631 5775; baseline 0 0"><span class='ocrx_word' id='word_1_420' title='bbox 0 0 1631 5775; x_wconf 95' lang='lat' dir='ltr'><strong> </strong></span> 
     </span>
    </p>
   </div>
  </div>
 </body>
</html>
