3242 5775
528 614 674 657 ubernent
696 614 940 660 ΊΔΒΕΜΙΜΔΜΙ.
1041 611 1045 618 ’

1255 602 1318 668 ddi

152 768 225 828 lium
246 763 414 844 quoddam*
435 764 559 827 seminis
581 765 738 845 spiritalis,
767 765 845 828 sicut
873 774 903 828 et
922 766 987 846 ipsa
1007 766 1187 842 ¹hchamoth
1204 767 1237 829 in
1257 768 1319 832 dlin
1377 797 1380 802 ’

153 869 314 947 Demiurgo
337 874 587 946 sequestraverat,
610 886 647 928 ne
668 867 727 928 hoc
740 866 876 945 ¹quidem
891 886 992 947 gnaro.
1024 868 1130 948 Accipe
1144 867 1319 931 industriam

153 968 355 1032 clandestinae
381 966 583 1047 providentiae
613 968 712 1029 huius.
759 968 803 1028 hd
833 968 891 1030 hoc
918 968 995 1031 enim
1027 976 1057 1030 et
1084 969 1264 1049 deposuerat
1290 977 1321 1033 st

154 1070 365 1141 occultaverat,
400 1077 448 1142 ut,
477 1087 543 1130 cum
565 1069 740 1149 Demiurgus
767 1068 894 1131 animant
923 1088 993 1132 mox
1020 1069 1058 1131 dc
1086 1089 1142 1133 suo
1169 1071 1269 1134 aiiiutu
1286 1072 1320 1134 in

151 1173 244 1234 amm
267 1171 512 1241 communicaret,
544 1170 657 1250 pariter
686 1180 715 1231 et
742 1189 844 1232 semen
873 1170 944 1232 iliud
970 1170 1118 1251 spiritale,
1154 1173 1239 1252 quasi
1265 1191 1322 1255 pur

152 1273 319 1345 ’canalem
342 1271 438 1333 anima
460 1271 607 1333 derivaret
627 1272 658 1332 in
681 1271 832 1345 choicum,
845 1280 942 1352 atque
964 1273 1004 1334 ita
1019 1275 1175 1336 feturatum
1196 1274 1227 1336 in
1249 1293 1320 1337 cor·

151 1394 228 1458 pore
249 1373 408 1446 materiali,
431 1372 510 1434 velut
531 1373 562 1435 in
583 1380 668 1435 utero
676 1373 700 1446 ¹³,
722 1372 896 1434 etadultum
911 1374 984 1448 illic,
1008 1374 1147 1437 idoneum
1168 1375 1319 1439 invenire-

152 1488 202 1539 tur
223 1475 414 1555 suscipiendo
437 1475 612 1554 quandoque
633 1474 784 1535 ⁴sermoni
805 1476 946 1554 perlecto.
983 1475 1085 1556 itaque
1099 1495 1165 1538 cunr
1180 1476 1319 1539 iieminr·

151 1598 208 1659 gus
230 1578 380 1639 traducem
401 1576 516 1637 animae
530 1595 602 1639 suae
616 1576 791 1638 ‘committit
805 1576 836 1637 in
846 1577 953 1651 Adam,
975 1578 1060 1640 latuit
1073 1578 1164 1640 homo
1179 1578 1319 1658 spiritalis

153 1682 244 1742 ‘iiatn
266 1678 361 1759 ipsius
383 1678 532 1750 insertus,
557 1686 587 1739 et
605 1678 717 1758 pariter
738 1678 856 1758 corpori
878 1679 1031 1749 inductus,
1054 1679 1205 1759 quianon
1226 1679 1319 1760 magis

152 1800 256 1845 semen
277 1787 402 1841 noverat
422 1779 525 1840 matris
546 1779 721 1858 demiurgus
743 1799 830 1859 mam
852 1780 955 1860 ipsam.
1005 1780 1070 1843 iios
1090 1799 1194 1843 semen
1215 1780 1318 1843 Eccle-

153 1885 228 1946 siam
257 1882 375 1954 dicunt,
407 1881 556 1943 Ecclesiae
584 1899 731 1960 supernae
758 1881 928 1961 speculum‘
956 1890 985 1943 et
1011 1882 1141 1944 hominis
1168 1882 1318 1956 ⁷craneum,

152 1985 280 2067 proinde
308 2001 375 2046 eum
402 1983 439 2043 ab
460 1982 621 2043 Achamoth
649 1982 824 2062 deputantes
851 1984 1096 2061 quemadmodum
1125 1984 1320 2047 animalema

151 2082 328 2165 Demiurgo,
358 2083 492 2145 choicum
516 2083 679 2145 substantia
701 2075 831 2167 ’ἇρχῆς,
861 2083 996 2147 ”carnem
1023 2086 1185 2147 materiai:
1221 2085 1319 2147 Habes

151 2206 278 2260 norum,
299 2186 332 2247 id
353 2193 400 2248 est
420 2173 632 2265 quadruplum,
655 2185 831 2264 Geryonem.

237 2287 469 2351 Siccaenum
492 2286 616 2365 singuiis
639 2286 782 2349 dividunt.
815 2287 955 2349 Materiali
977 2288 1110 2366 quidem,
1133 2287 1162 2349 id
1185 2296 1230 2350 est
1250 2305 1316 2350 oar·
1334 2297 1470 2355 capuit.

152 2392 228 2465 nali,
259 2408 346 2469 quem
370 2398 399 2449 et
420 2388 574 2449 sinistrum
603 2395 722 2460 uocant,
756 2388 952 2451 indubitatum
984 2390 1167 2465 interitum:
1200 2390 1318 2453 animali

150 2510 242 2565 vero,
264 2509 349 2570 quem
372 2499 402 2551 et
423 2490 558 2551 dextrum
573 2489 734 2570 appellant,
758 2491 921 2576 dubitatum
937 2493 1103 2565 eventumi’,
1125 2500 1228 2572 utpote
1242 2492 1319 2554 inte'r

151 2591 333 2656 materialem
364 2592 585 2672 spiritalemque
616 2591 749 2652 ¹nutanti
779 2602 809 2653 et
834 2592 901 2655 illac
928 2592 1028 2655 debito
1056 2592 1131 2673 ¹qua
1159 2593 1318 2674 plurimum

151 2694 298 2757 adnuerit
334 2692 470 2755 Ceterum
493 2692 653 2773 spiritaiem
676 2692 768 2755 emitti
790 2693 821 2754 in
843 2694 976 2757 animalis
998 2696 1263 2776 comparationem,
1287 2703 1320 2759 ut

152 2797 280 2859 erudiri‘
301 2813 368 2858 cum
390 2814 426 2856 eo
450 2804 479 2855 et
502 2794 631 2856 exerceri
654 2794 684 2854 in
700 2796 975 2858 conversationibus
997 2796 1120 2877 ³possit
1153 2796 1319 2877 indiguisse

219 2950 361 3014 Capilli.
406 2951 426 2998 l.
445 2950 589 2998 deiramotha
608 2950 670 2999 Aac.
728 2949 751 2998 2.
775 2951 873 3013 quidem'
898 2951 1000 3001 could.
1059 2951 1082 3001 3.
1108 2952 1215 3002 canalem
1239 2954 1318 3002 anima
1349 3008 1353 3012 Α

153 3021 270 3069 derivaret
288 3034 338 3081 eqo.
374 3017 490 3075 canalem,
510 3018 587 3066 animai
606 3019 754 3066 derivaretur
771 3019 905 3069 ieiunius.
950 3019 1057 3068 canalem
1076 3022 1179 3069 animam
1198 3021 1319 3070 derivara-
1439 3012 1445 3025 ’

153 3098 191 3136 tur
208 3090 257 3137 sic.
295 3086 415 3134 carnalem
434 3087 537 3133 unimam
556 3086 673 3134 derivaret
690 3086 847 3143 (derivaretur
858 3087 891 3143 C.)
908 3087 968 3136 ABG.
1020 3087 1044 3136 4.
1063 3090 1253 3139 sermoncdilG.
1294 3089 1318 3138 5.

154 3156 272 3204 commisit
290 3155 327 3203 Fr.
342 3156 429 3202 iunius.
473 3152 496 3201 6.
515 3154 570 3200 ilutu
589 3156 665 3215 ipsius
685 3155 789 3202 insertus
807 3155 942 3203 ieiunius.
978 3155 1032 3203 datu
1053 3156 1118 3204 lesus
1137 3156 1241 3205 insertus
1259 3157 1318 3206 ABG.

155 3225 209 3272 tiato
228 3224 334 3272 insertus
350 3222 443 3285 reliqui.
486 3220 510 3268 i.
530 3221 653 3269 incensum
671 3221 751 3279 stete.
797 3222 821 3271 8.
839 3223 924 3271 arches
944 3221 965 3271 G.
1002 3223 1145 3272 archardii.
1180 3221 1204 3272 9.
1222 3238 1318 3272 earnem

153 3291 287 3348 learned.)
306 3289 477 3337 mansitasse,
514 3304 585 3337 carne
605 3291 702 3337 materia
722 3289 744 3337 C.
1231 3337 1238 3351 ,
1301 3317 1305 3323 -

219 3360 278 3422 Cap.
298 3357 373 3406 xxvi.
411 3356 432 3404 l.
452 3357 663 3414 nunciantitlldd.
704 3356 727 3405 2.
746 3357 887 3420 qnamdlld.
932 3355 956 3405 ³.
976 3356 1052 3419 possit
1070 3356 1106 3404 cd.
1140 3356 1318 3419 potnitdildoi.

185 3493 317 3558 caput.
346 3507 366 3540 a.
386 3491 504 3554 peculium
524 3487 656 3556 quoddam]
676 3492 709 3539 iia
760 3490 850 3547 volunt,
877 3493 909 3538 uti
929 3490 1031 3538 habeant
1057 3490 1160 3538 animam
1185 3489 1280 3553 quidem
1305 3505 1318 3539 a

156 3578 199 3625 qno
211 3577 286 3625 snpra
299 3576 350 3623 cap.
362 3560 398 3609 14.
426 3561 618 3623 sequestraverat,
638 3574 710 3607 secus
760 3558 898 3619 ileminrgo,
917 3572 1006 3620 corpus
1024 3566 1101 3608 antem
1113 3574 1125 3606 a
1138 3558 1203 3608 liuto.
1223 3566 1246 3606 et
1264 3573 1319 3607 car·

157 3632 255 3692 positum
283 3636 452 3677 reservaverat.
478 3628 641 3684 (inluminet
677 3626 709 3675 Dc
761 3641 831 3674 neum
851 3626 988 3684 amareris,
1015 3625 1147 3687 spiritaiem
1166 3639 1221 3675 veru
1239 3625 1319 3675 homi·

156 3699 222 3747 varho
249 3705 393 3761 sequestrare
417 3710 464 3758 quo
489 3696 561 3744 ntitur
579 3695 710 3757 Septimius
761 3709 816 3744 nem
835 3708 847 3741 a
867 3701 941 3742 matre
959 3694 1117 3742 Achamoth‘*

158 3768 257 3831 militib
284 3773 309 3812 ⁰¹
327 3765 360 3812 ⁰⁰
379 3764 474 3811 flemis·
494 3764 577 3811 ciliis
601 3761 709 3825 iiim·
795 3787 853 3849 Cap.
872 3786 947 3835 iiiiii.
974 3801 994 3834 a.
1015 3786 1172 3835 indubitatum
1185 3782 1318 3849 interitum]

158 3831 306 3897 ‘¹⁶¹P'33‘'
331 3833 361 3880 ά·
386 3831 486 3880 ”misen
512 3830 619 3879 M⁸⁰⁰³¹⁰
644 3846 663 3877 ⁵·
680 3847 710 3887 '¹⁹
762 3856 889 3903 irenaeus:
911 3847 997 3913 „nord
1015 3844 1137 3918 ἀνάγκην
1148 3845 1319 3902 ἀπόλλυσθαι

158 3899 230 3952 nnn.
249 3902 279 3949 aa
299 3901 357 3948 star.
382 3908 439 3947 rom.
454 3899 483 3955 ιι,
502 3899 589 3959 neor.
635 3897 710 3947 oren.
760 3918 915 3986 ttyovoof‘

160 3971 185 4018 ad
200 3971 290 4020 truob.
308 3969 364 4015 hdr.
383 3967 444 4015 Natt.
464 3965 488 4023 li,
503 3966 539 4015 iil.

187 4039 209 4087 b.
226 4039 357 4087 leturaturu
372 4037 511 4097 incorpore
526 4032 652 4091 materiali,
670 4049 710 4081 ve-

160 4103 189 4153 lat
209 4107 233 4155 in
258 4098 341 4167 utero]
366 4104 492 4151 irenaeus:
517 4096 711 4166 „troopopqdir

160 4165 307 4224 bendecar
329 4164 374 4217 arui
401 4161 517 4227 αὐξηθέν
539 4162 651 4234 ἕτοιμον
667 4165 709 4232 γέ-

160 4254 230 4298 νηται
247 4233 286 4292 εἰς
303 4231 442 4304 ὑποδοχὴν
453 4236 500 4284 τοῦ
513 4233 642 4285 veiaiou.“
670 4239 709 4286 ln·
759 4235 780 4298 θ

161 4316 245 4373 impres
268 4308 380 4372 plenius:
404 4314 538 4367 „gestatum
557 4320 652 4369 quoqne
670 4320 710 4354 ve·

161 4375 188 4425 lut
205 4381 228 4427 in
246 4386 316 4426 utero
337 4377 359 4423 in
379 4376 406 4423 iis
430 4383 454 4423 et
472 4374 642 4436 ampliilcatnrn
666 4389 710 4436 pa·

161 4454 228 4494 nun
257 4447 299 4493 ilat
327 4443 356 4491 ad
384 4442 562 4505 susceptionem
589 4443 710 4505 perlectae

161 4513 279 4563 mtiunis.“

187 4597 206 4630 c
224 4574 365 4644 speculum]
392 4579 519 4627 irenaeus:
546 4568 711 4637 „antennor

162 4646 199 4706 ιξς
208 4640 452 4704 ἄνωἘκκλησιάς.“
467 4646 602 4708 interpres:
613 4659 711 4704 „exem-

160 4718 217 4776 plant
235 4715 370 4781 superioris
387 4714 536 4764 Ecclesiae.“

187 4787 208 4833 d
228 4799 325 4834 carnem
339 4777 456 4845 materia]
471 4781 561 4829 irenaei
576 4781 708 4842 interpres:

160 4860 195 4910 „et
217 4854 282 4903 hunc
305 4865 359 4900 esse
378 4851 400 4899 in
425 4850 562 4913 semetipsis
590 4849 711 4898 hominem

795 4016 818 4063 b.
837 4015 967 4064 dubitatum
981 4009 1102 4078 eventurn]
1121 4015 1248 4064 irenaeus:
1269 4007 1318 4075 „rh

761 4077 790 4131 δὲ
807 4075 934 4147 ψυχικὸν,
963 4071 978 4129 d
1001 4075 1047 4129 arui
1073 4076 1161 4138 δεξιὸν
1183 4096 1318 4148 προςαγο-

761 4144 894 4216 caducose,
916 4142 963 4199 ἄιε
976 4145 1066 4230 μέσον
1084 4141 1116 4197 ὃν
1134 4148 1181 4198 τοῦ
1199 4163 1227 4199 τε
1242 4163 1319 4199 πνευ-

783 4217 878 4267 ατικοῦ
903 4211 948 4266 καὶ
972 4213 1071 4272 viuri,
1099 4209 1182 4267 traina
1204 4217 1315 4286 χωρεῖν,

762 4301 830 4335 orroo
855 4277 889 4333 ἂν
915 4280 961 4334 καὶ
985 4279 1035 4344 τὴν
1060 4278 1217 4351 πρόςκλισιν
1241 4279 1319 4346 nosvi-

762 4357 872 4414 oqvur.“

796 4457 816 4489 c.
836 4448 861 4488 ut
878 4436 977 4501 erudiri]
1006 4439 1096 4487 irenaei
1116 4439 1249 4502 interpres:
1275 4445 1320 4498 „ut

762 4510 879 4558 iormetnr
897 4506 1045 4556 coereditnm
1069 4507 1092 4555 ei
1115 4508 1138 4555 io
1157 4507 1319 4556 conversatio·

763 4575 819 4624 ne.“
839 4567 1072 4639 [munerandae-ide
1085 4566 1159 4638 αὐτῷ
1174 4567 1244 4640 trapi
1254 4563 1320 4621 deo·

763 4640 914 4707 στροφῇ.“]
950 4643 994 4700 not
1013 4644 1081 4692 locus
1109 4643 1259 4707 apertissime
1276 4641 1320 4688 ds·

762 4711 838 4760 clarat
848 4711 939 4760 irenaei
950 4711 1031 4760 Latina
1043 4725 1104 4774 quaa
1124 4726 1187 4760 nnnc
1204 4708 1320 4758 habemns

761 4780 784 4828 in
812 4779 922 4826 munibus
949 4780 1069 4842 ipsissima
1099 4793 1153 4828 assa
1176 4790 1237 4841 quus
1264 4774 1321 4824 vidit

762 4847 900 4911 Septimius.
919 4847 1023 4910 tergant)
