3242 5775
270 694 309 756 12
527 707 782 756 curnrnseernrrr
804 705 969 748 reonenrvs
991 706 1187 750 rsaruuuunv

269 858 477 936 Quaerendum
501 864 562 929 est,
587 857 682 919 donec
704 857 855 927 invenias,
879 864 910 917 et
931 857 1123 927 credendum,
1147 854 1198 917 ubi
1221 855 1389 928 inveneris,
1409 857 1455 918 οἱ

268 958 341 1019 nihil
368 958 512 1038 amplius,
544 959 602 1019 nisi
631 958 858 1021 custodiendum
887 958 965 1036 quod
996 956 1162 1027 credidisti,
1194 955 1283 1018 ‘dum
1312 956 1372 1017 hoc
1392 955 1451 1018 in·-

216 1119 218 1124 .
269 1079 359 1139 super
381 1060 517 1132 ‘eredas,
540 1058 636 1121 ‘aliud
659 1078 719 1120 non
741 1078 809 1120 esse
832 1059 1028 1130 credendum,
1052 1058 1179 1136 ideoque
1208 1076 1264 1119 nec
1284 1057 1438 1137 requiren-

270 1161 356 1235 dum,
384 1180 450 1221 cum
478 1161 525 1221 'id
557 1160 705 1221 inveneris
728 1168 758 1221 et
779 1158 942 1221 credideris
971 1158 1051 1237 quod
1078 1159 1113 1220 ab
1146 1178 1182 1220 eo
1204 1158 1375 1220 institutum
1396 1163 1439 1220 est

269 1262 319 1341 qui
341 1279 402 1322 non
425 1261 503 1322 aliud
525 1260 577 1321 tibi
600 1260 720 1322 mandat
753 1260 960 1339 inquirendum
987 1278 1074 1338 quam
1104 1259 1185 1339 quod
1213 1258 1353 1321 instituit.
1400 1257 1433 1322 Ilt

270 1363 328 1423 boc
347 1363 467 1441 quidem
490 1361 516 1422 si
537 1360 606 1440 ‘qui
628 1344 756 1433 dubitat,
779 1360 928 1422 constabit
948 1360 1057 1441 ⁹penes
1080 1379 1137 1422 nos
1159 1379 1229 1422 esse
1250 1360 1280 1421 id
1297 1359 1379 1439 quod
1398 1358 1433 1420 ¹⁰t

270 1464 388 1525 Christo
410 1462 577 1523 institutum
600 1469 656 1522 est.
700 1461 821 1522 luterim
845 1481 879 1522 ex
902 1461 1007 1522 fiducia
1035 1461 1221 1540 probationis
1245 1460 1433 1539 ”praeveniq

270 1566 433 1625 admonens
455 1562 598 1641 quosdam
621 1562 693 1623 nibil
716 1581 785 1623 esse
806 1562 1008 1641 quaerendum
1030 1562 1106 1624 ultra
1130 1561 1232 1642 ¹²quae
1254 1561 1434 1624 crediderent

270 1666 298 1727 id
323 1660 492 1742 essequod
515 1682 656 1741 quaerere
672 1663 849 1734 debuerunt,
874 1662 949 1736 ¹³ne,
973 1662 1114 1735 Quaerite
1136 1670 1167 1724 et
1187 1662 1357 1735 invenietis,
1380 1661 1435 1724 sint

270 1766 422 1845 disciplina
445 1765 570 1826 rationis
592 1764 832 1844 interpretentur.

164 1892 252 1949 capr.
355 1867 441 1927 Ratio
464 1874 561 1927 autem
585 1865 654 1925 dicti
676 1864 763 1927 huius
786 1864 817 1925 in
840 1864 936 1925 tribus
958 1864 1087 1926 articulis
1110 1863 1259 1937 constitit,
1289 1864 1320 1925 in
1342 1862 1437 1935 re,it

273 1980 422 2048 tempore,
446 1967 492 2028 'in
515 1967 616 2027 modo.
660 1965 709 2026 'ln
733 1984 782 2035 re,
815 1974 849 2026 ut
876 1966 946 2044 quid
974 1965 1013 2026 sit
1035 1965 1236 2043 quaerendum
1258 1964 1438 2026 consideres

272 2072 302 2131 in
325 2079 470 2148 tempore,
493 2076 526 2129 ut
548 2067 676 2146 quando,
699 2067 730 2126 in
752 2067 853 2138 modo,
875 2074 909 2127 ut
929 2083 1095 2146 quousque.
1129 2065 1222 2145 Igitur
1242 2065 1438 2144 quaerendum

272 2172 418 2251 estquod
440 2169 577 2231 Christus
601 2167 747 2240 instituit,
780 2167 900 2246 ³utique
927 2168 1067 2246 quamdiu
1096 2185 1156 2227 non
1179 2167 1312 2239 invenis,
1343 2166 1439 2245 utique

272 2275 368 2334 donec
389 2269 530 2333 invenias.
574 2269 716 2331 Invenisti
739 2279 837 2330 autem
867 2287 932 2329 cum
954 2268 1116 2329 credidisti.
1165 2267 1240 2329 Nam
1261 2286 1323 2329 non
1345 2265 1439 2328 credi-

272 2375 382 2447 disses,
406 2374 432 2433 si
456 2390 515 2432 non
538 2372 719 2442 invenisses,
749 2370 827 2432 sicut
847 2389 903 2432 nec
930 2369 1115 2448 quaesisses,
1149 2367 1206 2429 nisi
1228 2376 1262 2428 ut
1283 2366 1440 2428 invenires

272 2475 316 2534 nd
338 2475 396 2534 boc
417 2491 487 2550 ergo
510 2472 688 2550 ‘quaerens
712 2480 746 2533 ut
767 2472 916 2544 invenias,
939 2478 969 2531 et
989 2471 1026 2530 ad
1049 2470 1107 2531 boc
1120 2468 1302 2540 ⁸inveniens,
1326 2475 1441 2530 utere·

274 2575 337 2635 das.
368 2572 494 2633 Omnem
516 2571 712 2650 prolationem
734 2572 896 2649 quaerendi
911 2580 942 2633 et
956 2570 1162 2631 “inveniendi
1177 2568 1326 2649 credendo
1345 2568 1441 2629 lixisti

273 2675 359 2735 llunc
380 2671 432 2732 tibi
454 2671 575 2732 modum
598 2672 699 2732 statuit
720 2672 850 2733 ‘tructus
871 2672 937 2751 ipse
958 2671 1129 2751 quaerendi.
1184 2671 1266 2733 llanc
1288 2669 1342 2731 tibi
1364 2669 1442 2732 'los-

275 2794 338 2836 sam
368 2772 575 2834 determinavit
600 2772 665 2850 ipse
687 2773 737 2851 qui
761 2781 789 2833 te
819 2791 879 2833 non
908 2773 968 2834 vult
996 2772 1074 2833 aliud
1103 2773 1224 2834 credere
1251 2789 1338 2850 quam
1368 2767 1443 2849 quod

274 2873 416 2946 instituit,
440 2871 567 2952 ideoque
588 2892 643 2934 nec
665 2892 817 2952 quaerere.
862 2873 1000 2936 Ceterum
1023 2876 1049 2936 si
1072 2873 1157 2953 ⁸quia
1179 2882 1209 2935 et
1230 2872 1286 2935 alia
1307 2880 1391 2934 tanta
1412 2870 1443 2935 ab

274 2978 339 3038 aliis
361 2983 430 3038 sunt
452 2975 604 3047 instituta,
625 2983 784 3055 propterea
805 2977 837 3036 in
858 2984 970 3037 tanturn
986 2994 1129 3054 quaerere
1144 2974 1286 3041 debemus
1303 2973 1335 3033 in
1350 2990 1444 3052 quan·

217 3113 221 3120 ¹
274 3087 337 3139 tum
360 3094 523 3157 possumus
546 3075 694 3148 invenire,
729 3094 849 3154 semper
877 3077 1065 3156 ”quaerimus
1094 3085 1124 3137 et
1152 3093 1302 3155 nunquam
1325 3074 1445 3135 omnint

277 3178 462 3240 ¹⁰credimus.
513 3176 568 3238 Ubi
590 3177 669 3237 enim
692 3177 749 3237 erit
775 3177 843 3238 linis
872 3175 1056 3256 quaerendi?
1088 3176 1139 3238 ubi
1168 3176 1255 3238 statio
1284 3170 1445 3239 credendi!

277 3279 326 3342 ubi
349 3278 506 3358 expunctio
540 3276 731 3339 inveniendi?
773 3279 859 3357 Apud
886 3276 1088 3340 Marcionem?
1132 3258 1192 3339 sid
1220 3283 1250 3337 et
1275 3275 1446 3339 Valentinus

275 3381 427 3463 proponit,
451 3380 591 3451 Quaerite
613 3388 642 3439 et
664 3379 832 3438 invenietis.
864 3379 949 3463 Apud
964 3375 1175 3439 Valentinum?
1210 3377 1268 3439 Sed
1284 3386 1314 3437 et
1330 3378 1447 3457 ¹¹Apel-

276 3481 321 3545 sts
343 3485 399 3544 bac
419 3499 467 3541 me
489 3477 732 3557 pronuntiatione
756 3476 941 3557 ¹¹bpulsabit,
965 3485 995 3538 et
1005 3477 1121 3538 Hebion
1137 3485 1167 3537 et
1178 3475 1282 3538 Simon
1297 3483 1448 3543 et-omnet

279 3583 341 3643 ''er
364 3580 469 3641 ordine
490 3598 552 3639 non
574 3579 685 3640 babent
705 3577 783 3639 aliud
805 3596 864 3656 quo
897 3596 931 3638 se
962 3576 1061 3639 ¹³mibi
1083 3577 1269 3638 insinuantes
1290 3595 1340 3638 me
1362 3578 1448 3641 “sitii

278 3680 450 3742 ¹⁵addicant
485 3678 571 3739 ¹‘Ero
593 3679 691 3758 itaque
713 3696 858 3757 nusquam
866 3691 888 3750 ¹,
910 3678 980 3739 dum
1003 3677 1114 3758 ubique
1136 3678 1155 3710 ¹⁷
1163 3678 1324 3752 convenio,
1347 3676 1449 3750 Quae-

277 3835 301 3884 4.
320 3833 376 3883 dum
395 3832 441 3881 boc
460 3831 559 3893 insuper
577 3832 661 3881 nabod.
698 3831 754 3880 dum
774 3832 872 3895 insuper
890 3831 933 3880 BC.
976 3831 999 3879 5.
1019 3831 1163 3882 eredasld.
1198 3829 1277 3880 credis
1294 3832 1388 3895 reliqui.
1425 3831 1450 3883 b

278 3901 351 3950 alium
372 3900 396 3948 C.
449 3899 472 3946 7.
491 3899 513 3946 id
532 3900 614 3948 cml
667 3897 690 3947 8.
716 3899 816 3961 quidet.
857 3899 912 3962 quis
935 3899 1029 3962 reliqui.
1088 3898 1113 3950 9.
1132 3901 1450 3963 penesnosesseovnnl.

279 3968 319 4017 to.
337 3982 350 4016 a
369 3966 512 4015 Christianis
531 3966 645 4014 institutis
663 3973 700 4015 est
717 3966 742 4015 l.
792 3965 1080 4029 inpreceptorum.
1125 3974 1252 4030 praevento
1276 3966 1335 4016 bct.
1377 3982 1450 4030 prae·

278 4042 343 4085 verto
363 4035 475 4084 latinius.
513 4031 552 4081 12.
571 4047 633 4095 quae
650 4035 691 4082 Ad.
728 4033 792 4095 qnod
810 4035 903 4097 reliqui.
959 4032 1176 4084 temonem.

345 4101 404 4164 Cap.
423 4101 449 4149 ll.
497 4100 519 4148 l.
544 4109 568 4148 et
591 4101 614 4149 in
639 4101 711 4149 modo
728 4101 755 4149 Β.
808 4100 832 4149 2.
858 4101 884 4149 ln
903 4116 930 4150 re
946 4123 1029 4158 -·,-
1055 4102 1078 4150 in
1098 4103 1170 4151 modo
1189 4102 1272 4153 cntll.
1324 4099 1348 4150 8.
1367 4101 1451 4164 utique

278 4168 391 4233 quamdiu
420 4168 526 4230 (quando
545 4168 579 4224 d.)
602 4181 650 4216 nou
669 4168 760 4217 invenis
784 4169 886 4223 (invenis
904 4176 928 4217 et
945 4167 1006 4226 abc.)
1023 4168 1108 4219 lubet.
1143 4169 1195 4220 Non
1213 4175 1292 4218 estant
1308 4169 1365 4218 lmec
1381 4171 1451 4221 uerte

277 4236 362 4286 tnnc.
415 4236 439 4284 l.
458 4249 577 4298 quaerens
594 4235 619 4284 Α.
655 4237 752 4297 quaeris
770 4238 862 4299 reliqui.
912 4236 936 4285 5.
955 4237 1077 4285 inveniens
1094 4237 1120 4286 l.
1155 4237 1261 4285 invenies
1280 4235 1322 4284 llG.
1358 4236 1452 4288 invenie

277 4305 371 4367 reliqui.
422 4301 468 4350 sb.
487 4302 621 4351 inveniendi
640 4302 760 4351 credendo
779 4303 858 4353 llristi.
889 4303 957 4352 Hunc
980 4304 1022 4352 tibi
1047 4305 1143 4353 modum
1169 4304 1252 4352 statuit
1274 4304 1362 4363 (statne
1381 4303 1452 4366 ampl

278 4371 381 4432 umqbcd.
416 4370 550 4418 inveniendi
569 4370 737 4419 statuitlllCu.
780 4369 803 4418 6.
823 4371 915 4420 lructus
933 4371 1071 4434 quaerendo
1084 4372 1175 4420 lessam
1194 4386 1254 4434 amp.
1289 4370 1452 4433 lrnctusipse

279 4437 401 4486 credendi.
435 4436 501 4484 Hunc
524 4437 565 4484 tibi
591 4437 681 4485 lossam
707 4438 771 4486 fule.
786 4438 891 4486 Ursinus.
952 4438 975 4486 l.
1001 4438 1082 4487 lorsan
1106 4439 1133 4488 l.
1168 4439 1251 4489 Probet
1268 4438 1452 4488 Hildebrandue.

278 4504 302 4554 8.
321 4519 382 4568 qnae
401 4503 457 4552 talia
475 4511 538 4552 tanta
556 4503 614 4552 nce.
666 4504 690 4552 9.
710 4504 849 4566 quaerimus
868 4521 917 4568 epo.
952 4506 1104 4567 cre......tli.
1139 4505 1338 4567 erc...muslp.
1374 4519 1452 4568 quae·

278 4585 361 4621 remus
384 4572 477 4634 reliqui.
532 4571 569 4620 10.
597 4571 718 4620 credimus
741 4572 766 4621 el.
811 4573 938 4622 credemus
960 4575 1066 4637 reliqui.
1114 4572 1152 4621 ll.
1171 4571 1344 4634 Appellesld.
1391 4572 1453 4624 llb.

278 4638 385 4701 pulsabit
407 4638 513 4698 lddlbed.
556 4639 658 4701 pulsavit
680 4639 800 4700 llqldCu.
858 4639 1063 4689 laerones.
1118 4638 1157 4689 1³.
1175 4640 1250 4689 mia.
1306 4638 1343 4689 ll.
1363 4640 1383 4688 si
1401 4641 1453 4702 tp.

281 4706 320 4755 15.
339 4706 458 4754 adducant
478 4706 542 4754 debe.
578 4706 739 4756 abducantll.
789 4706 827 4756 lb.
845 4707 894 4757 Ero
913 4708 993 4770 itaque
1010 4709 1061 4758 bed.
1095 4706 1125 4756 tn
1142 4721 1186 4757 ero
1204 4707 1283 4770 itaque
1301 4723 1324 4756 a.
1360 4707 1389 4756 lit
1408 4707 1453 4757 erit

279 4777 359 4838 itaque
377 4773 419 4822 tac.
457 4772 564 4836 eritaque
581 4774 607 4823 l.
662 4774 700 4822 17.
720 4776 836 4825 convenio
853 4773 945 4824 lllccd.
982 4775 1111 4824 convenior
1129 4777 1165 4825 tc.

313 4907 372 4972 Cap.
389 4907 416 4957 x.
451 4922 473 4957 a.
490 4907 538 4957 neo
556 4909 636 4974 itaque
659 4904 790 4975 nusquam]
816 4909 867 4960 llus
885 4916 923 4960 ert
939 4907 1029 4959 nullim
1046 4922 1099 4970 ero,
1115 4907 1178 4960 nulli
1196 4922 1234 4960 me
1255 4907 1374 4972 addicam,
1394 4909 1453 4961 dam
