3242 5775
587 617 626 660 ns
647 616 893 661 msumcrrons
915 620 1029 665 musis.
1078 550 1081 563 ·
1217 603 1219 607 ’
1327 612 1398 677 4469
1432 637 1433 641 ’

216 762 307 824 aliter
329 761 490 841 disponere
512 765 621 838 coacti,
643 783 681 826 ne
702 765 873 848 ⁴creatoris,
886 767 1062 843 ‘babeatun
1083 770 1114 831 in
1129 770 1195 851 ipsa
1208 772 1292 851 prius
1308 793 1397 839 carne

218 863 284 924 eius
307 872 497 937 erraverunt,
531 873 583 925 ant
604 865 713 927 nullius
735 866 868 928 veritatis
897 870 1110 932 contendentes
1138 890 1202 933 eam
1232 874 1397 938 secundum

216 963 399 1024 Marcionem
416 974 445 1025 et
459 963 643 1038 ‘Basilidem
667 975 717 1027 aut
737 968 877 1048 propriae
899 969 1046 1046 qualitatis
1069 972 1232 1033 secuudum
1254 972 1395 1038 haereses

216 1063 383 1124 'Valentini
406 1071 436 1124 et
457 1063 603 1143 'Apellen
637 1066 731 1145 Atque
753 1066 792 1126 ita
817 1068 950 1147 sequitur
971 1077 1005 1130 ut
1026 1070 1151 1132 salutem
1173 1072 1395 1135 eius'substan-
1472 1067 1479 1076 ’

217 1165 275 1225 tiae
297 1164 454 1225 excludant
475 1164 560 1225 cuius
576 1165 726 1227 Christum
741 1166 930 1229 ’consortem
946 1178 1068 1249 negant,
1092 1170 1165 1231 certi
1177 1172 1259 1233 iilam
1277 1192 1394 1237 summo

215 1264 401 1343 praeiudicio
424 1253 655 1327 resurrectionis
679 1250 921 1340 instructam,‘si
944 1271 1001 1330 iarn
1021 1270 1051 1330 iu
1067 1270 1186 1331 Christo
1204 1272 1397 1336 ¹⁰resurrexit

216 1383 298 1425 caro.
349 1364 508 1444 Propterea
539 1375 566 1426 et
595 1385 652 1427 nos
680 1367 817 1428 volumen
846 1352 1063 1446 praemisimus
1083 1389 1120 1431 ne
1149 1390 1242 1433 cesus
1265 1392 1394 1448 enursrt,

216 1484 277 1544 quo
301 1483 366 1525 eam
389 1473 419 1525 et
440 1466 565 1527 solidam
587 1466 748 1546 probamus
771 1468 954 1529 ”adversum
969 1469 1182 1549 phantasmatis
1199 1471 1393 1547 ¹'vanitatem

216 1573 247 1625 et
278 1565 437 1626 humanam
474 1566 655 1628 vindicamus
688 1568 833 1628 adversus
866 1569 1013 1648 qualitatis
1044 1571 1275 1650 proprietatem,
1309 1572 1392 1635 cuius

218 1664 378 1726 ¹³conditio
395 1666 546 1726 Christum
569 1676 599 1728 et
620 1667 771 1728 bominem
795 1675 825 1728 et
839 1669 930 1730 fitium
945 1669 1076 1731 hominis
1092 1670 1291 1749 inscripserit
1319 1672 1393 1734 Cor-

217 1784 305 1827 neum
329 1765 407 1826 enim
431 1776 518 1846 atque
541 1787 718 1847 corporeum
740 1768 903 1848 probantes
927 1788 993 1830 eum
1012 1769 1139 1849 proinde
1161 1780 1191 1831 et
1217 1769 1393 1834 obducimus

215 1865 465 1946 praescribendo·
490 1868 602 1928 nohum
625 1867 714 1929 alium
744 1869 923 1929 credendum
953 1869 1040 1930 deum
1068 1879 1187 1949 praeter
1216 1878 1392 1945 creatorem,

217 1968 288 2028 dum
310 1968 397 2028 tatem
421 1967 606 2029 ostendimus
628 1968 796 2042 Christum,
827 1970 856 2030 in
881 1989 939 2048 quo
963 1969 1155 2030 ¹‘dinoscitur
1176 1969 1266 2045 deus,
1296 1970 1391 2050 qualis

218 2067 404 2157 promittitur
426 2087 441 2128 a
464 2078 608 2129 creatore.
659 2069 786 2129 Obducti
815 2070 922 2130 dehinc
949 2069 986 2129 de
1014 2069 1071 2130 deo
1100 2071 1197 2131 carnis
1220 2078 1393 2134 auctorest

217 2169 252 2229 de
276 2168 396 2229 Christo
420 2170 517 2231 carnis
539 2170 727 2248 redemptore
749 2171 806 2230 iam
831 2180 858 2231 et
881 2170 918 2230 de
940 2169 1161 2230 resurrectione
1176 2171 1274 2233 carnis
1289 2172 1391 2234 rerin-

216 2276 331 2330 centur.
366 2268 570 2347 Congruenter
594 2270 742 2331 ¹⁵sciticet
780 2270 818 2331 Et
839 2268 915 2330 hoc⁴
937 2271 1030 2330 terme
1053 2268 1170 2331 ¹⁶modo
1193 2269 1319 2333 dicimus
1340 2272 1393 2333 in«

194 2363 342 2431 'condam
372 2388 437 2430 curn
466 2369 622 2431 haereticis
651 2370 912 2450 disceptationem
958 2369 1032 2430 Nem
1061 2379 1091 2430 et
1121 2369 1196 2430 ordo
1227 2388 1347 2449 semper
1374 2388 1392 2431 a

217 2468 428 2555 principalibus
451 2470 555 2550 deduci
579 2472 729 2550 exposcit,
753 2478 786 2531 ut
807 2471 843 2531 de
865 2470 932 2549 ipso
955 2470 1039 2548 prius
1062 2477 1180 2549 constet
1201 2488 1293 2549 aquo
1308 2470 1391 2532 dics-

218 2578 264 2631 tur
285 2570 464 2649 dispositum
488 2572 656 2650 essequod
685 2570 847 2650 quaeritur.
903 2570 1004 2649 Atque
1025 2571 1099 2631 adeo
1128 2577 1158 2631 et
1184 2569 1326 2633 baeretici
1355 2588 1392 2632 cx

217 2670 397 2733 conscientia
419 2671 598 2732 infirmitatis
615 2689 764 2749 nunquam
781 2670 931 2731 ordinarie
947 2678 1081 2732 tractant.
1111 2670 1190 2732 Certi
1207 2669 1286 2759 enim
1301 2687 1390 2752 mam

218 2771 381 2833 ”laborent
402 2772 432 2832 in
455 2771 575 2832 atterius
599 2771 760 2832 divinitatis
789 2770 987 2832 insinuatione
1010 2770 1153 2830 adversus
1176 2770 1264 2836 deum
1286 2769 1390 2832 mundi

217 2873 353 2934 omnibus
377 2872 548 2935 naturaliter
569 2880 672 2933 uotum
695 2872 731 2933 de
754 2871 934 2933 testimoniis
958 2889 1099 2950 operum,
1129 2877 1210 2931 certe
1232 2877 1263 2932 et
1284 2870 1390 2933 insa·
1488 2866 1490 2869 ⁴

218 2974 373 3035 oramentis
395 2975 525 3053 priorem
549 2983 579 3034 et
602 2973 658 3032 ¹⁸in
681 2973 952 3051 praedicationibus
976 2969 1227 3046 manifestiorem,
1251 2971 1308 3032 sub
1331 2969 1389 3032 ob-

217 3084 297 3136 tentu
320 3073 406 3154 quasi
430 3073 608 3152 urgentioris
630 3093 752 3145 causae,
777 3074 833 3134 ”it
858 3082 903 3133 est
927 3072 1021 3151 ipsius
1038 3072 1182 3132 humanae
1204 3072 1308 3133 salutis
1323 3079 1393 3132 ante

217 3176 312 3237 omnia
334 3175 574 3253 ¹”requirendam
598 3193 613 3234 a
636 3174 863 3253 quaestionibus
886 3171 1115 3262 resurrectionis
1137 3171 1299 3251 incipiunt,
1322 3170 1392 3249 quia

217 3277 329 3338 durius'
348 3275 480 3336 creditur
508 3275 689 3335 resurrectio
719 3274 816 3335 carnis
846 3291 933 3352 quam
961 3290 1019 3332 une
1048 3270 1202 3344 divinitas3
1237 3277 1323 3348 atque
1352 3269 1392 3331 ite
1435 3319 1438 3322 .

218 3385 370 3437 tractatum
392 3374 502 3437 viribus
526 3375 639 3435 ordinis
663 3374 710 3434 sui
740 3374 911 3435 destitutum
935 3380 965 3433 et
984 3369 1133 3448 scrupulis
1154 3369 1255 3448 potius
1281 3385 1390 3429 onero·

217 3485 293 3550 tum,
316 3476 337 3508 ²¹
347 3476 580 3555 depretiantibus
603 3493 739 3544 carnem,
761 3474 900 3552 paulatim
915 3472 980 3532 ”ed
997 3471 1118 3533 atterius
1135 3468 1296 3555 divinitatis
1311 3473 1391 3527 tem·

215 3586 320 3657 perant
342 3596 465 3637 sensum
488 3596 523 3637 ex
545 3577 610 3654 ipsa
633 3576 697 3654 spei
720 3574 918 3634 concussione
946 3583 976 3634 et
998 3568 1209 3636 demutatione.
1251 3564 1391 3628 Deiectus
1448 3578 1470 3629 ,·

216 3730 238 3779 d.
257 3730 376 3779 creatoris
394 3731 478 3792 ompd„
499 3730 563 3778 Folo.
578 3729 682 3776 Ursinus.
723 3728 804 3776 Probet
830 3727 892 3775 coris
915 3726 1023 3774 secundis
1041 3720 1116 3771 utcu.
1134 3719 1254 3780 utpotuos.
1296 3724 1392 3767 erector

217 3799 406 3859 arsissetque,
427 3800 500 3846 codes
517 3798 605 3844 Pitheci
623 3803 644 3843 et
662 3797 768 3843 inurent.
822 3794 845 3842 5.
865 3793 994 3840 haberetur
1012 3790 1044 3838 io.
1061 3805 1075 3837 o
1094 3787 1201 3836 Woouer.
1260 3783 1391 3834 uuistu-

216 3866 314 3915 demt.
366 3864 390 3911 t.
409 3865 439 3911 de
457 3863 572 3910 Valentini
591 3863 634 3911 tu.
687 3861 709 3909 8.
730 3861 899 3923 tppettemt.
934 3854 1094 3920 Appeltend.
1145 3852 1170 3901 9.
1189 3860 1326 3902 consortem
1346 3865 1390 3900 ne·

217 3941 271 3992 pant
288 3932 366 3991 obed„
387 3933 415 3979 de
432 3933 500 3979 tibris
520 3932 638 3992 Gorrpueii.
675 3937 761 3987 negant
779 3929 874 3990 reticui,
895 3933 915 3973 et
933 3925 1041 3973 bourmt.
1095 3918 1134 3968 10.
1153 3919 1286 3968 resurrexit
1301 3918 1392 3969 tutes.

217 4000 323 4048 dement.
359 3999 519 4046 resurrexerit
538 3998 576 4045 Co.
622 3996 660 4043 11.
679 3997 793 4043 aduersus
810 3995 854 4043 tu.
897 3989 934 4039 12.
953 3987 1171 4046 ναηίιαιοωΰαὺδ.,
1192 3986 1391 4050 Cosp.Scioppitts

216 4076 236 4115 et
245 4067 309 4116 Fotis.
319 4066 423 4114 Ursinus.
460 4065 602 4113 nativitatem
622 4064 665 4112 tu.
684 4060 853 4119 tresi'otiooui,
874 4064 894 4107 et
912 4058 1019 4106 Looreot.
1063 4053 1101 4103 tt.
1121 4060 1158 4101 est
1172 4053 1281 4102 editicii.
1316 4051 1390 4101 editio

217 4141 262 4182 tres
281 4134 395 4182 Votieoni.
437 4132 542 4180 addictio
566 4132 672 4180 booreut.
734 4128 772 4175 ld.
797 4125 947 4188 dignoscitur
964 4124 987 4172 d.
1050 4120 1088 4170 lb.
1112 4118 1214 4185 scilicet.
1244 4118 1343 4174 mooe
1366 4117 1391 4168 d.

217 4202 309 4249 scilieet
327 4201 374 4248 boe
393 4200 430 4248 Fr.
441 4201 529 4248 Iunios.
570 4197 663 4244 scilicet
681 4202 704 4242 et
722 4194 751 4242 de
769 4194 816 4257 deo
835 4201 932 4241 auctore
950 4189 1030 4239 cornis
1048 4187 1119 4238 etde
1137 4185 1233 4236 Cbristo
1252 4185 1331 4234 cernis
1349 4198 1390 4234 re·

217 4269 350 4329 demptore.
377 4267 428 4314 Hoc
445 4266 548 4315 ABCobc.
567 4265 672 4313 docerent.
734 4259 773 4309 16.
797 4261 900 4309 dicimos
924 4256 1052 4306 ineundam
1077 4253 1150 4302 modo
1167 4255 1193 4303 t.
1236 4251 1339 4302 dicimus
1365 4252 1389 4300 iu

217 4337 318 4384 eundem
338 4351 360 4383 o.
396 4334 498 4382 dicimus
518 4333 541 4379 in
560 4331 659 4378 eandem
679 4328 704 4376 B.
759 4327 798 4375 17.
819 4324 988 4376 tenorentttt.
1009 4325 1116 4372 Loureut.
1170 4319 1210 4370 18.
1229 4319 1253 4368 iu
1272 4319 1391 4368 oet-Lou-

216 4408 272 4451 reot.
318 4400 358 4450 19.
377 4401 412 4448 ret
432 4400 509 4462 ipsius
526 4399 569 4447 tu.
622 4394 662 4445 20.
680 4395 825 4458 requirenda
844 4410 871 4442 ea
890 4389 1072 4456 quaestiouibus
1090 4403 1150 4451 outa.
1191 4384 1233 4436 21.
1250 4385 1390 4463 depretian-

217 4470 280 4518 tibus
304 4481 401 4517 caruem
426 4469 493 4515 obed.
537 4463 714 4528 deprecistibos
738 4463 818 4511 urnis
841 4462 901 4511 ABG.
926 4460 1033 4510 Laureot.
1093 4453 1136 4505 22.
1159 4452 1190 4503 ed
1215 4452 1314 4503 citerius
1339 4451 1390 4501 obs.

217 4536 316 4585 atterius
334 4537 428 4598 reliqui.
446 4535 553 4582 Loureot.

249 4685 270 4717 c
289 4668 434 4717 obducimus
450 4660 651 4731 praescribendo]
662 4664 778 4713 Dererbo
865 4662 889 4710 d.
907 4660 1006 4710 scilicet
1031 4658 1061 4708 ut
1077 4651 1136 4723 boc]
1157 4652 1287 4728 iniustius
1305 4647 1392 4698 distin-

217 4738 330 4786 ohdseere
348 4737 378 4783 ci.
398 4734 489 4783 sdnott.
510 4734 538 4781 ad
557 4733 657 4795 tpoiog.
677 4729 778 4794 capdb.
832 4729 881 4790 guit
899 4736 922 4778 et
939 4725 1024 4776 scribit
1041 4715 1227 4787 „Congruenter
1239 4716 1333 4770 sedicet
1344 4713 1394 4763 boc
1436 4724 1445 4759 ,·

216 4812 241 4852 et
253 4805 283 4853 de
289 4805 449 4869 praescribere
464 4803 519 4850 adn.
533 4800 671 4864 adtpotog.
690 4813 743 4862 cap.
755 4797 780 4847 i.
832 4799 909 4846 terme
928 4795 1000 4844 modo
1018 4808 1074 4858 sqq.
