3242 5775
313 610 353 675 ts
570 623 671 674 ouum
692 621 824 665 seorsim
845 620 1009 664 rcoaenrrs
1031 618 1227 662 rearuncum

308 777 439 840 Necesse
467 781 515 835 est
542 772 620 834 enim
649 771 697 833 ⁶et
723 770 790 832 illos
818 769 935 832 'dicere
966 766 1093 830 anobis
1115 767 1217 848 potius
1239 765 1385 850 adulteria
1408 766 1485 830 seri-

309 888 479 959 pturarum·
501 882 532 935 et
552 872 773 953 expositionum
787 870 956 933 lmendacia
977 869 1095 945 inferri,
1118 868 1169 948 qui
1182 866 1327 947 'prolude
1348 867 1410 931 sibi
1431 867 1487 931 de*

310 978 431 1040 tendant
451 975 613 1036 veritatem.

176 1099 292 1158 cauam
394 1078 473 1156 Ergo
494 1093 555 1137 non
578 1073 615 1137 ad
638 1072 800 1153 scripturas
824 1072 831 1103 ¹
838 1070 1060 1151 provocandum
1082 1077 1145 1143 est,
1168 1087 1224 1130 nec
1245 1068 1277 1129 in
1297 1068 1348 1130 bis
1368 1067 1487 1132 comti-

310 1179 454 1241 tuendum
475 1186 625 1239 certamen
645 1174 693 1234 'in
715 1172 824 1252 quibus
845 1179 896 1233 aut
917 1170 996 1232 nulla
1018 1178 1068 1232 aut
1089 1170 1204 1233 incerta
1221 1168 1344 1231 victoria
1366 1178 1416 1232 est
1437 1176 1487 1233 aad

310 1279 431 1360 'parum
460 1285 549 1339 certa.
598 1275 671 1336 Nam
700 1275 758 1335 etsi
786 1291 847 1334 non
875 1272 915 1333 ita
943 1271 1081 1333 evaderet
1108 1270 1235 1332 conlatio
1258 1269 1487 1350 scripturarum,

311 1379 361 1441 ⁴ut
381 1387 536 1457 utramque
557 1385 671 1456 partem
693 1392 795 1455 parem
818 1373 953 1446 sisteret,
983 1371 1057 1434 ordo
1079 1389 1182 1432 rernm
1203 1370 1392 1481 desiderabat
1412 1370 1488 1434 illiso

309 1480 392 1560 prius
413 1477 557 1558 proponi,
581 1475 661 1555 quod
682 1492 762 1536 nunc
783 1474 881 1535 solum
903 1472 1112 1552 disputandum
1128 1479 1190 1533 est:
1213 1471 1321 1551 quibus
1336 1479 1488 1553 comptu

310 1579 386 1641 fides
408 1579 490 1657 ipsa,
512 1577 597 1639 cuius
620 1576 698 1636 ⁵sint
721 1575 901 1655 scripturae,
919 1593 941 1647 a
963 1592 1039 1653 quo,
1062 1581 1092 1635 et
1111 1592 1166 1653 per
1186 1591 1280 1652 quos,
1303 1581 1334 1635 et
1354 1574 1487 1653 quando,

311 1687 341 1741 et
361 1678 468 1759 quibus
492 1677 532 1739 sit
554 1676 660 1739 hadita
682 1675 836 1755 disciplina
863 1675 1015 1755 quatiunt
1036 1673 1206 1736 Christiani.
1249 1673 1305 1735 Ubi
1327 1673 1409 1735 enim
1429 1686 1488 1755 ap-

309 1778 443 1861 peruerit
469 1796 540 1839 esse
566 1777 719 1838 veritatem
746 1775 935 1856 ‘disciplinae
962 1783 993 1836 et
1019 1773 1087 1836 lidei
1110 1774 1309 1847 Christianae,
1342 1773 1404 1836 illic
1430 1773 1489 1837 orit

309 1881 416 1942 verius
437 1878 671 1958 ⁷scripturarum
692 1886 723 1939 et
743 1876 963 1957 expositionum
978 1883 1009 1936 et
1024 1874 1155 1936 omnium
1170 1874 1364 1937 traditionum
1377 1874 1488 1937 'Chri-

311 1981 487 2042 stianarum.
1099 1998 1101 2002 ’

184 2109 292 2167 αμχς,
395 2080 531 2142 Chn‘stus
563 2078 662 2151 lesus,
695 2075 835 2137 dominus
869 2083 990 2148 noster,
1023 2074 1190 2154 ¹permittat
1222 2075 1322 2138 dicere
1351 2076 1487 2153 intes-im,

309 2180 445 2261 quisquis
460 2178 551 2254 ²est,
563 2178 766 2256 cuiuscunque
780 2176 828 2237 dei
844 2176 940 2249 blius,
964 2174 1167 2255 uniuscunque
1190 2176 1329 2238 materiae
1344 2176 1491 2274 hhmffl

310 2281 400 2355 deus,
430 2280 631 2358 cuiuscunque
653 2278 722 2339 fidei
742 2285 934 2357 praeceptor,
965 2276 1167 2357 cuiuscunque
1188 2276 1334 2339 mercedis
1355 2265 1488 2359 ⁸repro-

308 2381 437 2456 rnissor,
464 2380 536 2461 quid
557 2386 656 2452 esset,
686 2378 755 2459 quid
778 2378 899 2453 luisset,
927 2367 1015 2457 quam
1036 2379 1130 2457 patris
1151 2377 1332 2439 voluntatem
1353 2377 1489 2441 admini-

310 2489 435 2553 straret,
467 2481 536 2560 quid
564 2479 678 2541 bomini
711 2478 857 2559 mendum
892 2478 1117 2552 determinaret,
1150 2478 1308 2558 ‘quamdiu
1334 2477 1365 2538 in
1392 2479 1489 2543 terris

310 2578 428 2657 agebat,
451 2580 516 2658 ipse
537 2580 748 2658 pronuntiabat
768 2580 849 2641 ‘sire
870 2578 982 2659 populo
1003 2578 1101 2659 palem
1119 2578 1182 2640 sire
1197 2578 1378 2641 discentibus
1393 2598 1488 2643 seor-

310 2696 392 2751 sum,
427 2697 463 2738 ex
493 2678 600 2758 quibus
629 2679 785 2741 duodecim
807 2680 984 2759 praecipuos
1011 2679 1097 2740 lateri
1121 2697 1176 2760 suo
1200 2678 1355 2758 allegerat,
1385 2680 1487 2744 desti-

309 2790 396 2839 natos
418 2778 588 2841 nationibus
617 2780 787 2859 magistros.
846 2781 946 2859 ltaque
974 2797 1036 2840 uno
1062 2797 1167 2842 eorum
1195 2763 1322 2842 decusso
1348 2780 1485 2861 reliquos

165 2887 287 2982 nttfflptri⁹
309 2878 445 2940 undecim
466 2878 655 2969 {digrediens
684 2880 720 2941 ad
748 2889 863 2960 patrem
889 2889 962 2961 post
988 2879 1239 2943 resurrectionem
1266 2880 1425 2944 iussitire
1455 2890 1488 2946 et

248 2968 255 2989 ’
288 2966 416 3041 'docere
436 2981 573 3042 nationes
595 2981 789 3060 'tinguendas
812 2983 842 3043 in
864 2991 979 3065 patrem
1001 2981 1049 3043 'et
1069 2981 1101 3043 in
1120 2981 1213 3043 lilium
1235 2993 1264 3044 et
1278 2980 1328 3043 ⁹in
1343 2981 1487 3062 spuitu-

309 3075 454 3141 emotum
488 3080 591 3141 Sutim
613 3079 869 3162 igitur'apostoli,
891 3101 967 3162 qnos
989 3083 1064 3144 haec
1084 3082 1240 3162 appellatio
1255 3082 1368 3148 missos
1383 3081 1485 3145 inter·

308 3187 458 3258 pretatur,
478 3191 634 3261 assumpto
656 3201 711 3262 per
732 3191 846 3243 sortem
869 3182 1044 3244 duodecimo
1061 3183 1207 3245 ¹⁰llatthia
1227 3183 1258 3243 in
1278 3182 1376 3244 locum
1391 3183 1487 3248 tudae

165 3253 295 3358 dotted:
310 3298 347 3341 ex
366 3282 538 3344 neonae
554 3282 769 3363 'prophecie
793 3302 871 3362 quae
885 3284 981 3344 “ten
998 3283 1028 3343 tn
1043 3282 1158 3363 psalmo
1175 3283 1277 3357 navio,
1301 3283 1486 3348 nummu

177 3355 280 3410 ’ΜΨ
306 3382 487 3461 promissam
509 3383 566 3444 vim
591 3383 714 3461 spiritus
737 3383 832 3443 sancti
853 3384 888 3443 ad
912 3384 1035 3444 virtutes
1058 3391 1088 3443 et
1109 3382 1276 3463 eloquium,
1304 3385 1401 3463 ptimo
1425 3404 1485 3466 per

306 3470 442 3543 lullaeans
465 3481 658 3544 ¹’contestata
678 3483 736 3544 lide
758 3482 903 3543 inlesum
914 3481 1065 3543 Christum
1088 3481 1146 3543 “et
1166 3481 1300 3544 ecclesiis
1323 3483 1485 3562 institutis,

306 3660 331 3712 6.
351 3668 376 3710 nt
395 3661 418 3710 C.
470 3662 495 3711 l.
514 3663 607 3713 discere
625 3666 696 3716 nobis
713 3667 739 3715 ll.
775 3666 856 3716 dicere
873 3665 987 3715 nobisC.
1042 3665 1067 3717 8.
1086 3681 1169 3717 eorum
1187 3668 1280 3728 (earum
1298 3668 1335 3728 B.)
1353 3669 1484 3723 mendacia

307 3728 367 3778 ttce
419 3728 444 3776 9.
463 3729 630 3793 perindedrp.
1306 3770 1313 3778 -

374 3794 433 3858 Cap.
452 3795 509 3844 xlx.
546 3797 568 3844 l.
588 3805 740 3859 provocatum
759 3799 784 3846 B.
827 3797 850 3847 2.
870 3799 1019 3850 inorsdce
1069 3799 1093 3849 3.
1111 3813 1196 3864 parum
1215 3800 1357 3853 eerteCobc.
1392 3817 1481 3866 parurn

306 3860 396 3910 incerta
414 3862 457 3911 le.
493 3876 538 3924 par
555 3864 660 3912 incertae
678 3866 701 3913 d.
747 3864 771 3914 l.
791 3873 1026 3930 utramquepartem
1045 3868 1274 3930 percursisterell.
1319 3868 1343 3918 5.
1361 3878 1419 3920 sont
1436 3872 1482 3925 AB.

306 3927 329 3976 6.
349 3936 372 3976 st
390 3927 531 4007 disciplinae
549 3933 572 3980 d.
625 3931 650 3982 7.
668 3939 692 3981 οι
714 3933 889 3997 scripturarum
906 3933 957 3998 Αφ.
1020 3933 1044 3984 8.
1063 3934 1254 3985 Christianarum
1269 3937 1325 3985 ded.
1361 3935 1482 3989 Christia-

307 3996 505 4125 nornpapehxthu.
539 4064 561 4112 l.
586 4065 711 4128 permittar
734 4066 798 4117 Folo.
815 4067 920 4117 drotum.
972 4065 995 4116 ².
1014 4075 1053 4118 est
1075 4068 1185 4118 Christos
1210 4069 1375 4134 cuiuscunque
1392 4087 1412 4122 e.
1454 4071 1481 4123 ³.

306 4129 442 4191 promissor
458 4129 565 4189 ldlCohc.
617 4131 640 4181 4.
665 4140 689 4181 et
713 4134 826 4195 quamdiu
851 4135 895 4184 st.
947 4133 971 4183 5.
995 4136 1044 4185 sire
1068 4152 1111 4186 ooc
1128 4137 1178 4197 Δφ.
1231 4134 1254 4186 6.
1279 4137 1417 4198 digrediens
1436 4139 1481 4192 dd.

305 4196 555 4325 C‘Killim'lll'
575 4265 591 4315 e
613 4199 642 4315 l,
655 4199 889 4327 ltttltl‘th
924 4202 1092 4319 llll-⁰⁶²⁸
1115 4203 1193 4320 opp
1235 4204 1360 4320 ‘CCC'
1384 4207 1481 4286 '‘¹⁵³⁸“

303 4297 354 4377 tim
372 4330 463 4391 aecae.
517 4301 556 4380 io.
577 4300 662 4382 n'nnu
675 4283 720 4384 ”aa
774 4281 1136 4400 11.l„0l¹lt.·„hs⁶“ltl
1155 4287 1178 4387 ti
1193 4287 1390 4402 {sarffl‘u'i'n
1404 4287 1480 4391 'pini

304 4398 443 4446 consecutio
467 4399 587 4460 promissa
610 4401 654 4450 BC.
698 4410 826 4451 consecuta
851 4405 972 4467 promissa
996 4421 1019 4455 e.
1081 4404 1120 4455 13ss
1144 4414 1301 4456 contestatam
1325 4407 1397 4457 lident
1423 4408 1479 4460 lesu

304 4461 393 4513 Christi
412 4480 471 4527 emp.
515 4466 553 4515 tt.
572 4475 595 4516 et
613 4468 781 4518 om.Semlerus
792 4477 812 4518 et
822 4471 953 4536 leopoldus
967 4479 1060 4537 praeter
1077 4488 1165 4524 onomat
1182 4475 1294 4525 librorum
1309 4477 1478 4528 autoritatem.

336 4595 397 4659 Cap.
420 4597 499 4647 llVlll.
541 4600 704 4651 audulterio
731 4603 866 4664 scriptura·
917 4604 1088 4657 odulteriuor.“
1111 4607 1154 4657 Est
1166 4608 1230 4658 enirn
1240 4607 1389 4659 Tertulbano
1408 4612 1468 4663 adul

301 4661 369 4729 mm]
392 4663 433 4713 Sic
449 4668 611 4726 „adulterium
634 4668 744 4719 colorem
761 4671 866 4722 iniusto·
916 4675 1000 4723 ten'ma
1020 4688 1111 4732 „orons
1136 4677 1200 4738 qood
1224 4677 1339 4738 nacitor‘
1363 4677 1397 4726 lle
1414 4679 1465 4744 Spe

301 4733 374 4780 rum“
393 4732 427 4782 lle
444 4732 515 4783 Cultu
528 4735 593 4785 Fem.
615 4737 631 4797 l,
643 4735 667 4786 8.
702 4736 738 4786 be
755 4738 863 4789 Praescr.
916 4739 1090 4802 coempta.
1114 4743 1323 4809 spelaeorum
1340 4744 1472 4807 ‚Mullus

302 4797 373 4851 llaer.
391 4800 484 4866 capili
512 4818 658 4864 „trecarum
683 4805 773 4856 sterilis
797 4807 863 4857 loenl
914 4807 1027 4858 columis
1044 4807 1214 4871 disciplinae.“
