3242 5775
312 639 375 703 246
569 614 672 704 omnir
692 648 825 695 serrum
844 647 1010 693 recasurus
1033 641 1229 693 rsarmxum

315 823 352 867 so
375 801 526 865 concessit
548 799 737 862 serviendum
760 798 787 861 ei
809 818 894 873 esse,
917 798 944 860 si
966 797 1155 860 solummodo
1175 795 1235 859 sibi
1256 804 1288 859 et
1301 814 1459 859 mammon

314 903 432 984 negarit
452 919 543 982 posse
566 899 695 962 serviri?
715 886 769 961 lta
791 918 858 962 cunr
880 916 970 960 unum
993 897 1082 960 deum
1102 898 1206 978 ponit,
1230 898 1444 960 nominaturus

316 1013 495 1076 creatorem,
524 1002 549 1063 si
571 1002 645 1063 alius
668 989 750 1063 esset
772 999 853 1079 ipse,
882 1008 1047 1061 creatorem
1073 998 1252 1073 nominarit,
1282 1017 1373 1079 quem
1396 999 1460 1061 dom

315 1123 388 1166 num
410 1104 476 1165 sine
498 1102 555 1163 alio
578 1101 635 1163 deo
656 1119 718 1162 non
739 1102 851 1180 posuit.
888 1100 924 1162 Et
945 1099 1016 1161 illud
1038 1099 1138 1179 itaque
1159 1098 1317 1172 relucebit,
1339 1118 1460 1179 quomo

314 1203 460 1275 ⁶dictum,
483 1202 514 1263 Si
537 1202 568 1263 in
589 1220 757 1263 mammona
778 1201 889 1262 iniusto
911 1200 1014 1262 fideles
1035 1218 1096 1261 non
1113 1201 1270 1273 extitistis,
1293 1201 1377 1280 quod
1392 1218 1460 1262 reru

166 1314 365 1374 inexoratam
385 1304 453 1383 quis
474 1302 559 1364 robis
581 1300 705 1363 credet?
727 1302 757 1362 in
778 1320 901 1363 nummo
924 1301 1037 1363 seilicet
1058 1300 1188 1374 iniusto,
1210 1319 1271 1362 non
1293 1302 1325 1363 in
1347 1309 1460 1363 creator

166 1419 407 1483 enervationem
429 1411 459 1465 et
479 1403 610 1465 Marcion
632 1402 742 1463 iustum
764 1402 844 1463 lacit
891 1402 930 1463 Et
951 1402 978 1462 si
1000 1402 1030 1462 in
1052 1402 1148 1463 alieno
1171 1402 1275 1463 fideles
1297 1403 1411 1464 inventi
1435 1419 1460 1463 m

320 1504 410 1577 estis,
438 1504 555 1565 'meum
576 1503 643 1583 quis
665 1503 746 1565 debit
767 1501 875 1564 robis?
907 1502 1034 1564 alienum
1057 1503 1136 1563 enim
1159 1502 1339 1564 debet·esse
1362 1521 1378 1564 a
1400 1519 1460 1564 ser

321 1605 368 1666 dei
391 1605 471 1683 quod
492 1604 633 1665 iniustum
655 1614 713 1666 est.
747 1603 870 1665 Creator
890 1601 1005 1665 'autem
1028 1603 1180 1683 quomodo
1203 1604 1318 1665 alienus
1341 1612 1406 1665 erat
1420 1603 1460 1683 pb

321 1706 446 1775 risaeiS‚
477 1704 618 1784 proprius
641 1704 714 1766 deus
736 1703 872 1765 Iudaicae
894 1702 1016 1783 gentis?
1059 1703 1092 1765 Si
1114 1722 1186 1783 ergo
1207 1703 1282 1766 haec
1304 1722 1366 1765 non
1389 1705 1460 1766 oedn

252 1861 259 1870 ,
322 1806 352 1866 in
374 1814 555 1876 creatorem,
588 1805 641 1866 sed
663 1804 694 1865 iu
716 1823 932 1877 mammonam,
966 1804 1042 1878 Quis
1063 1805 1149 1868 robis
1171 1804 1273 1867 credet
1294 1805 1376 1883 quod
1397 1803 1460 1866 reti

323 1904 393 1968 est?
415 1914 460 1980 et,
483 1905 557 1978 Quis
579 1904 664 1966 robis
684 1903 766 1965 dabit
786 1905 867 1984 quod
889 1924 988 1966 meum
1010 1904 1082 1967 esti
1110 1924 1170 1966 non
1190 1914 1293 1985 potest
1314 1905 1401 1984 quasi
1423 1903 1460 1966 ali

323 2006 434 2066 dixisse
456 2005 493 2066 de
514 2006 636 2067 alterius
658 2004 706 2066 dei
728 2006 832 2084 gratia.
875 2005 959 2067 Tune
980 2006 1059 2067 eninr
1083 2006 1233 2067 rideretur
1254 2005 1295 2066 ita
1316 2006 1449 2080 dixisse,

324 2125 377 2166 eos
399 2105 429 2166 in
451 2115 632 2178 creatorem,
653 2122 715 2165 non
737 2106 768 2165 iu
791 2124 1007 2178 mammonam,
1030 2106 1164 2167 infideles
1186 2106 1317 2167 notando
1340 2125 1396 2186 per
1413 2121 1460 2167 cru

324 2207 397 2267 toris
419 2205 599 2267 mentionem
621 2205 827 2267 distinctiones
849 2206 971 2269 lecisset
991 2206 1038 2266 dei
1061 2206 1201 2279 alterius,
1223 2225 1285 2267 non
1305 2207 1460 2268 commisfl

325 2326 408 2368 suam
432 2307 585 2368 veritatem
600 2306 767 2367 infidelibus
783 2305 935 2369 creatoris.
967 2306 1145 2379 ⁹Quomodo
1168 2317 1239 2368 tunc
1259 2308 1384 2368 alterius
1406 2306 1460 2369 ridt

324 2419 440 2486 potest,
464 2407 490 2467 si
512 2425 573 2467 non
595 2406 632 2467 ad
654 2406 711 2467 hoc
733 2416 918 2486 proponatur
941 2415 972 2467 ut
993 2425 1009 2467 a
1032 2426 1064 2468 re
1082 2408 1119 2467 de
1134 2425 1192 2487 qua
1206 2407 1303 2485 agitur
1319 2416 1460 2487 separet!

325 2507 359 2566 Si
380 2515 477 2568 autem
500 2518 531 2567 et
552 2506 743 2567 iustilicantes
767 2525 801 2568 se
822 2526 923 2568 coram
944 2506 1116 2569 hominibus
1138 2508 1286 2587 pharisaei
1309 2527 1395 2588 spem
1416 2523 1460 2569 ma

325 2604 406 2666 cedis
428 2607 458 2666 in
480 2605 601 2666 bomine
622 2607 788 2685 ponebant,
824 2606 875 2667 illo
903 2626 957 2668 eos
980 2626 1073 2668 sensu
1095 2608 1268 2687 increpabat
1289 2626 1349 2687 quo
1373 2617 1402 2670 et
1421 2623 1460 2689 pet

172 2728 309 2778 nervus.
326 2705 415 2783 pheta
437 2704 618 2767 Hieremias:
640 2707 731 2767 Miser
751 2707 859 2779 homo,
882 2706 932 2784 qui
954 2725 1038 2785 spem
1060 2707 1150 2768 babet
1171 2708 1201 2768 in
1224 2708 1356 2770 bomine.
1389 2708 1460 2780 usp,

173 2805 431 2909 ¹⁶ffi¹2¹3¹⁰³ffl⁰i¹v
453 2805 515 2865 Scit
536 2816 634 2867 autem
655 2806 729 2867 deus
750 2807 974 2879 cordavestra,
997 2806 1077 2868 illius
1099 2806 1147 2868 dei
1169 2807 1229 2868 rim
1250 2805 1460 2871 commemor!

238 2895 244 2916 '
329 2906 405 2986 ”qni
427 2908 577 2968 lucernam
598 2927 631 2969 se
653 2906 908 2987 ¹²pronuntiabat‚
941 2917 1124 2970 scrutantem
1153 2927 1241 2970 renes
1270 2918 1302 2971 et
1323 2911 1418 2972 corda.
1450 2904 1460 2969 i

175 3029 321 3082 aucteurs.
329 3008 498 3087 superbiam
520 3008 628 3088 tangit,
652 3008 739 3082 Quod
761 3009 871 3070 elatum
886 3017 930 3071 est
944 3009 1021 3087 apud
1037 3010 1191 3083 homines,
1215 3029 1357 3089 perosum
1372 3004 1460 3083 estdti

201 3131 315 3183 roenna.
328 3109 445 3171 Esaiam
468 3108 552 3188 ponit
573 3119 641 3170 ante
662 3109 781 3170 oeulos:
817 3109 885 3171 llies
913 3109 991 3170 enirn
1020 3110 1132 3172 domini
1154 3111 1295 3186 sabaoth,
1329 3112 1359 3172 in
1380 3116 1460 3172 omatl

329 3210 576 3271 contumeliosum
598 3216 628 3270 et
649 3209 829 3288 superbum,
860 3209 891 3270 in
921 3228 1039 3271 omnem
1069 3211 1226 3272 sublimem
1254 3220 1286 3273 et
1314 3213 1460 3281 elatum.t

330 3310 572 3372 humiliabuntur.
604 3309 733 3370 Possum
755 3309 814 3371 iam
835 3309 973 3389 colligere
994 3330 1047 3372 cur
1070 3319 1150 3374 tanto
1166 3331 1237 3373 aevo
1254 3312 1330 3375 deus
1344 3310 1427 3374 blarei

177 3433 322 3486 tuereris.
331 3412 419 3473 luerit
440 3411 470 3473 in
493 3410 618 3472 occrrlto.
662 3410 856 3489 Expectabat‚
885 3411 1008 3489 opinor,
1041 3411 1137 3474 donec
1157 3412 1231 3475 haec
1253 3415 1353 3475 omnia
1373 3304 1460 3501 diso:

302 3551 306 3557 -
331 3512 506 3574 acreassre.
542 3510 649 3572 Didicit
670 3528 747 3589 ergo.
762 3529 858 3590 usque
879 3512 914 3571 ad
930 3510 1050 3573 loannis
1065 3519 1216 3592 tempora,
1240 3522 1329 3593 aulus
1343 3515 1380 3576 ita
1425 3510 1443 3585 ',

330 3612 480 3690 processit
500 3611 676 3673 annuntiare
697 3629 820 3690 regnum
844 3611 907 3685 dei,
934 3611 1055 3686 dicens,
1085 3613 1148 3674 Lex
1170 3622 1200 3674 et
1220 3615 1384 3693 prophetae
1402 3631 1421 3675 u
1442 3596 1446 3603 ¹

332 3711 368 3771 ad
390 3712 546 3783 loannem,
570 3731 606 3772 ex
627 3729 685 3791 quo
709 3729 833 3790 regnum
855 3712 1123 3775 deiannuntiatur.
1167 3714 1260 3786 Quasi
1284 3713 1371 3777 ¹’nort
1392 3720 1420 3775 et

331 3811 454 3873 limitem
477 3811 623 3891 quendam
644 3830 839 3890 agnoscamus
861 3812 1001 3874 loannem
1029 3814 1223 3876 coustitutum
1251 3815 1331 3878 inter
1356 3802 1452 3877 retest¹

332 3929 425 3984 nora,
449 3911 484 3971 ad
507 3929 595 3990 quem
618 3912 769 3975 desineret
789 3912 956 3974 Iudaismus
979 3924 1010 3976 et
1030 3933 1046 3976 a
1068 3934 1127 3994 quo
1150 3914 1295 3994 inciperet
1309 3915 1413 3978 Chris'
1439 3898 1442 3905 ¹

334 4029 417 4083 mus,
451 4031 512 4073 non
534 4021 632 4073 umen
654 4021 687 4074 ut
707 4012 744 4074 ab
765 4012 821 4075 alia
843 4014 950 4076 virtute
971 4016 1046 4077 lacta
1068 4014 1108 4077 sit
1129 4015 1263 4078 sedatio·
1283 4016 1358 4096 legis
1379 4023 1408 4079 et

333 4111 489 4192 phetaram
511 4120 542 4174 et
563 4111 688 4174 initiatio
711 4113 869 4194 evangelii,
896 4115 926 4177 in
955 4133 1014 4194 quo
1043 4123 1090 4177 est
1116 4115 1163 4178 dei
1192 4134 1335 4194 regnum,
1423 4112 1439 4129 ''

334 4212 408 4290 ipse.
444 4211 518 4274 Nam
540 4213 597 4274 etsi
619 4213 810 4292 probavimus
834 4223 864 4276 et
884 4224 982 4276 vetera
1003 4214 1163 4277 transitura
1186 4224 1216 4277 et
1236 4235 1315 4280 nora
1329 4237 1365 4281 su

333 4310 495 4391 praedicari
518 4332 535 4374 a
557 4323 705 4388 creatore,
730 4315 756 4376 si
771 4324 801 4376 et
816 4315 942 4379 loannes
958 4324 1133 4379 antecursor
1148 4324 1178 4378 et
1191 4327 1386 4399 praeparator
1398 4310 1460 4417 oa*

1443 4428 1460 4481 l

335 4497 359 4546 6.
379 4497 478 4557 dietum,
495 4499 520 4547 Si
540 4500 563 4548 in
581 4500 618 4549 cd.
652 4498 741 4548 dietam
759 4503 791 4551 ait
808 4502 832 4551 in
850 4503 943 4567 ratmot.
991 4502 1016 4552 7.
1034 4503 1097 4566 qnod
1117 4517 1196 4552 meam
1214 4503 1321 4567 estquis
1338 4505 1375 4556 etl.
1414 4486 1460 4571 ei

335 4574 382 4614 tem
402 4567 608 4628 quomodoobcd
644 4565 844 4618 aliomodelld.
896 4570 919 4620 9.
940 4570 1139 4630 Quoniamtllid.
1192 4570 1231 4620 10.
1250 4571 1275 4620 Si
1296 4572 1364 4622 daed.
1384 4570 1431 4620 Γ

333 4648 390 4749 pppp
403 4634 468 4750 uelpep3
504 4633 544 4684 Sic
560 4633 602 4684 Bb.
663 4634 700 4684 ll.
718 4638 759 4699 oui
778 4637 888 4687 ora.Cab.
950 4636 990 4686 12.
1008 4637 1166 4701 pronuntians
1185 4653 1214 4687 ac
1231 4644 1378 4711 scrutantem
1396 4637 1421 4688 B.
1446 4636 1460 4723 Ξ,

370 4848 390 4882 a.
411 4829 516 4901 sedatio]
530 4826 685 4902 Ἧρὲμησις,
703 4836 761 4900 ad.
779 4837 804 4888 in
822 4836 881 4888 aede
898 4837 986 4904 qnietis
1003 4846 1075 4904 atqua
1092 4839 1117 4890 in
1134 4838 1184 4890 otio
1198 4784 1460 4903 collocatio-tinia
