3242 5775
301 583 365 649 sto
561 594 663 649 onmrr
685 593 817 638 serrum
838 591 1003 637 rnonnnrrs
1025 590 1222 636 rnnrunueru

301 749 418 822 earnis,
441 746 589 826 siquidem
602 752 642 806 'et
661 743 836 806 nubentium
859 742 994 821 contagio
1016 742 1108 804 foetet
1128 759 1184 803 nen
1204 740 1270 820 ipse
1292 738 1477 819 apostolicus

135 844 519 926 ,nrrmtrellermogenesl
546 847 577 908 in
605 844 705 925 regula
732 843 941 924 perseverarit.
997 842 1054 904 Sed
1087 841 1195 903 viderit
1225 858 1373 922 persona,
1408 859 1476 903 eum

301 949 435 1013 doctriua
456 946 529 1009 mibi
552 946 685 1027 quaestio
709 954 765 1007 est
802 944 955 1006 Christum
976 943 1146 1006 ⁸domiuum
1166 961 1227 1004 nou
1249 942 1338 1003 alium
1359 941 1481 1004 ridetur

300 1050 404 1113 'aliter
426 1046 650 1128 ¹⁰agnoseerel,
672 1045 761 1117 aliurn
783 1054 881 1107 tamen
899 1044 969 1106 lauit
983 1063 1070 1124 quem
1086 1043 1171 1105 aliter
1186 1042 1359 1122 ¹¹agnoscit,
1383 1042 1479 1104 immo
1523 1122 1525 1132 Ι

302 1159 398 1213 ιοιιιιιι
420 1149 500 1229 quod
522 1156 566 1209 est
589 1148 663 1209 deus
685 1146 798 1220 aulert,
821 1146 927 1208 nolens
946 1145 1080 1239 illum-ex
1094 1144 1187 1207 nihilo
1203 1145 1340 1206 universa
1354 1143 1479 1206 iecisse.
1519 1208 1525 1248 Ι

300 1251 324 1313 d
347 1249 522 1313 Christianis
544 1248 622 1309 enim
647 1246 838 1309 ¹'conversus
860 1247 896 1309 ad
918 1246 1126 1328 philosophos,
1149 1247 1185 1307 de
1206 1244 1331 1308 eeclesia
1352 1244 1385 1305 in
1406 1261 1480 1305 ana·
1497 1261 1525 1318 ‘.

302 1352 429 1414 demiam
453 1358 483 1412 et
504 1350 668 1430 porticum,
691 1348 760 1409 inde
782 1347 912 1428 sumpsit
926 1367 942 1408 a
958 1346 1068 1409 Stoicis
1091 1347 1241 1409 materiam
1265 1365 1331 1408 cum
1351 1346 1478 1407 domino
1519 1323 1525 1349 ²

301 1452 441 1534 ponere¹,
463 1468 539 1531 quae
562 1448 677 1529 etipsa
699 1467 819 1528 semper
834 1448 939 1521 luerit,
962 1466 1059 1527 neque
1081 1456 1165 1519 nata,
1186 1465 1283 1527 neque
1305 1448 1398 1521 laem,
1421 1464 1481 1508 nee
1521 1513 1525 1534 1

301 1552 417 1615 initium
438 1551 551 1614 babens
574 1550 695 1612 omnino
719 1568 773 1611 nee
793 1549 899 1623 linem,
933 1566 968 1609 ex
997 1566 1053 1628 qna
1081 1548 1220 1612 dominus
1249 1548 1348 1610 omnia
1371 1554 1480 1627 posteo
1522 1545 1525 1553 ⁴

302 1654 415 1716 lecerit.

196 1768 285 1829 capu.
387 1752 470 1813 Hanc
489 1751 615 1831 primam
637 1750 771 1813 umbram
793 1749 881 1829 plane
903 1749 968 1811 sine
990 1749 1100 1811 lumine
1126 1749 1277 1829 pessimus
1300 1750 1398 1830 pictor
1418 1747 1478 1809 illis
1514 1722 1525 1816 ‚³

225 1851 227 1856 ’
302 1851 607 1933 argumentationibus
629 1852 786 1924 coloravit,
817 1851 1023 1931 'praestruens
1050 1859 1101 1912 aut
1128 1850 1278 1912 dominum
1302 1850 1339 1911 de
1362 1857 1477 1911 semet·
1506 1823 1525 1867 ⁸¹

302 1954 371 2034 ipso
393 1953 503 2016 lenisse
523 1960 626 2016 cuncta
649 1961 700 2015 aut
721 1952 758 2014 de
779 1951 873 2014 nihilo
895 1959 947 2013 aut
966 1952 1004 2013 de
1018 1951 1133 2031 aliquo,
1156 1960 1206 2023 ut,
1229 1970 1295 2013 cnm
1311 1950 1480 2012 ostenderit
1500 1921 1525 1973 ι’

301 2073 399 2134 nequo
420 2072 459 2116 er
478 2052 642 2134 semetipso
663 2053 771 2115 iecisse
792 2052 929 2132 potuisse
949 2069 1045 2131 neque
1060 2071 1096 2113 ex
1111 2052 1219 2126 nihilo,
1242 2052 1321 2132 qnod
1337 2058 1478 2132 superest
1497 2017 1525 2134 ll

302 2154 409 2217 exinde
437 2154 607 2228 confirmet,
641 2172 678 2215 ex
705 2152 804 2233 aliquo
834 2171 902 2214 euru
931 2152 1056 2225 lenisse,
1089 2161 1176 2232 atque
1204 2154 1244 2215 ita
1272 2152 1383 2232 aliquid
1405 2150 1476 2214 illud
1495 2128 1525 2230 ll

301 2256 455 2319 materiam
476 2255 581 2317 luisse.
624 2254 718 2334 Negat
738 2253 821 2315 illum
843 2273 879 2316 ex
907 2253 1071 2333 semetipso
1099 2255 1195 2316 lacere
1221 2254 1376 2333 potuisse,
1409 2252 1475 2334 quie
1495 2231 1525 2348 ,ἢ

300 2366 402 2438 partes
424 2356 520 2437 ipsius
543 2356 670 2419 luissent
696 2372 888 2435 quaecunque
915 2373 951 2417 ex
979 2355 1142 2435 semetipso
1175 2354 1297 2417 lecisset
1324 2354 1474 2429 dominns,
1496 2332 1525 2429 b

300 2475 394 2537 porro
415 2457 447 2518 in
468 2463 568 2537 partes
590 2473 652 2517 non
674 2455 829 2529 devenire,
852 2462 886 2517 ut
905 2454 1115 2517 indivisibilem
1138 2463 1167 2517 et
1189 2455 1431 2518 indemutabilem
1446 2462 1475 2517 et
1497 2431 1518 2497 ἦ

302 2557 429 2620 eundem
452 2573 585 2636 semper,
619 2574 675 2635 qua
697 2556 848 2618 dominus.
892 2555 1029 2618 Ceterum
1057 2557 1083 2618 si
1112 2556 1150 2618 de
1172 2557 1335 2637 semetipso
1357 2556 1477 2620 iecisset
1494 2524 1525 2592 'b

301 2657 429 2738 aliquid,
451 2656 548 2738 ipsius
570 2656 678 2718 luisset
699 2656 819 2736 aliquid.
859 2655 956 2719 Omne
976 2666 1091 2731 autem,
1114 2665 1144 2719 et
1158 2659 1237 2737 qnod
1253 2658 1338 2720 heret
1352 2666 1383 2719 et
1396 2655 1475 2739 qnod
1493 2637 1511 2687 ⁵¹·

300 2759 430 2842 laceret,
458 2758 662 2838 imperfectum
689 2757 875 2831 habendum,
905 2757 972 2837 quia
1000 2777 1036 2820 ex
1064 2765 1148 2838 parte
1176 2759 1262 2821 deret
1282 2767 1313 2820 et
1335 2778 1370 2820 ex
1392 2764 1475 2840 perte
1493 2743 1519 2780 l

301 2859 421 2922 laceret.
471 2858 529 2920 dut
557 2858 584 2921 si
610 2866 692 2921 totus
720 2865 817 2921 totum
844 2858 979 2934 lederet,
1012 2859 1198 2940 oportuisset
1223 2859 1306 2922 illum
1335 2858 1425 2923 simul
1444 2865 1476 2923 et
1492 2839 1525 2891 ’Π

301 2969 398 3023 totum
420 2977 493 3022 esso
512 2967 543 3021 et
562 2978 624 3021 non
646 2967 757 3032 toturn,
780 2960 847 3040 qnia
870 2968 1023 3041 oporteret
1043 2969 1074 3023 et
1094 2970 1188 3024 tntum
1205 2980 1291 3036 esse,
1313 2971 1347 3024 ut
1367 2962 1478 3024 laceret
1495 2946 1525 3048 ,ι

303 3060 516 3142 semetipsum,
545 3070 574 3123 et
594 3067 691 3122 totum
712 3079 773 3122 non
796 3079 881 3134 esse,
912 3070 946 3124 ut
971 3063 1054 3124 fieret
1082 3063 1120 3124 de
1142 3064 1318 3144 semetipso.
1361 3053 1505 3125 ῬοιϊοΞ

299 3161 514 3224 difficillimum.
557 3161 590 3224 si
612 3161 691 3223 enim
714 3170 812 3235 esset,
837 3163 1019 3236 ponderet,
1041 3172 1123 3226 esset
1144 3163 1239 3239 enim,
1273 3164 1300 3225 si
1321 3181 1393 3225 vero
1413 3180 1475 3225 nnn
1490 3156 1525 3217 'lla'

302 3271 400 3336 esset,
423 3280 485 3324 non
507 3264 631 3337 laceret,
654 3262 722 3342 quia
745 3262 818 3324 nibil
840 3272 930 3324 esset.
975 3263 1051 3325 Eum
1073 3273 1186 3337 autem,
1210 3263 1262 3344 qui
1284 3281 1405 3344 semper
1425 3263 1475 3338 sit,
1488 3252 1525 3300 Ε

301 3381 363 3426 nou
384 3363 467 3438 fieri,
491 3364 545 3425 sed
567 3382 635 3426 esse
657 3363 739 3424 ilium
761 3364 792 3424 in
814 3382 918 3425 aerum
940 3382 1090 3426 aevorum.
1127 3365 1220 3445 igitur
1233 3383 1296 3427 non
1311 3365 1349 3426 de
1362 3370 1473 3427 semet·
1489 3355 1525 3401 ⁵

302 3515 327 3567 8.
346 3517 471 3567 dominnm
489 3517 569 3566 emh
626 3514 651 3565 9.
669 3515 740 3566 aliter
757 3507 802 3567 om.
823 3517 945 3567 l'ntiennur
963 3519 1038 3567 endec
1054 3533 1092 3582 op.
1106 3518 1237 3568 Poetelium.
1282 3518 1325 3567 sed
1344 3516 1416 3567 aliter
1430 3516 1525 3591 lt:

302 3585 382 3633 tinius.
426 3583 801 3644 transnominationes.
837 3598 985 3646 cognoscere
1001 3586 1095 3650 religet
1138 3584 1177 3634 ll.
1196 3585 1307 3647 agnoseit
1322 3586 1350 3635 d.
1384 3596 1473 3648 cogne-

302 3653 348 3701 scit
363 3652 457 3715 reliqui.
511 3648 550 3699 tt.
569 3651 598 3699 ed
618 3651 778 3714 philosophos
796 3664 927 3701 conversus
944 3653 970 3702 d.

371 3718 429 3781 Cep.
449 3715 478 3766 ΙΙ.
522 3717 545 3766 l.
564 3718 721 3767 Preestmens
739 3720 772 3766 nit
790 3719 928 3769 Fir-lunius.
963 3726 1120 3782 praestruens
1138 3728 1217 3769 eutem
1235 3724 1262 3770 Α.
1314 3718 1474 3784 21de

302 3784 472 3834 dilileillimnm
490 3783 625 3834 Fulcinius.
667 3785 746 3835 ldnlirn
764 3785 840 3834 Porro
859 3786 882 3835 id
901 3786 1079 3837 difficillimum.

337 3917 352 3966 i.
371 3930 416 3966 nec
441 3917 494 3980 ipse
520 3916 669 3980 apostoliens
687 3915 863 3985 Hermogenes]
913 3920 1012 3970 Videtur
1027 3921 1075 3970 sibi
1088 3920 1253 3983 Hermogenes
1270 3920 1525 3972 innocentiore-

302 3983 329 4034 id
347 3992 385 4033 eet
402 3997 474 4049 qoem
492 3984 581 4033 notarit
592 3985 717 4047 apostolus
730 3987 863 4036 ll'limotb.
915 4003 960 4038 nns
978 4002 1033 4037 esse
1051 3996 1076 4036 et
1092 4002 1139 4037 non
1159 3986 1233 4037 elium
1259 3989 1385 4039 dominnm

303 4046 340 4116 [l,
354 4047 405 4115 lbl.
439 4051 499 4100 Nam
520 4052 565 4101 etei
583 4052 647 4102 hnnn
671 4067 719 4103 non
743 4054 865 4104 denotarit
915 4055 1036 4104 Christum
1055 4069 1213 4116 cognoscere,
1232 4056 1288 4106 licet
1305 4057 1525 4121 alitereem-q'

302 4119 429 4182 apostolus
447 4119 536 4179 animo,
555 4126 634 4168 temen
653 4122 741 4171 noterit
753 4135 863 4171 commu·
914 4131 966 4172 scat
984 4131 1056 4186 etqne
1073 4123 1155 4173 credet
1178 4130 1250 4188 etque
1278 4138 1324 4174 noe
1346 4122 1525 4175 credin-

302 4185 422 4235 nicetione
441 4187 554 4245 nominis,
581 4201 629 4250 quo
647 4188 751 4252 respexit
769 4197 862 4238 auctor.
915 4191 964 4252 (Fr.
976 4187 1077 4248 lunius.)

181 4303 186 4311 ,
301 4253 463 4311 (Fulnnine.)
486 4255 863 4305 Fuitecomitibnsl’anliller·
950 4256 966 4305 l.
990 4257 1046 4307 inde
1073 4256 1177 4319 sumpsit
1200 4272 1214 4305 ι
1238 4257 1327 4308 Stoinie
1351 4232 1483 4308 ueteri!¹

302 4334 417 4381 magenes
435 4321 584 4384 septimiano
602 4323 761 4383 cognominis,
778 4332 864 4386 postea
915 4338 968 4374 cnm
988 4325 1087 4373 domino
1104 4323 1209 4388 ponere]
1228 4324 1325 4375 Stoicos
1341 4325 1388 4375 dno
1403 4322 1525 4386 pti!-

209 4411 213 4418 ·
303 4387 414 4436 desertor
428 4387 494 4436 Pauli
512 4396 582 4453 atque
601 4388 656 4437 inde
666 4389 763 4440 Christi.
792 4391 864 4440 ldeo·
915 4392 977 4456 cipio
996 4398 1109 4451 statuere,
1136 4391 1207 4441 deum
1227 4399 1251 4442 et
1271 4393 1402 4450 materian,
1422 4386 1525 4443 fle<

303 4469 350 4519 qne
360 4455 491 4518 Septimius
501 4455 645 4517 llermogeni
664 4456 785 4507 haeretico
803 4472 864 4522 epo·
915 4450 1233 4518 eetTheodoretns‘lr'dlav.
1244 4459 1501 4525 hoiensem-
1520 4484 1525 4517 ι

302 4520 382 4571 stolici
396 4523 650 4584 Hermogenienomen
662 4523 755 4585 incutit,
764 4534 790 4574 nt
802 4540 864 4589 epo·
914 4526 1076 4586 (iniurius.)
1120 4526 1157 4576 Cl.
1181 4527 1250 4589 Diog.
1275 4529 1352 4578 baert
1375 4524 1525 4579 21&

302 4596 388 4639 statem
408 4589 532 4649 signillcet,
551 4590 605 4653 qnia
625 4605 669 4639 nee
683 4592 769 4653 ipsein
779 4592 864 4655 regule
915 4592 1015 4657 cupid.
1033 4592 1125 4658 plau.
1150 4608 1205 4643 cnm
1230 4596 1352 4659 interprr,
1375 4590 1525 4654 trs—l

302 4655 358 4706 ildei
376 4657 544 4719 perseveravit,
562 4658 623 4706 sicut
641 4673 685 4707 nec
697 4659 737 4707 ille
749 4660 863 4709 Paulinus
914 4661 1018 4724 l’bysiol.
1038 4662 1111 4710 Stoin.
1126 4659 1192 4723 itt.
1211 4661 1354 4727 p.89'leqq.
1370 4667 1493 4711 ten-
1512 4658 1525 4709 1

302 4724 326 4773 in
345 4723 398 4772 tide.
418 4723 524 4783 (Rigalt.)
915 4728 979 4793 Opp.
997 4728 1034 4778 ed.
1054 4726 1131 4778 Vesel.

336 4790 359 4840 ιι.
380 4790 520 4853 bonolium
539 4789 629 4841 ridetur
639 4791 708 4842 iliter
718 4789 863 4860 agnoscere]
