3242 5775
524 637 675 682 rovenses
693 622 869 685 ulncroruru
890 643 946 688 nm.
964 646 995 689 rr.
1310 641 1352 706 89

143 787 289 860 bberis’,
311 785 369 849 sed
391 795 427 849 nt
449 787 538 849 solus
559 788 650 849 bomo
673 789 870 868 gloriaretur,
898 795 977 873 quod
1001 796 1087 858 solus
1110 799 1218 878 dignus
1240 804 1351 868 luisset

145 889 204 968 qni
231 888 333 968 legem
363 907 381 950 a
409 888 468 949 deo
495 897 646 961 sumeret,
679 890 788 969 'utque
816 893 924 955 animal
951 897 1095 959 rationale
1122 900 1290 965 intellectus
1320 914 1350 968 et

148 990 304 1051 edentia
323 1008 419 1069 capax
441 989 507 1070 ipsa
530 1008 649 1069 quoque
670 989 807 1054 libertate
827 994 963 1056 rationali
979 999 1197 1074 contineretur,
1221 1003 1247 1064 ei
1271 1005 1347 1066 sub·

146 1091 254 1152 iectus
276 1091 326 1171 qui
349 1090 520 1153 subiecerat
541 1090 591 1171 ,illi
624 1091 734 1153 omnia.
789 1094 880 1155 Cuius
908 1095 982 1174 legis
1010 1096 1214 1162 observandae
1245 1106 1347 1167 consi-

143 1192 225 1253 lium
248 1192 375 1253 bonitas
397 1192 512 1272 pariter
532 1192 705 1271 adscripsit:
729 1193 793 1265 Qua
816 1196 864 1256 die
879 1205 976 1257 autem
991 1198 1130 1273 ederitis,
1153 1211 1251 1263 morte
1274 1223 1342 1267 mo·
1355 1218 1486 1274 oemunt.

143 1292 287 1354 memini.
340 1292 562 1371 Benignissime
591 1293 671 1354 enim
698 1293 914 1357 demonstravit
940 1297 1048 1360 exitum
1083 1305 1343 1380 transgressionis,
1389 1279 1392 1284 Ι

144 1411 190 1454 ne
210 1394 388 1472 ignorantia
411 1394 535 1474 periculi
557 1395 774 1473 neglegentiam
789 1395 903 1457 iuvaret
918 1397 1065 1478 obsequii.
1098 1399 1212 1462 Porro‘
1225 1404 1250 1462 si
1267 1404 1346 1484 legis

145 1495 360 1573 inponendae
391 1495 469 1555 ratio
501 1497 681 1573 praecessit,
720 1496 900 1574 sequebatur
932 1499 1019 1558 etiam
1053 1499 1285 1574 observandae„
1308 1513 1343 1566 ut

146 1613 251 1675 poma
274 1595 514 1673 transgressioni
537 1595 773 1668 adscriberetur,
802 1615 890 1676 quam
912 1606 1009 1659 tamen
1032 1601 1151 1661 evenire
1173 1603 1270 1664 noluit
1290 1604 1341 1682 qui

148 1704 220 1756 ante
252 1695 418 1776 praedixit.
475 1697 611 1775 Agnosce
637 1697 728 1775 igitur
755 1698 918 1758 bonitatem
947 1698 994 1758 dei
1023 1700 1117 1759 nostri
1147 1701 1266 1762 interim
1293 1704 1340 1765 vel

149 1797 314 1875 bonisque
335 1816 374 1858 ex
395 1796 537 1875 operibus
559 1798 663 1870 bonis,
692 1816 729 1858 ex
757 1789 1014 1859 benedictionibus
1036 1798 1141 1873 bonis,
1173 1819 1209 1861 ex
1236 1802 1338 1862 indul-

150 1897 285 1976 gentiis,
316 1916 354 1958 ex
375 1896 592 1977 providentiis,
626 1917 660 1959 ex
682 1897 798 1977 legibus
821 1908 851 1958 et
871 1899 883 1929 ⁹
889 1900 1176 1978 praemonitionibus
1198 1900 1286 1962 bonis
1308 1910 1339 1963 et

150 1996 306 2077 buignis.

236 2099 303 2159 lam
325 2098 398 2159 binc
419 2097 456 2159 ad
477 2098 668 2176 quaestiones
685 2097 823 2171 ¹omnes,
847 2117 985 2173 ocanes,
1009 2119 1085 2180 quos
1107 2103 1188 2161 loras
1210 2108 1335 2178 aposto·
1357 2107 1449 2165 Cer-V·

156 2199 200 2260 hs
220 2199 360 2278 expellit,
382 2197 543 2259 ²latrantes
566 2198 595 2258 in
618 2199 705 2260 deum
727 2199 869 2260 veritatis.
907 2200 988 2260 llaec
1010 2209 1081 2261 sunt
1101 2200 1334 2278 argumentatio·
1348 2171 1451 2273 xffla

159 2318 225 2360 ιιιιιιι
254 2318 346 2372 ossa,
376 2317 453 2377 quae
482 2297 638 2359 obroditis.
690 2300 722 2360 Si
750 2300 824 2360 deus
847 2300 945 2361 bonus
969 2308 1000 2360 et
1018 2300 1174 2379 praescius
1197 2300 1285 2359 luturi
1308 2306 1338 2360 et

161 2400 307 2462 mutendi
329 2400 400 2460 mali
422 2408 548 2479 potens,
571 2418 624 2461 cur
637 2399 803 2474 bominem,
827 2410 858 2462 et
880 2400 999 2479 quidem
1022 2400 1181 2478 imaginem
1203 2407 1233 2459 et
1249 2398 1336 2459 simi-

164 2500 313 2562 litudinem
340 2518 444 2569 snam,
478 2500 570 2560 immo
599 2508 628 2559 et
660 2500 855 2562 substantiam
884 2520 983 2575 suam,
1011 2520 1067 2579 per
1088 2501 1203 2561 animae
1224 2500 1337 2561 scilicet

167 2613 311 2670 ensnm·,
340 2618 454 2680 passus
475 2608 524 2660 est
543 2599 602 2663 labi
625 2600 661 2661 de
684 2601 830 2681 obsequio
852 2600 925 2680 legis
946 2602 977 2663 in
999 2609 1128 2663 mortem
1151 2600 1335 2662 circumven-

168 2710 222 2762 tm
242 2721 259 2763 a
281 2699 427 2762 diabolo?
471 2700 502 2760 Si
523 2699 619 2761 ’enim
642 2709 673 2761 et
693 2702 809 2776 bonus,
839 2703 890 2780 qui
919 2704 1037 2763 evenire
1059 2702 1117 2763 tale
1139 2701 1209 2780 quid
1232 2700 1333 2775 nollet,

169 2811 195 2860 et
212 2802 382 2880 praescius,
405 2800 456 2880 qui
479 2809 651 2862 eventurum
673 2820 735 2862 non
757 2800 922 2880 ignoraret,
955 2811 985 2862 et
1005 2811 1127 2881 potens,
1157 2800 1207 2880 qui
1230 2801 1334 2878 depel·
1389 2797 1394 2808 “

169 2901 223 2962 lere
243 2904 369 2975 valeret,
391 2903 473 2963 nullo
497 2903 586 2963 modo
609 2903 759 2965 evenisset
780 2905 860 2982 quod
884 2903 939 2964 sub
961 2904 1009 2964 his
1032 2901 1333 2964 tribuscondicioni·

107 3062 109 3067 .
172 3001 220 3062 lus
240 3004 355 3065 divinae
378 3004 541 3064 maiestatis
563 3005 680 3064 evenire
702 3023 764 3064 non
785 3013 901 3082 posset.
946 3005 1032 3076 Quod
1056 3005 1082 3064 si
1105 3004 1217 3074 evenit,
1242 3001 1333 3062 abso·

173 3102 254 3163 hturn
277 3114 323 3165 est
345 3105 534 3166 econtrario
558 3105 645 3166 deum
669 3124 764 3183 neque
789 3105 900 3165 bonum
923 3105 1102 3165 credendum
1125 3122 1222 3183 neque
1244 3121 1333 3180 prae·

174 3203 255 3264 stinm
277 3224 374 3283 neque
395 3214 564 3283 potentem3
597 3205 741 3282 siquidem
770 3205 800 3264 in
829 3215 969 3284 quantum
996 3205 1069 3265 nihil
1097 3203 1153 3264 tale
1175 3204 1335 3276 evenisset,

176 3303 276 3366 nitelis
298 3306 388 3378 deus,
411 3307 439 3366 id
462 3315 508 3366 est
530 3305 628 3365 bonus
651 3314 680 3365 et
700 3307 852 3383 praescius
876 3316 905 3365 et
926 3314 1051 3383 potens,
1080 3305 1110 3363 in
1133 3313 1245 3363 tantum
1269 3303 1336 3362 ideo

177 3403 276 3465 ‘uenit
307 3406 376 3485 quia
404 3425 464 3467 non
493 3405 559 3466 talis
587 3406 670 3466 deus.
722 3406 766 3465 nt
793 3406 867 3465 haec
894 3406 977 3482 prius
1000 3413 1048 3463 est
1070 3404 1141 3462 istas
1165 3401 1282 3478 species
1304 3400 1336 3458 in

179 3516 295 3565 nestore
323 3507 481 3567 decolore
510 3525 585 3585 quae
613 3507 642 3566 in
671 3506 791 3566 dubium
826 3511 985 3577 vocantur,
1020 3501 1184 3561 bonitatem
1212 3499 1278 3559 dico
1307 3508 1338 3559 et

181 3608 389 3681 prescientiam
405 3618 433 3667 et
451 3607 625 3685 potentiam.
656 3607 717 3667 Nec
732 3605 915 3667 immorabor
929 3603 999 3663 huic
1013 3600 1152 3673 articulo,
1175 3607 1337 3678 praecunte
1350 3610 1452 3664 roure

183 3703 335 3769 &finitione
359 3708 444 3768 etiam
467 3708 561 3787 ipsius
583 3706 703 3768 Christi.
739 3707 781 3768 Ex
797 3705 938 3786 operibus
954 3702 1100 3764 ineundae
1115 3700 1336 3780 ‘probationes

184 3804 264 3883 Opera
285 3809 429 3869 mentoris
449 3817 609 3886 utrumque
632 3816 794 3879 testantur,
824 3815 853 3866 et
875 3806 1036 3865 bonitatem
1060 3804 1141 3872 eius,
1170 3821 1225 3880 qua
1249 3801 1336 3875 bona,

183 3907 244 3967 sient
263 3910 467 3981 ostendimus,
501 3917 530 3968 et
557 3908 736 3985 potentiam,
766 3926 823 3986 qua
852 3915 948 3978 tanta,
982 3915 1012 3965 et
1033 3904 1151 3983 quidem
1175 3920 1210 3961 ex
1231 3899 1335 3961 nihilo.

184 4004 284 4069 lamet
296 4011 324 4070 si
339 4009 492 4087 exaliqua
515 4009 654 4081 materia,
677 4017 709 4068 ut
723 4007 843 4086 quidam
860 4007 991 4078 voluntl',
1012 4004 1070 4063 hoc
1091 4004 1158 4082 ipso
1182 4011 1278 4062 tamen
1301 4019 1337 4061 ex

182 4121 234 4174 ist
249 4142 322 4191 teque
340 4129 428 4177 animal
447 4129 586 4176 intellectus
605 4126 722 4176 rationale
737 4133 761 4174 et
771 4125 937 4174 scientiaetlt.
972 4123 997 4171 9.
1016 4122 1247 4185 praemonitionibus
1258 4118 1335 4168 luco.

234 4196 331 4257 esav.
370 4197 714 4254 l.omnes,ocanesobrd.
756 4208 850 4251 omnes,
875 4206 946 4239 canes
971 4190 1029 4238 llic.
1090 4188 1113 4237 2.
1133 4188 1246 4235 latrantes
1265 4187 1336 4235 deum

186 4258 236 4322 [op.
253 4262 359 4311 barthius
376 4266 407 4312 od
425 4265 494 4312 Statii
514 4265 582 4313 Tlrrb.
602 4265 618 4324 1,
630 4263 689 4311 551.
707 4279 730 4326 p.
744 4260 799 4311 tet.
861 4259 885 4307 3.
912 4259 975 4305 enim
999 4272 1043 4305 om.
1057 4256 1100 4304 All.
1160 4254 1183 4302 4.
1208 4255 1270 4302 venit
1293 4252 1336 4303 AG.

183 4325 434 4390 &probationisdlld

209 4442 227 4475 ι
242 4444 266 4478 ex
285 4431 381 4480 lastidio
401 4427 496 4494 liberis]
517 4430 542 4479 ld
553 4437 659 4493 estquae
673 4430 727 4478 ani·
777 4427 896 4476 mandatis
915 4442 926 4472 a
947 4425 991 4473 deo
1010 4424 1103 4482 legibus
1114 4421 1227 4470 adhaeret
1236 4419 1336 4484 religio·

186 4495 241 4543 ulra
261 4499 334 4548 libera
359 4508 415 4549 sont
440 4506 464 4547 et
481 4499 562 4547 solnta
582 4499 642 4558 lege,
670 4498 726 4559 quia
777 4497 815 4543 nis
833 4493 982 4543 observantia
1002 4492 1122 4552 cultuque.
1142 4488 1269 4550 turguit·

187 4574 307 4680 :soff
324 4570 418 4624 amarit,
442 4567 485 4681 Sed
501 4566 599 4680 dabiecit
616 4573 640 4680 tt
658 4565 728 4679 fils'u't
778 4639 786 4680 ι
805 4564 830 4677 Ιῖι
849 4557 936 4638 Porro]
947 4563 1049 4675 gumm'
1068 4558 1165 4617 atenim,
1184 4569 1210 4603 er
1222 4569 1265 4603 usn
1277 4553 1337 4602 Ter-

297 4648 325 4693 s;
370 4649 439 4683 sema
460 4647 559 4682 monm
587 4648 642 4680 ane
688 4646 716 4679 ιιι
789 4643 944 4677 urnnerser
971 4642 1032 4674 oms.

188 4650 517 4764 amnumqtmerquam
537 4699 643 4749 abiectus
662 4699 728 4747 vide·
814 4697 872 4758 Cap.
890 4695 914 4743 V.
943 4710 963 4743 a.
983 4707 1081 4742 censum
1112 4690 1138 4738 ld
1157 4697 1194 4738 est
1211 4688 1337 4746 originem.

190 4768 432 4827 Mrl'tirdnniusl
459 4768 587 4816 Praeclara
607 4768 728 4826 cogitatio,
813 4765 836 4810 b.
856 4761 1081 4824 utquidamrolunt
1112 4758 1338 4815 llermogenemre·

193 4828 290 4883 hoen
312 4837 432 4886 addeum
450 4838 584 4902 pertinere,
610 4843 729 4899 quatenns
778 4832 857 4895 spicit.
893 4830 930 4879 ct.
949 4829 991 4879 lib.
1008 4828 1064 4878 tdr.
1082 4827 1195 4884 llermog.
1214 4833 1266 4882 cap.
1279 4815 1320 4865 ³2.
