3242 5775
608 669 752 714 comosus
773 669 948 715 111101οΝ111
970 631 1027 716 Ι1111.
1044 674 1064 716 1.
1384 667 1426 730 65

227 818 268 880 sit
287 817 444 898 aliquibus
467 820 679 900 exemplariis·
700 820 832 882 adnuere
848 840 935 902 (pam
950 821 1064 884 nullis?
1096 823 1288 887 Videbimus⁸
1304 836 1335 890 et
1349 849 1425 911 apo·
1483 804 1486 809 Ι

230 919 327 982 sutus
348 919 399 981 cui
423 921 545 985 auctori
567 919 727 982 invisibilia
749 921 886 1001 deputet,
916 941 982 983 cum
1006 931 1036 984 ct
1057 923 1138 986 illum
1161 926 1529 1005 exploraverimus.ootou.t

230 1017 317 1082 Nunc
349 1021 433 1082 enim
462 1021 675 1082 communibus
702 1020 864 1100 plurimum
892 1022 1033 1085 sensibus
1061 1032 1091 1086 et
1118 1030 1424 1104 argumentationibus

232 1120 321 1184 hstis
344 1132 508 1183 sumturus
532 1122 746 1201 scripturarum
768 1141 887 1201 quoque
908 1123 1113 1186 advocationi·
1130 1126 1220 1188 tidem
1248 1131 1443 1209 sternimus,

234 1222 452 1283 confirmantes
474 1222 678 1283 diversitatem
700 1223 776 1283 banc
797 1222 958 1284 visibilium
980 1232 1010 1284 et
1024 1224 1214 1287 invisibilium
1231 1228 1320 1290 ¹adeo
1335 1250 1421 1293 erea-

235 1322 294 1383 tori
315 1320 540 1402 deputandam,
563 1322 650 1384 sicuti
672 1330 733 1383 tota
756 1323 890 1402 operatio
913 1322 977 1385 eius
1000 1343 1036 1384 ex
1058 1324 1277 1390 diversitatibus
1293 1339 1419 1406 constat,

236 1440 273 1483 ex
294 1422 507 1501 corporalibus
531 1431 561 1484 et
582 1422 839 1502 incorporalibus,
873 1442 908 1484 ex
936 1423 1112 1487 animalibus
1143 1434 1173 1487 et
1200 1427 1419 1505 inanimalibus,

238 1541 273 1584 ex
294 1521 451 1583 vocalibus
475 1530 506 1583 et
525 1522 633 1597 mutis,
667 1542 701 1584 er
722 1523 884 1585 mobilibus
901 1532 942 1590 ,et
969 1523 1099 1598 stativis,
1133 1545 1169 1586 ex
1190 1528 1367 1605 genitalibus
1390 1537 1420 1592 et

239 1622 411 1695 sterilibus,
435 1642 469 1684 ex
493 1623 585 1683 aridis
609 1630 639 1684 et
659 1622 821 1696 ’succidis
845 1641 881 1685 ex
903 1624 1004 1685 calidis
1026 1634 1055 1686 et
1075 1625 1201 1704 frigidis.
1236 1628 1287 1689 Sic
1309 1637 1339 1690 et
1360 1630 1418 1690 bo·

240 1723 350 1785 nutem
371 1724 473 1802 ipsum
496 1723 651 1784 diversitas
673 1724 864 1802 temperavit,
887 1731 945 1784 tam
967 1724 999 1784 in
1021 1743 1249 1805 corporeqnam
1268 1729 1417 1791 insensu.

237 1823 298 1885 ntia
320 1823 458 1885 membra
480 1823 584 1897 tortia,
608 1822 662 1883 alia
684 1824 815 1898 infirma,
838 1823 893 1885 alia
915 1823 1060 1897 honesta,
1089 1825 1144 1887 alia
1165 1826 1342 1903 inhonesta,
1362 1828 1418 1890 alia

242 1924 373 2002 gemina,
404 1923 592 1996 alia-unica,
622 1922 677 1983 alia
705 1923 871 2001 comparia,
906 1924 960 1985 alia
989 1925 1129 2003 disparia.
1183 1926 1312 1989 Proinde
1335 1937 1365 1989 et
1385 1928 1418 1989 in

242 2043 331 2086 seusu
352 2042 436 2085 nunc
456 2023 584 2097 laetitia,
606 2043 685 2084 nunc
705 2023 854 2097 anxietas,
877 2043 956 2085 nunc
977 2043 1076 2097 amor,
1099 2044 1179 2086 nunc
1197 2027 1315 2100 odium,
1338 2046 1418 2089 nunc
1449 2073 1456 2090 .

242 2124 298 2196 111,
321 2144 405 2185 nunc
426 2124 542 2185 lenitas.
565 2124 668 2196 {Quod
689 2124 715 2184 si
736 2124 777 2184 ita
798 2131 862 2196 est,
885 2132 918 2185 ut
939 2124 1070 2185 aemulat
1089 2126 1169 2186 inter
1189 2145 1222 2187 se
1238 2127 1418 2189 conditionis

242 2225 422 2285 universitas
448 2224 507 2284 ista
534 2222 683 2285 modulata
709 2224 764 2298 sit,
798 2224 857 2283 iam
886 2224 975 2302 igitur
1004 2234 1033 2285 et
1054 2225 1232 2300 „visibilibus
1260 2214 1446 2288 invisibilia

244 2325 399 2395 debentur,
423 2342 486 2385 non
508 2323 593 2384 alteri
614 2324 726 2385 auctori
749 2324 917 2403 deputanda
937 2343 1025 2403 quam
1049 2326 1095 2387 cui
1118 2333 1147 2386 et
1168 2325 1283 2386 aemula
1303 2344 1418 2401 eorum,

244 2424 335 2506 'pamm
357 2432 526 2487 creatorem
548 2423 718 2485 'diversum
739 2424 904 2502 ⁴notantia,
933 2426 1084 2486 iubentem
1107 2444 1181 2503 quae
1208 2424 1361 2505 probibuit
1389 2433 1419 2487 et

196 2509 198 2626 1
245 2526 450 2605 probibentem
474 2542 549 2603 quae
571 2524 673 2594 iussit,
706 2525 920 2603 percutientem
949 2533 978 2585 et
1005 2533 1167 2587 sanantem.
1218 2525 1277 2588 Cur
1304 2526 1334 2586 in
1361 2525 1418 2588 bac

246 2625 302 2686 sola
322 2627 425 2706 specie
447 2624 629 2686 uniformem
652 2644 719 2685 eum
742 2624 876 2704 capiunt,
898 2625 1056 2687 visibilium
1073 2627 1261 2688 solummodo
1277 2625 1416 2688 condito·

246 2743 316 2799 rem,
344 2745 435 2806 quem
459 2725 589 2805 proinde
611 2725 852 2786 credendumsit
873 2733 903 2786 et
923 2726 1050 2788 visibilia
1077 2735 1106 2788 et
1127 2726 1285 2789 invisibilia
1308 2726 1415 2788 condi-

209 2841 216 2856 ·
248 2825 333 2895 risse,
355 2826 612 2907 quemadmodum
637 2833 666 2887 et
687 2826 773 2886 vitam
797 2832 827 2887 et
848 2832 989 2900 mortem,
1018 2835 1048 2889 et
1069 2828 1143 2889 mala
1166 2835 1196 2890 et
1215 2825 1343 2908 paoem?
1379 2824 1417 2888 Et

246 2929 351 3006 vtique,
386 2928 413 2988 si
437 2928 489 2988 itta
510 2926 670 2988 invisibilia
692 2926 804 2987 maiora
828 2935 898 2988 sunt
919 2927 1085 2989 visibilibus
1108 2929 1251 2990 creaturis
1273 2948 1327 2990 suo
1348 2927 1416 2988 loco

244 3030 364 3107 magnis,
403 3029 449 3088 sic
484 3046 605 3107 quoque
638 3026 772 3105 congruit
799 3027 863 3088 eius
892 3047 960 3088 esse
987 3029 1099 3089 maiora
1128 3030 1212 3090 cuius
1242 3038 1272 3091 ot
1300 3046 1415 3105 magna,

243 3129 380 3207 prianec
404 3147 530 3206 magna,
562 3126 673 3188 nedum
700 3127 828 3202 maiora,
864 3128 890 3189 ei
919 3136 1086 3208 competant
1113 3130 1198 3190 cuius
1225 3148 1281 3190 nec
1302 3128 1418 3188 modica

241 3238 418 3311 comparent.

313 3331 372 3391 His
397 3326 570 3407 compressi
593 3339 751 3405 erumpunt
773 3328 885 3388 dicere:
909 3328 1022 3388 Sufficit
1044 3328 1164 3387 unicum
1188 3345 1263 3404 opus
1285 3327 1341 3386 deo
1358 3345 1416 3386 no·
1434 3339 1529 3399 captu

235 3440 309 3504 suo,
332 3430 421 3510 quod
444 3428 603 3488 hominem
626 3426 759 3486 liberavit
780 3445 895 3489 summa
918 3435 947 3485 et
968 3427 1126 3504 praecipua
1147 3425 1280 3482 bonitate
1297 3443 1366 3496 sua,
1390 3433 1420 3485 et

231 3532 370 3594 omuibus
410 3526 559 3624 ¹locustis
595 3526 825 3605 anteponenda·.
880 3526 904 3586 Ο
935 3526 1023 3585 deum
1051 3523 1210 3595 maiorem,
1248 3523 1331 3585 cuius
1358 3531 1419 3584 tam

293 3719 355 3781 Cap.
377 3714 440 3766 ΧΠ.
481 3713 505 3761 1.
524 3712 585 3760 adeo
605 3712 758 3762 creatoriid.
793 3708 1017 3761 11111111111111,
1055 3706 1131 3756 adeo
1150 3707 1337 3758 creatoroCobc.
1372 3707 1419 3757 deo

226 3789 327 3837 nestori
350 3786 389 3844 C.,
410 3787 437 3831 iu
458 3796 533 3842 morp.
568 3781 695 3828 botoron
713 3780 886 3828 loollbuuer
904 3785 924 3826 et
943 3777 1081 3840 leopoldus.
1143 3773 1166 3822 2.
1185 3774 1290 3822 succidis
1309 3777 1340 3833 d,
1360 3775 1419 3823 Petr.

223 3856 374 3904 [acronius.
416 3847 610 3898 sictisABCobc.
653 3846 675 3894 3.
695 3846 907 3895 diversumCotcd.
944 3844 1095 3892 deumsunm
1108 3842 1133 3890 11.
1169 3841 1417 3891 dominumsnumrl.

219 3924 241 3973 1.
260 3921 380 3971 notantia
402 3920 438 3975 d„
463 3916 529 3963 rure.
543 3914 648 3962 Ursinus.
684 3921 767 3961 notant
785 3912 888 3961 lucane.

285 3990 350 4051 Cap.
372 3984 451 4034 Xl'll.
506 3981 528 4029 1.
552 3979 641 4029 loculis
664 3980 779 4028 ldeursr'us
801 3980 867 4028 duct.
890 3977 973 4028 1111111,
998 3992 1048 4039 cop.
1064 3975 1104 4025 15.
1124 3991 1149 4039 p.
1163 3973 1221 4023 7212.
1248 3974 1303 4038 Opp.
1328 3974 1419 4024 toml'.

216 4057 324 4108 brutiis
345 4055 390 4104 fr.
406 4050 500 4101 Iuniis.

248 4209 268 4240 c
289 4177 483 4251 exemplariis]
513 4180 551 4230 Ct.
579 4180 673 4229 adnott.
700 4178 729 4228 ad
752 4178 808 4228 ldv.
859 4184 991 4226 creatorem
1011 4173 1180 4236 suggillabant,
1198 4172 1362 4230 mummium,
1382 4170 1420 4219 lo-

216 4260 329 4319 llrmacg.
353 4270 413 4318 cap.
429 4249 476 4300 38.
859 4251 991 4301 costarum,
1006 4243 1115 4290 cimicum
1131 4247 1184 4289 cett.
1196 4246 1338 4288 creatorem.
1358 4237 1421 4295 Quid

245 4330 267 4376 d.
287 4313 462 4382 l'r'debirnns]
483 4315 551 4365 lutra
572 4312 666 4362 11111111.
684 4327 735 4374 cap.
748 4311 787 4359 19.
858 4312 930 4371 igitur
958 4310 980 4357 in
1008 4315 1087 4356 monte
1114 4316 1165 4376 erat
1192 4307 1355 4355 eruditissimo
1375 4304 1421 4350 ho-

244 4410 264 4443 e
284 4380 471 4449 advocationi]
498 4383 526 4432 ld
546 4389 584 4430 est
603 4379 745 4442 patrocinio,
770 4376 806 4426 vel
858 4378 927 4436 mini,
947 4390 999 4425 com
1020 4375 1098 4423 locum
1117 4375 1188 4422 istum
1217 4373 1345 4439 emendare
1371 4369 1421 4446 vel-

214 4450 362 4511 111151ουί.
410 4449 574 4503 vocabulum
601 4447 713 4504 forense,
745 4444 807 4494 inter
858 4441 914 4493 let?
948 4444 1013 4491 llaec
1031 4451 1110 4490 autem
1129 4441 1173 4488 tuit
1191 4446 1214 4487 et
1231 4438 1349 4487 Valentini
1367 4450 1422 4510 opr-

213 4532 254 4577 stu
273 4527 405 4592 Septimio
440 4521 575 4569 usitatum.
614 4511 807 4562 Cladnottad
858 4512 909 4569 nio,
937 4518 960 4559 et
978 4518 1113 4558 ceterorum
1132 4508 1239 4555 omnium
1259 4506 1298 4567 qui
1318 4510 1422 4552 cresun-

216 4596 361 4647 1111111111.
379 4607 442 4656 cap.
456 4588 500 4636 ll.
523 4577 808 4642 annemundum.
858 4592 914 4627 nom
934 4593 946 4625 a
965 4591 1060 4626 summo
1081 4576 1126 4624 deo
1144 4586 1269 4647 removero
1286 4571 1422 4646 voluerunt.

241 4656 396 4725 1111111111]
422 4658 465 4707 Cf.
487 4653 522 4702 de
541 4651 592 4699 hoc
612 4647 726 4696 vocabulo
746 4660 808 4710 quse
858 4645 886 4694 B.
906 4645 1065 4706 Hieronymus
1090 4641 1217 4690 Prooemio
1242 4653 1266 4686 m
1290 4638 1367 4699 Epist.
1391 4630 1423 4680 nd

216 4730 372 4782 1111111111
396 4711 808 4783 DefugainPersecut.cnp.2.
859 4711 961 4761 Pbilem.
992 4708 1124 4771 „Quodsi
1148 4711 1312 4768 non·pntant
1337 4709 1423 4748 eorum

242 4803 298 4865 Cap.
323 4797 402 4849 Xl'll.
451 4808 477 4840 1.
509 4794 535 4835 et
562 4781 678 4830 omnibns
706 4781 809 4830 locustis
860 4794 914 4828 esse
933 4793 1004 4842 parva
1023 4789 1126 4840 quorum
1145 4763 1424 4838 cornuumauenie-

219 4859 407 4934 fflmem]
420 4849 809 4913 flaecllarcionitae,quidenm
860 4860 914 4897 rum
932 4846 990 4895 mibi
1009 4844 1158 4895 conditorem
1182 4841 1246 4890 iuxta
1264 4834 1425 4888 Valentinum,

243 4953 409 5001 tuncrum
423 4959 489 4995 err.
503 4953 550 4986 un.
565 4945 668 4982 osuiu.
685 4935 748 4980 Tem.
756 4930 785 4978 11.
1256 4917 1272 4965 5
