3242 5775
282 619 348 685 w
543 632 642 686 oomni
667 630 797 677 anorrrm
818 630 982 676 saonensis
1004 629 1199 674 acarnaniam

185 797 239 854 cap.

165 863 265 911 mm
286 888 337 969 (psi
363 885 412 949 'ei
438 885 600 967 pontificali
627 904 680 946 sua
708 883 882 947 auctoritate
909 883 939 944 in
967 882 1046 944 himo
1073 882 1197 943 modum
1221 901 1309 944 uetrsu

356 1075 413 1140 Cap.
431 1073 538 1124 mitt.
590 1072 612 1122 l.
636 1027 787 1122 circulatoria
811 1088 860 1135 epo.
906 1071 1090 1120 circumiomaua
1114 1070 1156 1120 to.
1201 1070 1308 1120 Circuris

282 1142 382 1194 'Cicuria
390 1141 497 1192 Enniana
515 1157 545 1203 c,
564 1142 713 1190 exerendoi.
723 1139 872 1191 lo.iiorrs'as's'.
897 1138 980 1188 Probat
993 1137 1030 1187 Fr.
1040 1139 1127 1187 iunius.
1163 1137 1309 1188 Cusrocaei

287 1211 380 1274 pollata.
417 1209 554 1260 carcoriona
573 1210 606 1270 d.,
625 1208 738 1258 iotioina.
774 1206 921 1271 Lpnonriana
939 1207 1067 1256 domnas.
1119 1204 1143 1255 2,
1161 1219 1188 1255 ex
1207 1209 1257 1256 oie.

319 1346 377 1411 Cap.
395 1343 502 1394 xxxvii.
529 1358 550 1392 a.
569 1342 656 1406 decipe
674 1343 721 1392 iam
739 1342 785 1391 aiio
806 1343 844 1392 in·
894 1348 941 1402 tus,
959 1341 1032 1399 valor,
1059 1340 1176 1406 placidus,
1201 1348 1310 1389 monstret

284 1415 356 1477 genia
373 1406 535 1475 eircalnorial
566 1408 681 1471 ilipaltins
699 1410 844 1474 scriptoram
895 1424 938 1459 cur
955 1408 1061 1457 Enniana
1079 1410 1278 1470 cognominentur
1303 1409 1309 1457 l

285 1496 355 1533 amm
374 1481 487 1534 carneae
502 1479 601 1530 dramni
619 1478 650 1527 ita
673 1479 842 1530 commendat:
895 1477 1048 1539 intellegitur.
1066 1477 1223 1527 Scribendum
1237 1484 1309 1528 erato

283 1549 412 1612 '‚,Cnrruca
429 1545 518 1612 stupidi
528 1545 651 1596 cniusdam
663 1545 787 1607 minoiopt
798 1561 844 1595 no·
894 1544 989 1594 Dixerat
1013 1544 1174 1594 Tertullianus
1199 1546 1245 1594 isne
1270 1560 1309 1608 cap

284 1630 342 1667 mon
360 1616 413 1676 init,
431 1621 458 1666 nt
474 1614 589 1665 diacimna
601 1628 628 1663 ex
642 1616 714 1664 reteri
726 1612 844 1663 ioreualis
894 1613 980 1675 gressi,
1010 1613 1053 1661 sed
1078 1613 1125 1662 boe
1148 1628 1201 1662 csse
1226 1613 1305 1662 toedio

284 1684 334 1736 inte
366 1692 416 1735 rate
434 1681 464 1734 asi
482 1684 545 1732 bone
562 1696 655 1731 tersum
674 1696 702 1731 ex
719 1681 798 1732 Satira
816 1681 843 1730 iii
894 1680 1025 1745 pusillum,
1059 1680 1172 1730 Octoadis
1197 1681 1291 1744 primae

282 1747 350 1814 [tto
371 1765 378 1801 :
409 1749 462 1812 „Tu
487 1750 529 1799 tibi
553 1763 617 1799 nunc
634 1749 739 1800 curruca
763 1749 846 1814 places
896 1750 970 1798 semei
991 1763 1017 1797 aa
1035 1748 1104 1797 Putre
1122 1757 1145 1797 et
1154 1747 1250 1797 Ennoea
1270 1764 1309 1798 erc

284 1820 416 1884 fletumque
434 1818 529 1869 labellis
546 1816 693 1877 iissorbes‚“
715 1831 763 1881 qno
781 1825 847 1868 certe
896 1818 972 1866 multo
991 1819 1036 1865 iam
1062 1818 1165 1865 maiores
1189 1817 1292 1880 ineptias

285 1888 366 1939 latous
384 1886 472 1951 aliquia
490 1885 641 1936 describitur.
679 1885 783 1936 iioioace
801 1900 845 1935 au·
897 1885 997 1934 alicuius
1005 1885 1160 1934 Valentiniani
1173 1885 1279 1946 magistri
1295 1899 1308 1933 u

284 1964 334 2006 tem
353 1953 473 2005 currucae
491 1961 570 2018 aptam
590 1952 697 2013 ridiculis
715 1967 844 2016 personam
896 1953 936 2016 qui
955 1952 1106 2001 circulatoria
1125 1952 1196 2015 piane
1215 1961 1266 2001 arte
1277 1961 1309 2000 ιιι

283 2024 388 2089 primns,
416 2028 443 2072 nt
465 2022 566 2080 ridetur,
592 2020 684 2071 Ennius
708 2020 844 2071 introduxit.
896 2035 924 2070 ex
944 2020 1052 2069 Solitatis
1069 2028 1093 2069 ot
1111 2021 1221 2079 Unitstis,
1239 2021 1309 2069 esSis

285 2091 354 2144 Unda
372 2089 534 2140 Tertullianus
560 2089 607 2139 boo
630 2089 684 2139 ioco
708 2088 844 2153 aliqueme
896 2095 919 2137 et
937 2088 1035 2138 Unionis
1060 2088 1253 2151 copulationibus
1278 2098 1309 2138 eet

284 2157 429 2226 proceribus
439 2157 608 2207 Valentinianis
627 2156 783 2206 deliramenta
801 2171 844 2205 sua
896 2155 998 2205 lotiones
1015 2158 1120 2205 iconum
1139 2157 1309 2220 propagaverit,

284 2235 407 2291 umquam
440 2226 509 2274 adata
536 2224 682 2289 pontificatis
711 2224 788 2275 serbis
815 2224 844 2274 ad
896 2239 944 2274 uuo
963 2239 1039 2288 usque
1058 2224 1249 2287 multiplicaverit
1276 2223 1309 2288 pis

284 2294 374 2346 lactorn
401 2294 542 2358 compositis
564 2295 758 2356 pronuntiantem
783 2293 845 2343 Cnr-
896 2294 979 2356 ntique
998 2293 1113 2351 diuersos,
1132 2307 1176 2355 qua
1196 2292 1287 2356 plures.

284 2377 368 2413 rocam
386 2362 519 2411 Ennianum
538 2361 689 2425 nuncuparit.
716 2360 845 2411 Tertullia-
896 2371 952 2409 sunt
986 2360 1078 2421 ingenia
1110 2360 1288 2409 circulatoria.“

284 2444 343 2481 nom
361 2443 416 2479 aero
434 2429 540 2479 imitatae
558 2428 717 2491 iiieronpmns
735 2427 796 2477 iibro
814 2428 842 2477 ii.
895 2426 1096 2491 quemadmodum
1107 2427 1145 2476 bic
1162 2428 1309 2487 „circulator

285 2498 401 2549 adsersus
418 2497 528 2547 ilullnum
548 2491 665 2560 [iomii.
691 2511 714 2559 p.
728 2495 785 2546 402.
806 2497 843 2546 ed.
895 2495 1057 2545 Tertullianus
1074 2496 1132 2544 dixit
1150 2496 1309 2554 ,circulatoris

284 2559 389 2629 bened]
422 2563 493 2613 dixit:
529 2563 644 2627 „ilidpmi
680 2563 845 2628 interpretaris
896 2563 964 2624 gies‘⁴
984 2562 1082 2625 apolog.
1102 2561 1205 2627 cupid.

285 2630 406 2692 scholion,
424 2631 448 2681 in
466 2644 513 2695 quo
532 2631 573 2679 iiie
591 2645 660 2681 craso
673 2630 755 2680 labore
771 2646 845 2681 cona·
895 2643 904 2654 ·
929 2630 953 2678 b.
971 2632 1109 2691 insignioris
1127 2632 1189 2694 apud
1204 2645 1247 2680 eos
1259 2641 1309 2692 rnap

284 2707 326 2750 tur
351 2698 455 2750 alienum
481 2712 588 2750 errorem
615 2698 754 2757 defendere,
781 2698 845 2763 quod
895 2699 990 2762 piranis,
1009 2707 1034 2747 ut
1051 2706 1144 2747 constat
1162 2707 1189 2748 et
1207 2699 1309 2749 Tbcodoi

286 2765 404 2829 Origenes
421 2765 518 2831 quidem
536 2766 597 2816 bene
615 2767 708 2826 dixerit,
737 2761 845 2816 aeduos
896 2780 969 2814 naeus
989 2765 1083 2825 t,5‚2:
1115 2758 1216 2824 ,bilior
1242 2760 1309 2829 [dit

286 2835 411 2899 simplices
427 2834 538 2883 homines
549 2833 702 2884 etCnrrucae
714 2833 844 2895 Susianae,
891 2824 941 2880 ’En
978 2827 1044 2892 ανὴς
1075 2828 1236 2888 διδάσκαλος
1269 2823 1309 2880 οόι

287 2917 332 2954 nec
350 2903 415 2953 illins
431 2903 574 2967 sapientiam
593 2911 728 2963 noctuam,
747 2903 787 2967 qni
806 2904 844 2953 in·
894 2894 951 2963 ὕψη
976 2895 1065 2967 ’τερον
1081 2897 1126 2950 καὶ
1142 2894 1309 2968 γνιοττιτοότε

286 2978 431 3035 terpretatur
455 2984 490 3030 es,
527 2968 660 3033 intelligere
684 2970 843 3034 poaaumus.“
895 2964 1116 3035 recooperuerit
1132 2964 1242 3051 πρῶτον
1259 2968 1307 3018 Tar

285 3037 379 3088 Etenim
397 3038 433 3088 aie
450 3038 521 3087 etiam
535 3037 784 3102 emendandumquod
794 3038 844 3088 iilic
894 3051 965 3090 τως·
983 3030 1044 3086 ἔστι
1061 3052 1102 3091 τις
1118 3053 1172 3105 προ
1190 3031 1299 3086 πάντων

286 3106 412 3171 depravata
445 3104 533 3168 legitur
568 3106 685 3166 „Cicones
715 3106 843 3156 Enniani.“
893 3100 1119 3185 προονεννόητος,
1147 3098 1260 3173 ἄρρητός
1277 3118 1306 3154 τε

286 3173 398 3224 Ceterum
427 3187 456 3223 eo
482 3174 620 3224 coniectura
646 3182 728 3226 nostra
753 3175 842 3224 llrmari
894 3186 1040 3239 retractos,
1061 3164 1156 3255 ἢνέμώ
1169 3167 1308 3241 μονότητα

286 3242 357 3292 etiam
375 3241 490 3303 rideatur,
508 3241 572 3306 qnod
591 3242 704 3292 irenaeus
722 3243 745 3292 in
757 3241 843 3291 iaieu-
894 3236 976 3308 ταότῃ
996 3241 1028 3309 τῇ
1045 3256 1178 3307 μονοτητο
1196 3235 1309 3307 οονοπόρ

284 3310 402 3361 tiniannm
421 3309 493 3360 iatum
514 3324 584 3374 qoem
603 3310 733 3374 Septimius
752 3310 844 3360 Curru·
893 3325 948 3376 μις,
968 3301 1002 3370 ἣν
1018 3305 1063 3359 καὶ
1080 3303 1166 3391 adeps
1181 3303 1306 3378 ὀνομάζω

287 3393 339 3430 cam
367 3385 448 3439 vocat,
474 3379 519 3427 aub
546 3378 669 3428 vocabulis
692 3380 795 3442 peponis
823 3386 846 3428 ct
896 3370 1109 3438 obaudiretur
1132 3395 1146 3438 η
1172 3393 1201 3429 τε
1225 3372 1309 3446 μονότ

286 3446 424 3497 cucurbitae
441 3454 464 3495 et
474 3446 701 3496 cucumerisiusit.“
724 3446 758 3495 Ex
770 3446 844 3496 ecbo-
896 3433 976 3494 οόοαο
992 3442 1156 3512 προήκαντο,
1175 3441 1213 3514 μὴ
1226 3442 1309 3512 προέμ

272 3513 356 3565 'liaaie
366 3513 484 3565 iuvenalis
503 3513 568 3578 qood
586 3512 614 3563 ad
625 3513 764 3564 Tertulliani
775 3516 846 3564 rerba
890 3508 947 3580 χὴν
963 3508 1075 3563 πάντων
1092 3516 1162 3577 (vulg.
1174 3510 1263 3583 ἀρχὴν
1274 3508 1308 3564 ln

286 3584 322 3631 rei
349 3580 497 3633 emendanda
524 3581 559 3632 rei
584 3581 727 3633 illustranda
756 3582 846 3632 laceret
895 3577 1004 3642 νοητὴν,
1033 3576 1182 3648 ἂγέννητόν
1200 3596 1229 3632 τε
1250 3577 1297 3631 καὶ

286 3648 358 3712 plane
384 3650 442 3700 nibii
467 3650 516 3714 peti
541 3657 643 3713 poterat.
686 3650 845 3713 iitoperanda
895 3640 929 3709 ἢν
955 3641 1042 3718 ἀρχὴν
1072 3643 1086 3697 ὃ
1116 3644 1196 3716 λόγος
1226 3643 1309 3717 μονόι

287 3726 369 3768 eontra
396 3716 483 3781 duplex
509 3718 640 3778 temeritas,
667 3725 690 3767 ot
713 3719 844 3768 Carrucam
895 3711 978 3785 ταύτῃ
997 3717 1029 3784 τῇ
1046 3714 1149 3784 μονάδι
1161 3712 1309 3787 οονοοτιῖρχι

286 3784 352 3834 iilam
383 3785 464 3834 nescio
494 3799 564 3848 quam
598 3785 675 3835 Ennio
701 3785 844 3845 vindicandi,
896 3778 1042 3853 ὄμοοόοιοτ
1059 3778 1136 3853 αὐτῇ,
1162 3778 1196 3847 ἢν
1218 3777 1309 3835 acici

286 3852 457 3913 etiiicronpmi
475 3852 554 3909 rerba,
572 3867 634 3916 qnae
652 3867 679 3902 et
695 3855 843 3903 emendatio·
893 3850 970 3919 μόζω
989 3848 1020 3901 τό
1038 3848 1082 3904 ἓν·
1101 3846 1182 3904 ciras
1194 3849 1225 3903 αἱ
1236 3850 1309 3922 δονόρ

285 3917 354 3967 ribus
372 3918 441 3967 libris
458 3919 596 3979 custodita,
614 3919 642 3970 ad
659 3920 843 3972 mendosissime
916 3915 1010 3982 ονότης
1026 3917 1072 3970 καὶ
1089 3916 1192 3982 ἑνότης,
1233 3916 1299 3977 ονός

286 3986 347 4035 haee
374 3984 515 4036 Tertulliani
542 3987 613 4037 rerba
639 3988 772 4039 rescribere
801 4004 843 4039 oo·
892 3936 934 4045 la,
953 3983 1107 4054 προήκαντο
1131 3985 1181 4045 τὰς
1219 3985 1300 4044 omiss

287 4052 368 4104 nandi.
392 4052 465 4103 iloito
482 4055 546 4105 euim
561 4056 685 4106 rectinaer
699 4056 843 4121 Hieronymo
894 4057 950 4106 τῶν
967 4052 1114 4107 Αἰοόνιον.“
1138 4060 1276 4125 interpres:
1296 4096 1309 4120 ,,

286 4121 453 4171 emendaretur
472 4122 633 4173 Tertullianus
658 4125 792 4189 qnam'bic
816 4139 843 4174 ex
895 4126 999 4191 quidam,
1019 4130 1057 4192 qui
1077 4137 1099 4178 et
1117 4128 1197 4178 clarus
1212 4138 1309 4191 estmap

286 4188 337 4238 iilo.
373 4188 421 4238 Sed
445 4190 515 4239 etiam
540 4191 585 4254 ipsi
604 4192 638 4241 iili
665 4192 776 4251 ‚cicures
795 4193 843 4243 En·
894 4209 956 4253 rum,
975 4197 998 4243 in
1018 4196 1306 4261 maiussublimeetqn

285 4256 368 4305 niani“
395 4257 479 4315 (codex
498 4257 598 4320 Collegii
616 4260 712 4310 Nararr.
731 4260 805 4309 Paris.
830 4277 843 4310 a
894 4263 969 4311 iorem
984 4266 1127 4324 agnitionem
1138 4273 1259 4323 extensus.
1279 4279 1308 4329 pr

284 4323 446 4374 benedictinis
476 4326 600 4376 consultos
630 4327 701 4379 babet
729 4329 843 4379 eiorterne
894 4331 1051 4381 tornationem
1071 4332 1127 4382 dixit
1144 4333 1195 4381 sic:
1222 4333 1265 4383 Est
1282 4346 1309 4397 qo

284 4393 405 4451 Senatorii
423 4407 506 4442 soroor
524 4403 549 4443 ut
567 4395 597 4444 ad
616 4395 682 4444 iilum
698 4394 842 4446 Valentinis·
894 4412 979 4447 omues
996 4400 1124 4459 Proarche,
1144 4401 1309 4450 i‘roanenrtobt

285 4473 343 4510 nom
362 4460 470 4509 adbiberi
489 4472 585 4525 queant.
616 4464 707 4513 Gioario
724 4464 786 4512 enim
804 4466 842 4514 irt-
894 4466 1044 4525 enarrabilis,
1063 4476 1086 4517 et
1104 4469 1295 4529 innominabilis,

285 4529 353 4591 pessis
370 4528 462 4577 etiamai
481 4529 593 4592 explicari
614 4532 709 4594 possint
725 4532 842 4596 sapientia
893 4534 1036 4584 iionotetem
1061 4551 1128 4586 roeo.
1176 4537 1236 4586 Cum
1261 4538 1307 4586 bac

285 4596 322 4645 oei
340 4595 466 4659 prudentia
484 4596 584 4655 (inuios
602 4612 628 4648 ex
646 4599 718 4649 Festo
735 4614 785 4649 ss.
804 4602 841 4650 irr-
894 4610 930 4651 est
948 4603 1030 4661 virtus,
1054 4619 1125 4667 quarn
1151 4613 1174 4654 et
1197 4606 1275 4669 ipsam
1293 4620 1309 4653 τι

286 4665 383 4715 oiooreaa
400 4678 423 4727 p.
433 4662 489 4714 1⁰8.
507 4664 586 4716 iincil.
617 4667 756 4727 „interdum
780 4670 843 4718 eicio
892 4678 972 4719 tetam.
1017 4672 1121 4722 ileuotes
1146 4680 1170 4722 et
1194 4673 1303 4723 iionotes

285 4746 332 4796 pro
349 4732 457 4796 sapiente
474 4732 580 4794 ponitur,
598 4742 625 4783 ut
637 4735 700 4784 idem
711 4735 840 4786 Pacuvius:
892 4752 974 4797 unum,
999 4741 1138 4800 emiserunt,
1163 4756 1217 4790 eum
1243 4740 1302 4792 nibil

284 4799 434 4861 „Conciliato
457 4797 548 4851 eicar.‘'
593 4799 674 4851 ioann.
702 4802 842 4854 leunensis:
891 4806 1035 4871 principium
1055 4810 1160 4858 omnium
1180 4815 1277 4870 modion,
1304 4824 1309 4855 s

281 4867 419 4932 „ciramea
438 4868 654 4934 prudeumrataa,
667 4878 759 4932 cantus,
775 4881 840 4925 astu·
891 4885 943 4937 ton,
968 4884 991 4925 ct
1015 4885 1132 4939 aoratnm,
1159 4892 1231 4943 quom
1252 4876 1309 4928 broi
