3242 5775
456 639 605 696 misiam
626 643 798 697 muers!
819 645 878 697 um.
892 651 936 698 r.·
1216 639 1280 712 m

197 800 277 882 iqui
299 800 338 863 de
359 808 456 876 terra,
477 800 569 863 homo
592 800 722 876 seilicet,
749 801 825 865 tales
847 809 879 865 et
899 802 1028 879 terrem,
1055 804 1196 871 hdilltlds
1216 809 1390 874 uti-tiam.

197 919 268 982 ergo
290 909 322 963 et
342 901 439 982 qualis
461 901 511 982 qni
533 902 571 964 de
593 901 677 964 caelo
698 902 807 977 homo,
834 903 910 966 tales
932 911 964 966 et
984 905 1035 985 qui
1056 905 1095 969 de
1115 908 1200 972 otelu
1218 911 1278 974 lto·

197 1049 206 1064 .
239 1003 308 1065 Nou
330 1003 410 1065 enim
431 1011 551 1082 poterat
572 1002 742 1065 homiuibus
761 1004 890 1066 terrenis
904 1015 967 1068 nou
980 1004 1121 1070 homiues
1133 1009 1280 1074 caelestes

197 1104 299 1178 uisse,
332 1113 367 1166 ut
386 1113 497 1167 statum
519 1111 554 1165 ac
575 1119 659 1184 spem
682 1104 848 1167 studiosius
870 1105 1068 1187 distingueret
1093 1108 1125 1170 in
1147 1109 1278 1190 appella-

209 1205 365 1268 soeietate.
409 1206 494 1267 Statu
516 1205 595 1266 enim
618 1223 653 1266 ac
681 1217 736 1285 spe
763 1203 835 1267 dicit
863 1213 1001 1269 terrenos·
1023 1215 1112 1289 atquo
1133 1210 1278 1275 caelestes

198 1324 255 1380 es,
278 1313 377 1368 tamen
399 1324 436 1367 ex
452 1306 538 1386 pari,
561 1305 613 1385 qui
635 1306 799 1368 secuudum
823 1307 934 1369 exitum
956 1316 1008 1370 aut
1027 1308 1059 1370 iu
1072 1309 1165 1372 Adam
1181 1317 1233 1374 adt
1246 1311 1278 1375 in

197 1427 214 1469 o
237 1406 429 1488 deputantur.
473 1406 511 1468 Et
531 1406 600 1468 ideo
630 1406 688 1468 iam
717 1407 754 1469 ad
782 1407 1019 1470 euhomtiouem
1042 1409 1108 1490 spei
1129 1411 1277 1487 mdeste,

198 1507 402 1589 portavimus,
424 1506 535 1587 inquit,
558 1507 716 1587 imaginem
739 1507 865 1581 terreni,
891 1516 1047 1590 portemus
1069 1517 1099 1571 et
1118 1510 1277 1593 imaginem
1290 1509 1391 1559 Ml·-

197 1610 252 1684 tia,
275 1626 337 1670 nou
359 1608 397 1670 ad
417 1607 614 1670 substantiam
636 1608 725 1671 ullam
747 1611 882 1672 reterens
899 1610 1148 1686 resurrections,
1169 1612 1224 1679 aad
1239 1613 1277 1675 td

197 1709 265 1772 uatis
286 1710 432 1790 temporis
455 1708 650 1790 disciplinam.
685 1709 844 1772 Portemus
866 1710 964 1785 enim,
984 1710 1095 1791 iuquit,
1118 1717 1276 1792 dou-por·-

197 1830 241 1886 ua,
263 1810 467 1890 praeceptive,
495 1825 555 1871 nou
577 1810 771 1889 promissive,
798 1811 903 1873 voleus
933 1811 1019 1873 ”una
1039 1810 1118 1873 sicut
1138 1812 1207 1893 ipse
1225 1813 1276 1876 iu·

216 1912 258 1973 ita
279 1910 419 1973 incedero
441 1919 471 1972 et
492 1929 509 1972 a
531 1909 660 1984 terreni,
694 1911 725 1973 id
755 1919 802 1974 est
831 1912 955 1987 veteris,
987 1911 1119 1975 hominis
1147 1912 1277 1994 imagine

197 2014 274 2087 lere,
306 2030 382 2092 quae
410 2018 458 2073 est
483 2011 610 2073 carnalis
640 2012 784 2091 operatio.
839 2012 972 2093 lienique
1000 2011 1072 2094 quid
1101 2012 1277 2094 subiungit?

197 2114 262 2176 uim
286 2113 371 2187 dicu,
393 2114 518 2187 iratres,
540 2113 609 2192 quia
630 2125 699 2174 caro
722 2122 753 2174 et
775 2115 897 2193 sanguis
918 2125 1043 2193 reguum
1058 2112 1108 2175 del
1122 2100 1183 2176 nou
1197 2123 1274 2195 plos-
1288 2130 1386 2178 nam.

197 2221 253 2288 mt,
286 2221 378 2293 opera
400 2213 513 2275 scilieet
534 2214 632 2275 caruis
656 2219 686 2274 et
708 2214 877 2293 sanguinis,
910 2213 1020 2293 quibua
1047 2214 1134 2276 etad
1157 2213 1274 2277 Galama
1288 2215 1367 2268 Gdl·

197 2334 234 2376 us
255 2313 379 2376 abstudit
399 2313 447 2375 dci
468 2331 610 2394 regnum,
633 2314 740 2376 solitus
763 2320 793 2375 ot
814 2313 886 2375 alisi
909 2313 1105 2376 substautiatu
1125 2319 1183 2395 pre
1198 2327 1274 2396 ope-
1287 2267 1385 2391 M',
1421 2345 1426 2354 ·

202 2415 387 2478 substantiae
406 2423 537 2495 ponere,
570 2424 603 2477 ut
631 2433 697 2478 cum
719 2415 790 2476 dicit
811 2421 865 2476 cos
888 2415 941 2495 qui
960 2416 993 2478 in
1014 2421 1103 2478 carue
1124 2421 1196 2478 aunt
1216 2415 1427 2490 emanent

198 2535 298 2578 ouon
320 2534 423 2597 posse.
468 2515 622 2589 ”Quando
652 2517 731 2578 enim
753 2516 871 2596 placere
894 2511 1086 2598 “manus
1108 2516 1183 2593 deo,
1215 2515 1275 2579 uisi

197 2618 221 2678 in
243 2636 332 2679 carue
353 2618 409 2679 hac
429 2616 558 2680 sumus?
590 2618 674 2679 Aliud
698 2625 817 2697 tempus
838 2618 1022 2699 operationis
1038 2617 1152 2681 nillum
1165 2617 1276 2699 opinor

197 2718 249 2780 iod
272 2718 299 2780 si
322 2717 352 2780 in
374 2718 492 2780 ¹'cauus
512 2736 686 2798 quamquam
710 2717 863 2781 constituti
885 2718 982 2781 carnia
1006 2733 1096 2800 opera
1117 2711 1275 2800 medus,
1331 2707 1338 2720 '

210 2837 270 2880 nou
294 2819 404 2881 emmus
426 2819 457 2880 iu
480 2837 583 2894 carue,
605 2820 675 2880 dum
697 2831 758 2881 non
779 2820 810 2881 iu
833 2819 997 2882 subeuntia
1018 2819 1116 2882 carnis
1135 2827 1198 2881 nou
1220 2823 1274 2882 su·

208 2921 259 2984 aed
283 2921 315 2982 in
330 2921 425 3001 culpa.
460 2921 576 2994 Quodsi
598 2921 629 2981 in
651 2921 772 2983 nominc
795 2923 893 2984 carnis
916 2940 1024 3003 opera,
1046 2934 1109 2984 ndu
1130 2920 1273 2985 substau-

214 3022 314 3083 camis
336 3022 474 3083 iubemur
495 3020 670 3101 exponeres,
699 3022 841 3102 operibus
868 3040 939 3104 ergo
959 3022 1082 3098 'camia,
1112 3039 1175 3084 non
1198 3021 1272 3084 sub·

197 3141 225 3184 ae
253 3124 370 3196 carnis,
407 3123 438 3183 in
466 3125 587 3184 nomine
615 3123 739 3184 ”carnis
768 3124 930 3203 denegatur
957 3123 1007 3185 dei
1028 3140 1163 3203 regnum.
1206 3120 1274 3186 llou

201 3223 229 3286 id
250 3224 410 3286 damnatur
430 3224 461 3284 in
484 3242 543 3303 quo
566 3222 641 3283 mule
662 3223 710 3292 iit,
734 3223 786 3283 sed
809 3224 840 3283 id
862 3224 942 3301 quud
963 3224 1007 3285 dt.
1036 3223 1189 3285 Venenum
1202 3222 1274 3284 dara

219 3331 281 3395 est,
311 3324 386 3385 calix
409 3332 506 3384 tamen
529 3323 559 3383 in
581 3340 641 3402 quo
663 3323 750 3383 datur
770 3341 841 3384 reus
864 3340 927 3383 nou
948 3328 1005 3383 eat.
1047 3322 1091 3382 lta
1112 3331 1142 3383 et
1164 3328 1274 3401 corpus

198 3423 259 3486 imu
281 3442 406 3504 operum
429 3441 479 3485 vas
502 3432 563 3497 cst,
595 3423 692 3485 anima
715 3431 761 3483 cst
782 3431 881 3483 autem
903 3422 1034 3502 quaein
1052 3421 1104 3482 illo
1126 3436 1276 3483 venenum

197 3543 221 3588 aa
242 3525 312 3587 mali
333 3526 402 3586 lacti
424 3532 578 3604 temperat.
613 3524 707 3596 Quale
728 3523 806 3584 ²¹est
821 3529 984 3596 autemut,
1004 3521 1032 3583 si
1048 3520 1147 3583 anima
1162 3519 1275 3582 auctrix

197 3644 222 3688 m
242 3627 342 3689 cumis
363 3625 526 3687 merebitur
547 3625 594 3686 dei
616 3642 739 3703 regnum
761 3640 817 3703 per
838 3621 1037 3702 expiationem
1065 3636 1172 3684 eorum
1199 3637 1275 3700 quaa

197 3744 276 3808 pore
297 3725 433 3800 admisit,
468 3744 578 3806 corpus
605 3725 776 3786 ministrum
805 3723 996 3785 solummodo
1024 3721 1057 3784 iu
1086 3722 1275 3784 damnatione

197 3825 291 3889 menti
325 3826 463 3889 Venefico
485 3827 621 3888 absoluto
644 3826 718 3887 calix
741 3825 798 3888 erit
818 3821 1014 3906 puniendus?
1046 3822 1085 3886 Et
1098 3831 1198 3886 tamm
1212 3840 1275 3885 nou

197 3946 202 3986 ι
218 3929 299 3991 carni
322 3927 509 3990 deiendimus
531 3928 579 3989 dci
594 3945 735 4006 regnum,
757 3926 811 3988 sed
826 3924 1077 3987 resurrectionem
1091 3922 1276 3987 substantiae

211 4030 295 4110 mussi
312 4029 436 4113 'ianuam
457 4027 557 4108 regni,
579 4046 634 4107 per
656 4046 743 4107 quam
765 4027 873 4088 aditur.
905 4025 1044 4087 Ceterum
1066 4023 1144 4087 aliud
1167 4042 1272 4086 resur-

202 4174 211 4201 ‚
239 4129 318 4192 aliud
347 4144 482 4210 reguum.
524 4129 626 4190 Primo
655 4127 734 4189 euim
762 4127 961 4201 resurrectio,
997 4125 1106 4188 delriuc
1135 4142 1273 4206 mgnum.

197 4246 265 4309 rere
284 4230 385 4311 itaque
407 4229 533 4291 dicimus
556 4247 691 4301 carnem,
721 4228 775 4290 sed
802 4234 942 4289 mutatam
963 4226 1108 4306 consequi
1136 4242 1275 4306 reguum.

197 4340 266 4411 peut
285 4329 366 4394 onim
387 4330 499 4391 mortui
521 4330 701 4409 incorrupti,
735 4328 777 4390 illi
799 4327 912 4391 scilicet
933 4325 983 4407 qui
1004 4326 1122 4389 lucrant
1143 4325 1275 4406 corrupti

198 4429 223 4493 ἰ
242 4431 422 4513 corporibus
444 4431 474 4491 in
496 4430 660 4492 interitum.
692 4429 730 4491 Et
752 4447 809 4493 nos
831 4427 1029 4502 mutabimur,
1051 4426 1082 4489 in
1104 4434 1220 4500 atomo,
1242 4425 1273 4487 iu

197 4583 261 4635 td.
313 4581 356 4634 ld.
375 4582 504 4642 Quomodo
522 4582 549 4632 li.
596 4582 635 4630 l'l.
653 4582 789 4644 poterimus
806 4579 854 4630 dan
872 4580 930 4631 dds.
963 4579 1010 4630 deo
1027 4576 1274 4644 potariuusreliparl.

197 4662 252 4768 :a
269 4649 320 4768 dih
338 4648 478 4768 ²:¹9*er
491 4649 516 4699 li.
575 4647 617 4699 20.
635 4649 715 4699 carnis
733 4664 778 4699 om.
788 4647 834 4700 lid.
868 4648 968 4698 Primam
985 4662 1016 4697 es
1033 4648 1155 4698 dorsierssi
1181 4641 1274 4694 addidit

197 4847 295 4918 waere]
314 4852 370 4902 lloc
388 4857 428 4899 eat
444 4849 575 4913 deponere.
603 4850 626 4897 V.
645 4850 737 4900 aduott.
754 4847 785 4898 ad
803 4847 839 4898 lis
856 4846 922 4898 Orat
941 4860 994 4911 cap.
1006 4845 1046 4896 id.
1167 4858 1171 4865 ’

197 4947 354 4982 scamarorr.
369 4945 519 4979 maruan.
544 4934 645 4979 Tamti.
1088 4925 1122 4975 20
1149 5002 1155 5013 Ι
