3242 5775
306 622 371 686 tot
415 615 671 690 onmrr'sarrnau
692 633 857 678 rtoanarrs
880 633 1078 678 acarnanum
1099 636 1137 677 na
1160 636 1253 679 canna
1277 637 1407 683 cumam.

306 788 440 867 raginam
462 791 600 865 exempto
622 783 742 846 Christo
764 779 967 857 sedere‚'aut
995 784 1045 863 qui
1072 775 1191 846 carnem
1213 795 1245 848 et
1265 787 1397 849 animam
1421 795 1489 851 tau-

308 887 447 961 tundam,
470 895 521 946 aut
542 885 747 947 tantummodo
770 886 913 959 animam,
936 904 1054 947 carnem
1075 893 1151 948 rero'
1170 905 1230 947 nou
1253 888 1322 949 iarn.

174 1007 298 1067 capuan.
395 987 454 1050 Sed
477 987 620 1049 hactenus
642 986 679 1047 dc
700 986 824 1047 materia
845 975 1005 1065 praes'enti.
1052 988 1131 1048 Satis
1154 987 1230 1049 iam·
1252 991 1332 1050 enim
1355 989 1491 1052 arbitror

307 1090 483 1153 instructam
507 1106 575 1150 esse
597 1087 695 1150 carnis
717 1087 749 1148 in
771 1086 891 1149 Christo
919 1097 950 1149 et
977 1106 1012 1149 ex
1035 1088 1149 1167 virgine
1176 1095 1263 1150 natae
1285 1098 1316 1152 et
1338 1091 1489 1152 humanae

307 1190 525 1272 probationem.
571 1188 658 1261 Quod
681 1194 712 1248 et
732 1189 832 1250 solum
854 1189 1023 1251 discussum
1045 1190 1183 1251 sulficere
1204 1192 1367 1270 potuisset,
1397 1193 1490 1254 ¹citra

308 1291 492 1372 singularum
520 1309 557 1351 ex
577 1289 714 1351 ’diverso
742 1290 918 1368 opinionum
945 1291 1189 1369 congressionem
1218 1310 1306 1370 quam
1335 1301 1365 1353 et
1394 1311 1489 1372 argu-

307 1391 540 1457 mentationibus
562 1407 663 1452 earum
686 1399 715 1453 et
736 1379 910 1470 scripturis,
940 1390 1048 1470 quibus
1075 1399 1212 1465 utuntur,
1240 1392 1489 1472 ³provocavimus

308 1491 544 1565 exabundanti,
567 1492 610 1553 uti
632 1510 668 1552 eo
692 1492 772 1573 quod
790 1492 986 1571 probavimus
1008 1492 1077 1571 quid
1100 1503 1130 1555 et
1154 1493 1232 1554 unde
1253 1494 1488 1562 luerit⁴Cbristi

309 1612 377 1658 caro
400 1594 488 1674 ‘quid
507 1579 572 1654 ¹uon
594 1592 683 1653 luerit
705 1592 848 1653 adversus
872 1611 977 1654 omnes
1000 1592 1328 1672 ‘praeiudicaverimus
1365 1595 1406 1656 Ut
1430 1615 1489 1657 au·

308 1704 370 1759 tem
390 1694 567 1758 ⁷clansulam
590 1693 627 1754 de
641 1694 826 1772 praefatione
840 1695 1010 1755 communib
1025 1695 1112 1757 laciat
1133 1695 1330 1757 'resurrectio
1344 1694 1490 1758 ⁹nostran

307 1797 406 1862 narnis
426 1796 484 1858 alio
507 1794 605 1856 libello
628 1794 828 1869 defendenda,
857 1796 906 1857 bic
932 1795 1053 1857 habebit
1073 1798 1355 1875 praestructionem,
1387 1799 1489 1859 mani-

308 1900 404 1961 lesto⁶
425 1898 484 1960 iant
506 1896 592 1976 quale
615 1896 705 1957 luerit
725 1896 807 1976 quod
827 1895 858 1957 in
881 1896 1010 1958 Christo.
1023 1896 1221 1959 ¹⁰resurrexit.

377 2050 436 2114 Cap.
454 2048 519 2099 xit.
556 2049 578 2098 l.
597 2049 655 2098 citra
674 2050 777 2112 amplctl.
814 2049 856 2099 sed
877 2050 934 2099 eitra
949 2048 991 2099 tn.
1012 2050 1288 2100 eodmlilrencniontnes.
1323 2050 1367 2100 sed
1386 2052 1488 2103 circall.

307 2117 333 2169 λ
351 2118 451 2168 adeerm
471 2116 495 2166 C.
551 2115 575 2165 3.
600 2130 759 2180 provocamua
783 2116 809 2166 B.
853 2117 1038 2180 pronuntiamus
1058 2115 1081 2166 C.
1134 2117 1157 2166 t.
1184 2132 1239 2166 cam
1264 2117 1353 2167 Christi
1373 2119 1417 2169 tic.
1462 2121 1487 2170 b.

262 2185 267 2202 ¹
308 2186 366 2252 quid
384 2193 408 2236 et
424 2199 474 2246 non
491 2185 517 2234 ll.
562 2183 586 2234 6.
605 2184 851 2247 praeiudicaverimus
868 2185 945 2245 (ulle.
980 2175 1172 2247 plantaverimus
1190 2187 1223 2246 d„
1244 2188 1488 2238 coemendatfalaia'

309 2253 395 2304 llraini.
429 2253 648 2318 praedicaverimus
665 2253 758 2317 reliqui.
817 2251 840 2302 t.
859 2252 993 2302 clausulam
1013 2241 1248 2303 confluentinorum
1265 2269 1341 2329 arrian⁸
1377 2255 1487 2305 clausula

306 2322 400 2386 reliqui.
452 2319 477 2370 8.
501 2320 703 2369 resurrectionem
728 2320 751 2370 0.
803 2318 828 2370 9.
854 2319 933 2371 carnis
957 2327 1055 2370 nostrae
1079 2321 1115 2370 ed.
1176 2319 1214 2371 ll).
1239 2321 1371 2371 resurrexit
1388 2322 1488 2384 acutri

251 2383 254 2392 ’
306 2390 463 2466 mininie}
499 2388 659 2437 resurrexerit
675 2388 703 2437 ll.

308 2522 530 2590 ctoralunduntur:
550 2521 656 2571 namatii
675 2534 771 2571 caruem
790 2520 870 2572 solam
920 2520 985 2581 „Qui
1003 2519 1075 2570 fldem
1093 2523 1431 2575 resurrectionis-student
1449 2527 1486 2575 in-

306 2590 332 2642 in
348 2590 497 2644 caaloextra
516 2589 630 2638 unionem
654 2587 810 2652 personalem
829 2604 870 2638 se·
920 2589 1037 2651 quietare.
1055 2614 1088 2630 -ι-
1108 2592 1193 2639 merito
1207 2591 1297 2641 Christi
1315 2608 1414 2656 quoquae
1432 2609 1486 2643 car·

307 2657 365 2708 dere
383 2657 513 2715 somniant,
537 2655 577 2705 alii
601 2670 699 2705 carnem
723 2664 746 2705 et
764 2656 869 2706 animam
921 2669 975 2705 nent
989 2657 1172 2719 quaestionibus
1190 2659 1344 2709 distrabuut“
1361 2675 1417 2725 sqq.
1452 2663 1485 2710 lta

306 2723 389 2783 simul,
407 2723 448 2773 alii
466 2721 771 2787 deniquesolamanimaur
783 2724 870 2788 ipsias.
921 2723 984 2772 liber
1002 2724 1036 2772 De
1054 2724 1132 2774 Carne
1151 2726 1239 2775 Christi
1262 2734 1299 2776 est
1322 2731 1486 2790 praestructio

307 2792 357 2854 (Fr.
369 2792 472 2851 lunius.)
920 2790 973 2840 eiua
991 2792 1032 2854 qui
1051 2792 1097 2840 iam
1109 2795 1219 2856 seqnitur
1237 2802 1260 2843 et
1276 2794 1409 2844 clausulam
1426 2796 1485 2846 lacit

341 2893 400 2956 0⁸9·
417 2892 482 2941 m
514 2906 536 2940 ,ι
554 2891 618 2941 δώ,
636 2886 696 2957 im]
715 2892 812 2954 palm
831 2893 869 2942 di·
920 2856 950 2907 da
974 2858 1015 2909 illa
1039 2860 1189 2924 praelatione
1215 2862 1347 2924 communi,
1376 2863 1431 2914 libri
1451 2864 1485 2915 De

300 2958 870 3091 tettan:tataeatrurn
922 2926 1256 3062 nuntiantia„

310 3094 377 3214 3:³52
401 3095 549 3212 33329232
565 3093 602 3144 ⁰⁰
625 3095 724 3144 mna
747 3097 871 3159 tumul
922 3062 1484 3193 tt·lllltnlti‘t‘ttlt'ltrttt

922 3198 1004 3257 luerit,
1022 3207 1046 3248 ct
1063 3201 1197 3251 cuiusmodi
1215 3201 1295 3250 luerit.
1332 3202 1483 3251 Renuntiatio

344 3264 368 3314 b.
387 3263 416 3314 dc
434 3263 583 3327 praelatione
597 3261 731 3326 communi]
749 3263 872 3326 Significat
923 3267 975 3315 eius
993 3267 1059 3317 dabit
1077 3267 1153 3330 legem
1173 3277 1269 3318 nostrae
1283 3270 1483 3320 resurrectioni.“

309 3330 352 3383 itta
370 3346 432 3398 qaae
449 3331 517 3382 initio
536 3330 607 3381 buius
621 3332 732 3395 opusculi
744 3332 872 3394 leguntur:
922 3332 959 3384 et.
979 3335 1050 3384 etiarn
1068 3334 1102 3385 De
1120 3335 1217 3387 ltesnrr.
1237 3336 1323 3387 Carnis
1343 3336 1433 3401 capi„
