3242 5775
547 657 696 705 ramosos
716 655 959 707 vmaarmnnos.
1277 654 1341 722 387

144 807 216 869 est*
241 817 396 888 quantum
419 808 505 888 lnpac
527 812 654 873 lemicae
673 813 797 874 lormam
814 811 973 891 ¹³quotidie
990 811 1180 893 ¹‘supparare
1196 818 1341 884 sollemne

141 916 202 970 est.
257 907 431 982 “Quidnii
462 928 528 972 cnm
551 911 684 992 spiritale
705 913 776 975 illud
799 931 902 975 semen
924 930 1011 975 snum
1034 915 1079 976 sic
1105 915 1137 976 in
1158 935 1341 1001 unoquoque
1439 928 1444 940 “

139 1008 392 1072 “recenseant?
443 1010 475 1071 Si
503 1012 611 1091 aliquid
640 1013 709 1074 novi
742 1013 959 1085 adstruxerint,
992 1015 1205 1081 revelationem
1239 1007 1340 1085 statim

133 1111 311 1191 appellant
332 1112 624 1191 praesumptionem,
658 1124 688 1175 et
715 1114 860 1176 charisma
887 1114 1066 1193 ingeninm¹,
1099 1133 1157 1181 nec
1182 1120 1336 1198 unitatem,

137 1211 200 1273 sed
229 1211 460 1273 diversitatem.
503 1213 633 1293 ideoque
656 1214 857 1294 prospicimus
885 1215 1017 1294 seposita
1044 1215 1093 1277 illa
1115 1218 1252 1282 sollemni
1273 1221 1339 1285 dis·

129 1311 354 1375 simulatione
380 1333 433 1374 sua
461 1314 622 1394 plerosque
652 1316 785 1388 ¹⁷dividi,
824 1317 858 1378 de
884 1315 1059 1394 quibusdam
1087 1319 1218 1382 articulis
1251 1322 1340 1385 etiam

129 1414 225 1475 bona
254 1413 322 1473 tide
345 1413 494 1487 dicturos,
528 1416 592 1476 lloc
613 1415 653 1476 ita
675 1435 735 1476 non
760 1423 821 1489 est,
855 1423 900 1489 ct,
934 1416 999 1479 lloc
1025 1417 1110 1480 aliter
1139 1421 1268 1503 accipio,
1298 1428 1339 1498 et,

129 1516 210 1577 Hoc
243 1532 316 1575 non
346 1532 486 1593 agnosco.
535 1516 681 1577 Varietate
711 1518 731 1548 ¹⁸
739 1516 817 1579 enim
848 1517 1006 1578 innovatur
1037 1519 1204 1599 regularum
1236 1524 1337 1587 iacies.

131 1616 252 1677 Habet
280 1614 371 1675 etiam
394 1615 510 1677 colores
534 1616 802 1695 ¹⁹ignorantiarum.

236 1714 319 1776 mihi
341 1724 438 1776 autem
461 1736 527 1778 cum
549 1718 715 1797 archetypis
737 1719 794 1780 erit
822 1719 908 1780 hmes
936 1719 1144 1799 principalium
1175 1722 1337 1802 magistro-
1356 1736 1449 1796 capr.

133 1828 250 1888 rum·,
279 1833 342 1876 non
365 1834 431 1877 com
452 1818 604 1879 adfectatis
628 1818 751 1881 ducibus
773 1818 962 1898 passivorum
989 1819 1233 1900 discipulorum.
1277 1823 1339 1887 Nec

137 1918 294 1996 nudique
322 1916 453 1979 dicemur
480 1919 536 1997 ipsi
564 1918 652 1980 nobis
680 1920 802 1981 linxisse
830 1921 985 1993 materias,
1019 1938 1092 1999 quas
1120 1928 1167 1982 tot
1195 1922 1253 1985 iam
1280 1924 1338 1987 viri

141 2018 321 2079 sanctitate
344 2026 374 2078 et
395 2020 574 2098 praestantia
596 2020 746 2100 insignes,
781 2039 837 2082 nec
863 2022 962 2082 solum
990 2014 1088 2084 nostri
1117 2029 1337 2099 antecessores,

142 2118 206 2180 sed
230 2119 375 2197 ipsorum
397 2119 669 2182 haeresiarcharum
699 2122 953 2201 contemporales,
982 2120 1221 2186 instructissimis
1247 2125 1335 2189 roln-
1383 2069 1388 2172 l

1384 2175 1389 2196 l

144 2219 294 2281 minibus
319 2227 349 2280 et
369 2220 565 2298 prodiderunt
587 2230 617 2281 et
639 2222 838 2295 ¹retudcrunt‚
861 2230 894 2284 ut
916 2221 1063 2295 lustinus,
1085 2222 1283 2304 philosophus
1306 2233 1338 2288 ct
1385 2199 1389 2216 ι

146 2330 303 2401 Μὴν,
325 2328 357 2381 ut
378 2321 538 2394 Miltiades,
562 2322 750 2384 ecclesiarum
774 2322 940 2402 sophista¹‚
963 2330 996 2383 ut
1017 2323 1174 2397 lronaeus,
1203 2325 1337 2387 omnium

149 2422 365 2483 doctrinarum
395 2422 621 2483 curiosissimus
650 2424 836 2502 explorator,
870 2432 902 2484 ut
922 2423 1068 2486 Proculus
1096 2423 1246 2499 ’noster·,
1274 2425 1337 2488 vir·

151 2523 233 2600 ginis
267 2532 406 2584 senectae
436 2532 465 2584 et
486 2523 668 2585 Christianae
696 2523 882 2603 eloquentiae
914 2525 1056 2604 dignitas,
1090 2543 1166 2606 quos
1195 2525 1226 2587 in
1255 2527 1337 2590 omni

157 2706 198 2757 ta
216 2709 320 2758 cottidie
337 2708 381 2757 aa.
428 2708 467 2757 ll.
485 2724 602 2771 superare
619 2710 680 2759 Aac.
728 2709 767 2758 15.
786 2709 848 2768 Quid
867 2711 974 2773 iniquam
992 2711 1054 2761 ABG.
1100 2709 1139 2760 ld.
1158 2712 1337 2765 recenseatld.

158 2775 199 2824 17.
218 2776 305 2835 dividi,
323 2776 352 2823 de
372 2777 515 2838 quibusdam
535 2793 584 2837 ego.
621 2778 691 2825 diuidi
711 2778 854 2840 quibusdam
873 2779 928 2827 libri
945 2794 1036 2827 omnes„
1074 2777 1113 2828 18.
1133 2792 1186 2827 cnm
1199 2780 1337 2830 Faltonius.

160 2842 200 2893 19.
218 2844 359 2906 ignorantia
378 2858 462 2892 earnm
481 2845 525 2895 loe.
536 2846 648 2906 Scaliger,
668 2852 689 2893 et
707 2845 844 2894 Faltonius.

226 2912 289 2974 Cap.
308 2911 332 2961 ll.
371 2912 392 2960 i.
412 2913 607 2962 retuleruntali.
661 2912 683 2960 2.
702 2922 786 2962 noster
805 2916 836 2973 d,
857 2915 901 2963 los.
912 2913 1022 2975 Scaliger.
1064 2920 1147 2962 nostor
1164 2921 1189 2962 st
1206 2914 1336 2965 Rhenanus.

160 2988 259 3028 mirac
276 2979 392 3039 antece,
412 2981 449 3028 fr.
461 2982 548 3030 licerius.

161 3112 253 3172 glorias
271 3114 370 3171 animal,
397 3113 434 3161 eui
459 3127 504 3161 nec
527 3115 670 3163 consolando
687 3116 724 3161 in-
776 3113 886 3161 amicos“
910 3114 968 3162 dicit
986 3114 1099 3162 Martialis
1124 3109 1241 3177 [tinxit.
1260 3117 1336 3179 epigr.

162 3183 236 3237 isaia,
269 3182 312 3229 sed
342 3182 423 3243 potios
451 3180 615 3228 insultanda.“
665 3181 724 3228 lbid.
776 3176 838 3242 70.].
858 3180 964 3240 (Rigalt.)
1000 3182 1244 3230 dddclortunatian.
1264 3181 1336 3242 ll,2¹l

163 3247 257 3311 taphi
281 3248 367 3306 „Ciues
386 3248 529 3296 Clazomenii
550 3247 723 3296 llerniotimnm
776 3247 881 3309 „parom
906 3247 928 3294 in
954 3250 1082 3311 archetypis
1113 3256 1238 3297 anctorum
1269 3249 1337 3299 libris

164 3316 253 3378 templo
267 3314 447 3364 consolantur.“
473 3314 724 3377 lleSpectoc.cop.12
775 3315 966 3374 (recognosces),
992 3317 1055 3362 unde
1074 3315 1132 3362 haec
1152 3330 1196 3363 nos
1213 3317 1337 3380 excerpsi-

164 3381 213 3439 „lta
233 3392 335 3430 mortem
355 3382 491 3431 homicidiis
516 3381 725 3430 consolabantur.“
777 3382 857 3429 mus.“
885 3381 968 3428 Plures
985 3380 1270 3433 locosdabitForccllin.
1288 3398 1337 3432 s.v.

195 3451 217 3499 h.
242 3450 353 3512 Alioquin
382 3458 473 3497 tanturn
497 3465 524 3497 sc
551 3450 605 3496 hnic
631 3449 723 3496 haeresi
810 3449 833 3495 b.
859 3448 1008 3508 passivorum
1033 3447 1230 3512 discipulorum]
1257 3450 1339 3499 idest

165 3518 263 3566 suadere
288 3518 434 3579 permissum
460 3511 507 3579 est]
538 3517 659 3572 Ceterum,
687 3518 725 3564 in·
776 3514 951 3575 gregariorum,
963 3523 986 3561 ct
998 3515 1135 3577 prorniscue
1151 3518 1336 3566 occurrentium.

166 3586 221 3646 qais,
249 3593 339 3632 tantum
360 3599 416 3632 sese
436 3584 489 3631 huic
509 3585 601 3631 haeresi
620 3592 724 3631 sectato·
776 3581 941 3640 (ieiunius.)
975 3583 1010 3631 t'l.
1030 3582 1120 3630 adnott.
1142 3583 1171 3632 ad
1189 3584 1223 3632 lle
1242 3584 1338 3634 Corona
1421 3609 1424 3613 <

166 3663 212 3699 rem
231 3652 347 3701 simolarc
373 3651 518 3714 permissum
538 3660 582 3709 est,
610 3660 724 3707 ouantem
778 3647 864 3712 cap.8.

166 3727 217 3771 cett.
261 3719 378 3767 Similiter
411 3733 484 3780 snpra
518 3718 601 3780 cap.3
635 3719 726 3766 dixerat
811 3731 831 3764 c.
852 3725 876 3763 ot
891 3716 1004 3774 lustinus,
1023 3716 1184 3779 philosophus
1203 3713 1337 3783 etmartgr]

167 3785 291 3849 „alioquin
309 3801 321 3833 a
341 3787 411 3833 turha
431 3801 513 3833 corum
539 3795 561 3833 ot
586 3786 656 3832 aliam
676 3787 724 3833 ire·
777 3784 822 3841 Oui
841 3798 867 3830 sc
887 3784 1000 3831 adversus
1019 3784 1131 3832 haereses
1150 3785 1281 3848 scripsisse
1300 3793 1338 3835 ts·

168 3855 284 3914 quonam
304 3852 435 3913 suadere,“
460 3856 504 3900 i.e.
525 3854 623 3913 lingere,
650 3857 725 3900 simu·
776 3858 853 3899 statur
876 3851 977 3913 Apolog.
1003 3851 1043 3910 ll.,
1069 3859 1092 3899 ct
1119 3851 1201 3901 laudat
1224 3852 1338 3902 lrcnaens

168 3916 223 3979 lare,
241 3921 428 3982 simulatamque
447 3921 500 3968 aliis
520 3921 674 3982 persuadere.
776 3919 832 3966 aaa.
851 3917 921 3966 llaec.
940 3916 1019 3978 lV‚4.‚
1037 3912 1246 3984 „conportent
1259 3919 1338 3998 Mep-

199 3989 213 4035 l.
232 3984 367 4052 ingenium]
387 3987 422 4035 ct.
443 3988 532 4035 adnott.
548 3988 726 4035 adlleCorona
776 3979 862 4031 κίωνα
881 3980 1059 4049 advzaypc‚“
1082 3994 1105 4034 el
1127 3987 1286 4050 Hieronymus
1313 4003 1338 4037 tn

170 4054 248 4117 apd.
778 4053 864 4110 Catal,
893 4061 915 4101 et
939 4052 1026 4101 Ensch.
1052 4052 1079 4102 ll.
1097 4053 1124 4102 Ε.
1149 4054 1185 4113 ll,
1207 4054 1234 4102 ll
1255 4061 1279 4104 et
1298 4054 1337 4103 18.

199 4122 255 4184 Cap.
274 4123 299 4170 i.
337 4137 357 4169 a.
378 4121 433 4168 llihi
458 4129 536 4169 nartem
562 4136 614 4170 cum
641 4123 726 4169 archo·
777 4120 939 4178 (inluniae.)

171 4191 225 4250 tppis
242 4193 288 4238 erit
307 4191 378 4238 limes
403 4190 571 4251 principalium
600 4190 727 4249 magistro·
812 4189 835 4236 d.
855 4197 879 4236 ot
897 4186 1023 4245 lliltiades,
1041 4185 1197 4236 ecclesiarum
1215 4186 1337 4252 sophista]

172 4252 230 4321 ran]
255 4259 293 4306 tit
317 4272 345 4305 so
371 4259 489 4316 stringere
513 4259 594 4305 stilum
614 4258 727 4305 adversus
779 4255 816 4304 ct.
835 4254 922 4303 Enseh.
942 4254 969 4301 H.
985 4254 1010 4301 E.
1029 4252 1054 4313 ll,
1069 4254 1107 4302 17.
1132 4262 1155 4303 et
1178 4255 1338 4318 Hieronymus

171 4325 268 4385 origines
288 4327 355 4388 ipsas
376 4332 399 4371 rt
417 4326 550 4373 authentica
570 4326 621 4386 ipsa
639 4326 728 4386 princi·
779 4323 802 4370 in
822 4323 945 4382 Catalcgo.
972 4321 1064 4370 llicitor
1082 4329 1161 4370 autem
1180 4323 1338 4372 ecelesiarum

172 4392 252 4450 palensi
282 4393 470 4451 magistrorum,
506 4401 576 4454 atquc
609 4393 653 4439 hos
682 4392 727 4440 sibi
779 4391 897 4453 sophista,
917 4390 971 4452 quia
990 4390 1046 4437 stilo
1065 4389 1211 4451 elegantiore
1232 4391 1338 4454 scripsit,

172 4456 250 4509 liniter
269 4473 421 4524 proponere,
440 4474 501 4521 quos
520 4460 653 4507 ultranolit
669 4474 728 4508 eon·
779 4459 819 4520 qni
838 4457 1002 4519 sophistarum
1019 4457 1090 4506 stilos
1115 4456 1172 4506 olim
1198 4457 1340 4507 habebatur.

171 4528 238 4584 credi.
262 4528 391 4588 archetypi
411 4527 517 4586 magistri
536 4528 728 4590 comprincipes
780 4526 829 4583 (Fr.
842 4524 953 4583 laniosi·

171 4597 279 4656 magistri,
299 4595 452 4642 vetustiores.
482 4596 728 4643 Atiliuslortnnatia·
812 4606 834 4639 e.
859 4600 883 4640 ut
904 4591 1019 4640 Proculus
1045 4587 1139 4656 noster]
1166 4592 1283 4642 Pacianns
1308 4590 1337 4639 ad

171 4671 209 4709 ns
227 4663 320 4712 indite
340 4657 418 4725 [l’.ll.
439 4659 526 4725 prael]
546 4670 656 4721 „ueteres
675 4662 728 4710 lec
778 4659 979 4722 simpronianum
1003 4659 1033 4708 do
1058 4659 1150 4709 Cathol.
1174 4659 1244 4710 Nom.
1271 4657 1338 4719 „lpsi

170 4718 241 4789 {huto
268 4731 398 4791 legemus,
422 4738 447 4777 ut
472 4733 537 4779 lactet
562 4733 613 4780 cod.
637 4677 726 4793 latios,
779 4728 813 4775 illi
833 4728 937 4789 Phryges
955 4726 1087 4776 nobiliores
1117 4728 1157 4791 qni
1175 4741 1202 4776 ss
1219 4726 1338 4774 animatos

170 4794 248 4856 llest,
278 4805 305 4845 nt
324 4797 357 4844 ait
376 4796 489 4853 Lucilius,
514 4799 640 4860 archetypa
666 4799 727 4845 irride
779 4796 925 4845 mentiuntur
944 4794 1067 4855 alaneio,
1085 4791 1338 4845 institutosalrorule

169 4858 220 4915 laec
243 4873 303 4915 sant
331 4864 410 4911 omnia
443 4866 523 4914 iratast*
570 4868 728 4928 „archetypos
778 4864 937 4925 gloriantur.“
956 4862 1062 4924 (Rigalt)

1130 4940 1185 4992 aa*
1254 4924 1259 4930 ’
