3242 5775
274 614 294 673 4
531 625 633 675 ournrr
650 596 787 666 'snrrrun
808 622 973 665 rnonrurrs
997 622 1192 665 runrunnreur

273 776 450 849 'Quantum
473 775 499 836 si
520 791 582 835 non
602 770 769 835 fuissent⁰l
798 772 871 834 Cum
893 772 964 852 quid
988 773 1125 833 sortitum
1141 770 1205 832 oest
1226 779 1259 831 ut
1274 771 1448 831 omnimodo

275 877 357 949 ¹⁰sit‚
380 894 499 937 causam
521 875 627 955 accipit
648 874 687 935 ob
709 892 796 953 quam
820 874 868 933 sit.
926 874 1031 934 ¹¹Haec
1058 874 1115 934 rim
1140 872 1359 951 ¹²consequitur
1391 891 1446 952 per

180 1020 185 1027 ·
274 995 361 1056 quam
385 976 441 1048 sit,
466 975 530 1036 ¹'ne
553 994 703 1036 essenon
726 975 834 1054 possit.
997 970 1000 975 ’

164 1095 255 1151 capu.
357 1076 483 1138 Febrem
506 1076 650 1155 denique·
673 1076 750 1136 inter
773 1076 905 1136 ¹ceteros
920 1074 1091 1135 mortiferos
1111 1082 1141 1134 et
1154 1072 1333 1134 ²cruciarios
1350 1072 1448 1134 exitus

271 1176 440 1256 'erogando
469 1177 581 1237 homini
610 1177 778 1255 deputatam
805 1193 902 1254 neque
932 1175 999 1253 quia
1030 1182 1077 1235 est
1099 1174 1256 1243 miramur,
1287 1181 1334 1234 est
1356 1173 1447 1243 enim,

272 1297 369 1357 neque
391 1280 459 1357 quia
481 1278 619 1357 ‘erogatl‘
641 1277 807 1344 bominem,
831 1276 867 1335 ad
888 1274 946 1335 hoc
968 1276 1045 1335 enim
1069 1284 1124 1336 est.
1159 1274 1287 1335 Proinde
1303 1274 1449 1335 haereses

273 1380 310 1441 ad
332 1380 505 1457 languorem
532 1386 562 1445 et
590 1377 740 1438 interitum
774 1376 841 1435 srdei
874 1375 1033 1455 productas
1066 1375 1091 1435 si
1120 1374 1342 1454 expavescimus
1371 1375 1449 1434 ‘hoc

272 1462 381 1559 posse,
414 1480 499 1558 prins
522 1486 568 1539 εει
588 1487 624 1539 ut
644 1476 888 1556 ⁶eupavescumus
910 1476 968 1537 boc
990 1494 1040 1538 eas
1062 1494 1146 1551 esse,
1175 1495 1249 1555 quae
1271 1476 1341 1537 dum
1365 1484 1447 1549 sunt,

272 1580 384 1642 habent
410 1597 518 1658 posse,
547 1588 578 1640 et
603 1578 673 1638 dum
702 1586 843 1657 possunt,
877 1575 987 1637 babent
1013 1594 1093 1637 esse.
1150 1575 1309 1637 Sedenim
1332 1575 1449 1637 febrem

273 1689 308 1742 ut
335 1681 445 1742 malum
474 1687 504 1740 et
530 1679 567 1739 de
596 1698 683 1742 causa
711 1690 741 1739 et
768 1679 804 1739 de
831 1677 963 1757 potentia
991 1697 1060 1750 sua,
1092 1684 1125 1750 ut
1146 1685 1250 1744 notum
1273 1685 1334 1750 est,
1369 1676 1448 1737 abo-

273 1780 422 1842 minamur
442 1779 542 1858 potius
566 1798 653 1858 quarn
680 1778 823 1840 miramur
844 1787 888 1848 et,
918 1786 1058 1857 quantum
1088 1778 1117 1838 in
1147 1778 1235 1838 nobis
1261 1786 1322 1850 est,
1354 1795 1449 1856 prae-

275 1899 427 1953 cavemus,
467 1899 528 1940 non
560 1879 702 1940 babentes
742 1877 931 1939 abolitionem
969 1881 1033 1939 eius
1071 1878 1101 1939 in
1140 1889 1243 1940 nostra
1284 1886 1449 1957 potestate.

274 1981 439 2043 'Haereses
472 1998 544 2041 roro
577 1988 702 2040 mortem
735 1988 885 2039 aetomam
915 1988 943 2040 ει
970 1979 1092 2040 maioris
1120 1979 1196 2057 ignis
1230 1980 1367 2040 ardorem
1397 1978 1449 2039 in-

163 2143 167 2148 .
273 2084 404 2145 serentes
438 2082 550 2143 malunt
586 2080 704 2159 quidam
737 2079 836 2140 mirari
869 2078 949 2158 quod
984 2080 1041 2142 boo
1070 2081 1190 2159 possint
1223 2080 1328 2158 ⁸quam
1360 2077 1448 2139 dcvi·

273 2192 337 2246 tare
358 2201 397 2245 ne
417 2181 551 2264 possint,
574 2199 640 2242 eum
663 2180 790 2241 habeant
811 2179 958 2242 devitandi
979 2189 1167 2259 potestatem.
1210 2180 1347 2242 Ceterum
1372 2179 1452 2239 nibil

273 2283 445 2356 ⁹valebunt,
477 2282 504 2343 si
525 2282 591 2343 illas
615 2289 727 2343 tantum
749 2281 846 2342 valere
869 2300 930 2342 non
952 2283 1105 2344 mirentur.
1157 2283 1240 2342 10ιιιιι
1267 2282 1345 2342 enim
1375 2280 1448 2342 dum

273 2385 435 2458 mirantur,
461 2384 493 2445 in
516 2383 685 2445 scandalum
708 2381 999 2456 subministrantur0,
1028 2391 1079 2445 aut
1106 2383 1172 2461 quia
1200 2382 1448 2454 scandalizantur,

273 2485 341 2546 ideo
364 2485 510 2546 mirantur
532 2485 551 2517 ¹¹
559 2484 644 2563 quasi
666 2482 746 2563 quod
769 2492 883 2546 tantum
903 2484 1018 2545 valeant
1046 2484 1108 2544 ’ἐι
1131 2484 1225 2563 aliqua
1247 2483 1345 2545 veniat
1365 2482 1451 2543 reri-

274 2592 344 2645 tate.
388 2584 492 2644 blirum
516 2584 644 2655 scilicet,
668 2592 701 2644 ut
722 2585 831 2644 malum
854 2584 932 2644 vires
954 2603 1024 2645 suas
1046 2582 1170 2658 habeat3
1192 2584 1249 2644 nisi
1271 2583 1350 2663 quod
1371 2583 1449 2645 hae·

273 2701 358 2747 reses
380 2682 459 2765 apud
481 2701 534 2743 eos
556 2682 680 2744 multum
703 2681 843 2742 ¹’valeant
864 2683 913 2761 qui
935 2682 964 2744 in
987 2683 1044 2744 tide
1062 2683 1148 2744 ¹*nou
1162 2684 1269 2745 valent.
1300 2684 1334 2745 ln
1348 2702 1449 2764 pugna

272 2783 405 2865 pugilum
428 2791 458 2844 et
478 2782 672 2861 gladiatorum
693 2782 868 2862 plerumque
889 2801 950 2844 non
972 2784 1040 2862 quia
1062 2784 1147 2844 tortis
1170 2793 1217 2844 est
1235 2785 1325 2846 vincit
1338 2784 1449 2863 '‘qnis,

273 2892 325 2948 aut
345 2884 413 2964 quia
435 2902 495 2945 non
517 2891 619 2964 potest
639 2882 731 2958 rinei,
764 2882 818 2945 sed
847 2884 985 2963 quoniam
1008 2883 1056 2945 ille
1077 2884 1128 2964 qui
1160 2886 1255 2948 victus
1283 2896 1330 2948 est
1356 2887 1451 2948 nullis

271 2985 386 3047 viribus
408 2984 477 3045 luit:
499 2984 573 3045 adeo
596 2985 675 3045 idem
697 2983 745 3044 ille
762 2983 866 3057 victor,
888 2984 965 3046 bene
978 2985 1085 3046 valenti
1098 2994 1204 3065 postea
1221 2988 1449 3067 ¹⁰oomparatus,

272 3104 297 3157 8.
316 3105 436 3163 Quantum
455 3105 476 3152 si
495 3118 542 3154 non
561 3099 683 3153 tolerent?
712 3103 772 3153 Cum
796 3103 854 3167 quid
878 3103 953 3168 (quod
971 3105 1026 3154 edit.
1045 3106 1155 3156 lllreoono·
1170 3123 1191 3155 o.
1207 3104 1290 3165 1539.)
1307 3106 1359 3166 Ad,
1389 3108 1446 3155 edit.

271 3173 375 3224 liberiani
392 3189 413 3220 o.
425 3170 497 3220 15³9.
514 3172 731 3231 „coareotieotibur
748 3173 844 3221 retortio
861 3172 1068 3236 erenrploribuo.“,
1099 3182 1119 3223 et
1143 3175 1202 3224 liber
1219 3175 1364 3223 Diuioueoeie
1388 3180 1448 3223 teste

272 3239 381 3303 liiqolrio.
417 3246 531 3303 qnantum
549 3239 571 3288 si
589 3253 637 3288 non
656 3238 758 3288 luissent
775 3238 841 3302 qnod
858 3238 893 3297 B„
913 3247 933 3289 et
956 3240 1085 3290 Votiooour.
1129 3251 1242 3305 qnantum
1261 3255 1310 3289 uon
1328 3239 1446 3298 ualerent,

272 3306 295 3357 oi
313 3320 361 3354 non
380 3305 495 3356 tuissent:
514 3319 569 3355 curn
587 3305 652 3370 quod
670 3309 707 3356 ob.
743 3315 858 3370 qnantum
877 3308 939 3356 siut:
959 3321 1012 3355 cnm
1032 3309 1096 3372 quod
1109 3308 1215 3370 (quido.)
1227 3307 1262 3356 Ge.
1299 3320 1347 3354 non
1366 3322 1447 3371 qnan-

272 3380 323 3423 tum
348 3372 410 3422 oint:
435 3388 489 3423 enm
513 3373 578 3437 quod
601 3374 714 3423 latinius.
757 3381 871 3437 quantum
896 3375 952 3434 siut,
977 3374 1081 3425 luissent
1105 3375 1164 3437 Cmq.
1206 3380 1320 3437 qnantum
1346 3374 1366 3422 si
1396 3390 1447 3423 non

272 3448 370 3488 essent:
403 3455 457 3488 enne
488 3439 553 3501 quod
584 3441 648 3486 Folo.
671 3440 776 3486 decime.
842 3439 866 3486 9,
892 3449 929 3486 εει
954 3449 979 3485 nr
1004 3443 1069 3486 omni
1093 3442 1149 3488 lod.
1194 3448 1231 3488 εει
1260 3441 1326 3488 omni
1350 3441 1448 3505 reliqui.

273 3506 313 3555 10.
331 3508 363 3554 sit
386 3507 448 3555 sicut
472 3518 568 3553 carosam
590 3504 676 3554 amoc.
738 3505 778 3552 11.
803 3504 867 3552 llaec
892 3505 936 3550 rim
954 3504 996 3552 Ad.
1038 3504 1076 3552 bic
1094 3505 1138 3552 vim
1157 3503 1181 3550 B.
1225 3503 1261 3550 sic
1286 3504 1331 3551 rim
1349 3507 1444 3568 reliqui.

272 3573 312 3623 12.
331 3580 493 3634 consequetur
511 3571 688 3620 Fulullreiour.
734 3570 773 3620 13.
792 3585 837 3619 nec
855 3584 909 3619 ease
928 3570 1046 3620 conlido.
1083 3584 1185 3620 ncesse
1204 3584 1252 3619 non
1271 3572 1304 3620 bc.
1342 3586 1445 3621 neeoese

273 3648 300 3688 ut
317 3638 383 3688 Fulo.
393 3638 499 3686 Ursinus.

340 3703 399 3766 Cep.
417 3702 445 3751 ll.
484 3703 505 3751 1.
525 3704 743 3766 contonando.
795 3701 819 3750 2.
839 3701 995 3751 cruciatorioo
1014 3704 1073 3753 liber
1090 3705 1123 3754 lo.
1141 3704 1269 3754 Clementis.
1312 3702 1337 3753 ³.
1355 3719 1445 3765 aegro-

192 3795 198 3808 ·
269 3772 343 3823 tendo
363 3770 484 3818 bominem
502 3771 528 3818 A.
585 3768 609 3817 4.
628 3769 778 3829 aegrotare.
836 3768 860 3815 ὁ.
886 3767 933 3816 boo
956 3783 1029 3831 posse
1046 3773 1073 3821 Α.
1117 3772 1163 3820 boc
1187 3786 1228 3820 eos
1252 3785 1326 3834 posse
1349 3772 1444 3836 reliqui.

271 3839 295 3888 6.
314 3843 500 3900 expavescautnr
523 3836 582 3885 liber
601 3834 729 3884 Clementis.
787 3832 811 3882 'l.
830 3833 943 3885 Haeresis
960 3838 985 3885 Δ.
1044 3836 1066 3885 8.
1086 3852 1156 3901 quem
1176 3838 1280 3887 deuitare
1298 3853 1328 3887 ne
1346 3841 1445 3901 possint

271 3907 352 3965 omi.
396 3903 420 3952 9.
439 3901 568 3952 valebitl.
617 3901 656 3950 10.
674 3901 769 3950 Etenim
787 3917 805 3952 c.
861 3900 899 3950 ll.
919 3903 987 3965 quari
1006 3904 1070 3966 quod
1089 3906 1112 3952 d.
1148 3906 1211 3967 qnod
1231 3906 1341 3970 quaeiA.
1376 3907 1443 3969 quod

271 3985 342 4035 qnam
361 3971 404 4020 sod
423 3971 447 4018 B.
483 3969 548 4032 quod
565 3970 658 4032 reliqui.
712 3967 750 4018 12.
769 3982 796 4018 ex
815 3969 895 4032 aliqua
913 3969 992 4018 ueniat
1011 3972 1108 4018 veritate
1125 3971 1167 4019 Aa.
1204 3987 1231 4020 ex
1250 3973 1329 4036 alique
1347 3974 1443 4022 veniant

269 4037 403 4088 roriteteB.
438 4038 508 4100 qnasi
525 4050 552 4085 or
571 4037 649 4100 aliqua
669 4037 870 4087 ueritatereuiant
887 4038 980 4101 reliqui.
1024 4037 1061 4087 13.
1080 4037 1224 4088 raleaurdd.
1253 4041 1332 4089 volent
1347 4042 1444 4105 reliqui.

271 4104 311 4154 14.
330 4117 415 4168 parum
434 4104 511 4153 valent
528 4105 587 4153 liber
605 4105 732 4154 Clementis.
779 4104 816 4154 15.
836 4104 890 4167 quis
908 4105 1021 4169 iniquia
1040 4119 1088 4155 non
1107 4115 1187 4170 potest
1205 4108 1265 4157 rinei
1282 4109 1363 4160 omi.
1402 4106 1441 4159 16.

270 4179 425 4236 corriperetur
442 4170 477 4232 3.,
494 4186 537 4234 pro
554 4187 626 4221 more.

167 4339 169 4342 y
304 4271 391 4334 Cepi.
416 4286 437 4320 o.
456 4272 576 4329 Quantum
595 4271 615 4320 si
629 4286 677 4320 non
694 4269 828 4336 inissentll
879 4274 948 4334 rerit;
967 4273 1026 4323 boec
1043 4275 1107 4324 enirn
1126 4275 1234 4323 haeresis
1252 4275 1371 4339 operatio,
1395 4275 1444 4324 beo

268 4339 295 4388 Si
313 4341 438 4396 mirantur,
463 4339 547 4401 inquit,
571 4339 635 4402 quod
658 4347 750 4388 tanturn
769 4341 829 4389 bae·
879 4341 949 4400 vires,
974 4349 999 4390 ut
1024 4343 1078 4391 fldei
1103 4343 1242 4392 adversetur
1267 4350 1291 4392 et
1309 4356 1362 4391 eom
1381 4344 1441 4392 sub·

230 4425 241 4439 ·
268 4419 336 4455 reses
361 4404 463 4462 valeant,
487 4415 600 4469 quantum
626 4407 777 4465 mirarentur,
807 4408 827 4456 si
878 4415 960 4457 vertet.
978 4409 1257 4470 (ludoudolocerdul.

269 4474 367 4521 omnino
387 4471 500 4520 haereses
525 4487 571 4521 non
598 4470 723 4522 luissent?
757 4474 827 4532 Quod
1159 4510 1163 4521 .
1456 4497 1462 4506 ·

268 4551 327 4587 rene
346 4539 436 4587 maiore
461 4539 535 4587 mnlro
553 4540 710 4589 admiratione
729 4540 826 4601 diqunrn
879 4509 971 4627 Cscffi'
992 4510 1024 4627 Ιίιι
1058 4506 1225 4627 queqrqne]
1256 4509 1345 4626 ¹d42⁰⁸²
1368 4509 1445 4560 ’ἀπ’

267 4603 340 4661 foret,
359 4619 413 4654 rum
425 4603 528 4667 Spiritus
540 4607 641 4656 Sanctus
652 4607 745 4657 suturas
755 4622 828 4670 prae·
908 4611 915 4626 ·
966 4592 996 4626 ⁰⁰
1044 4593 1056 4627 ⁸
1111 4592 1190 4640 '³⁰⁰⁸'
1211 4592 1262 4640 ΜΡ·
1312 4611 1319 4626 ’

268 4670 362 4730 dixerit,
380 4685 425 4719 nec
443 4673 494 4720 lolli
512 4676 624 4735 potnerit
635 4675 740 4734 (Rigalt.)
766 4675 827 4724 llato
912 4660 935 4708 b·
954 4658 1049 4722 θ10811]
1069 4661 1104 4710 Cf·
1115 4661 1205 4711 31111011·
1216 4662 1340 4724 811500111·
1351 4659 1442 4724 ο1116·

266 4738 342 4787 semel
361 4738 426 4800 quod
445 4738 553 4787 haeresis
577 4742 608 4789 sit
631 4755 702 4789 nemo
720 4743 828 4805 prodens
912 4757 932 4792 c.
951 4744 975 4792 in
993 4743 1133 4792 scandalum
1157 4739 1382 4808 subministrentur]
1410 4744 1442 4792 ln·

267 4804 394 4855 mirabitur
411 4806 475 4868 qnod
494 4806 625 4857 multorum
638 4809 709 4858 fidem
727 4811 826 4859 snbrer·
877 4811 1018 4861 scandulum
1037 4812 1203 4875 prolabuntur.
1384 4830 1386 4833 ·
