3242 5775
317 616 380 682 288
570 629 671 681 outnrr
694 629 826 672 surrtru
847 626 1011 672 ruoraurts
1033 625 1229 672 curaturam

314 782 512 852 demonstrat,
534 788 565 844 et
585 779 698 860 bonum
719 778 890 851 confirmat,
913 773 972 859 qui'
986 777 1059 840 ‘seit
1078 776 1150 858 quat
1170 776 1241 840 saliis
1265 795 1343 857 opus
1364 796 1372 838 ι

315 883 396 945 illum
419 881 507 942 aliem
530 880 634 953 deum,
665 880 817 959 quomodo
846 879 902 941 scit
928 878 1131 941 necessarium
1153 897 1224 940 csse
1245 878 1362 940 bomini

315 990 402 1063 atque
423 982 578 1055 restitum,
600 998 727 1060 quorum
749 980 822 1041 nihil
843 977 1014 1059 praestitit?
1057 979 1090 1042 Si
1112 980 1189 1041 enim
1213 979 1340 1054 scisset,
1362 999 1372 1061 Ι

315 1084 411 1146 lisam
456 1081 593 1165 Ceterum
616 1081 642 1143 si
666 1082 722 1144 scit
743 1100 818 1160 quae
847 1090 918 1142 sunt
945 1079 1059 1142 bomini
1086 1081 1271 1154 necessaria,
1308 1099 1367 1144 nec

315 1183 479 1265 praestitit,
507 1190 558 1244 aut
578 1182 759 1262 malignitate
781 1192 831 1244 aut
853 1180 1025 1243 infirmitate
1044 1200 1104 1242 nnn
1126 1182 1284 1260 praestitit
1329 1182 1372 1244 Pr

315 1292 413 1347 autem
435 1283 602 1346 necessaria
625 1285 698 1346 baec
719 1283 848 1356 bomini,
871 1284 973 1361 utique
993 1282 1073 1345 bona
1087 1283 1280 1345 confirmarit.
1317 1283 1372 1345 Nib

316 1386 384 1447 mali
399 1386 611 1447 necessarium.
644 1385 682 1445 Et
696 1402 756 1445 non
772 1384 830 1445 erit
850 1384 909 1445 iam
931 1384 1112 1464 depretiator
1134 1402 1259 1463 operum
1281 1392 1312 1445 et
1334 1384 1372 1446 im

317 1486 424 1547 tiorum
446 1485 607 1558 creatoris,
630 1492 663 1546 ut
684 1486 762 1564 quod
785 1503 876 1564 supra
897 1483 1225 1564 distrdi'expunrerim.
1257 1486 1355 1547 Porro

317 1588 486 1649 necessaria
514 1586 571 1648 scit
600 1585 714 1647 bomini
743 1586 818 1647 alius
847 1593 877 1646 et
903 1585 1058 1665 prospexit
1084 1594 1113 1647 et
1139 1586 1304 1666 praestat,
1340 1606 1372 1667 qt

164 1694 309 1748 ¹uc·.·¹¹¹¹¹
317 1688 419 1751 baec'
412 1706 477 1767 ipse
498 1685 687 1768 ⁷promittit?
730 1688 774 1748 An
802 1687 839 1750 de
867 1686 963 1748 alieno
990 1686 1089 1748 bonus
1117 1685 1195 1753 est?
1230 1688 1372 1760 Quaerite

276 1790 427 1869 inquit.
459 1787 674 1868 regnando,
708 1798 739 1849 et
771 1788 844 1850 baec
871 1787 956 1849 robis
988 1787 1163 1850 adicientur.
1215 1788 1324 1868 Utique
1350 1788 1372 1851 al

318 1890 433 1964 Quodsi
456 1890 599 1969 abipso,
632 1888 727 1968 qualis
756 1896 804 1949 ost
832 1888 882 1967 qui
907 1887 1004 1950 aliena
1025 1888 1211 1986 praestabit?
1254 1889 1326 1952 Sia
1349 1909 1372 1953 α

317 1990 561 2063 wincelaum,
591 1990 658 2068 quis
681 1998 728 2052 est
755 1989 804 2068 qui
827 1990 921 2051 aliena
943 1989 1119 2069 promittat‘.l
1161 1990 1204 2053 Ea
1225 1991 1250 2052 si
1272 2009 1367 2070 regno

317 2092 407 2166 dunt,
432 2092 563 2153 secundo
583 2090 676 2170 gradu
697 2090 897 2164 restituenda,
921 2090 986 2152 eius
1006 2100 1054 2153 est
1067 2091 1215 2153 secundus
1231 2092 1372 2171 gradusc

317 2194 447 2272 primus,
470 2194 534 2255 eius
556 2191 651 2253 victus
673 2201 760 2271 atquo
781 2192 906 2253 vestitus
929 2193 1013 2254 euius
1036 2200 1067 2253 et
1086 2211 1221 2272 regnum.
1268 2193 1312 2254 lta
1336 2201 1372 2256 tot

316 2295 421 2357 missio
444 2294 588 2355 creatoris
610 2301 658 2354 est
678 2292 885 2372 parabolarum
906 2300 1017 2366 status,
1039 2292 1266 2356 similitudinum
1287 2313 1372 2372 perat

318 2395 344 2457 si
360 2414 416 2457 noo
428 2393 477 2455 0ιιι
491 2395 581 2456 alium
597 2402 731 2474 spectant
745 2413 832 2473 quam
848 2393 895 2455 eui
909 2411 964 2474 per
978 2394 1077 2460 omnia
1092 2394 1323 2475 ¹⁰pariaveriot3.
1353 2395 1372 2428 ¹¹

317 2496 412 2569 servi,
445 2495 598 2556 dominum
628 2495 707 2556 euim
735 2494 879 2556 babemus
901 2495 1001 2556 deum.
1045 2495 1225 2574 Succingere
1246 2496 1372 2558 debemu

316 2597 390 2668 bos,
420 2596 451 2656 id
474 2602 522 2656 est
542 2596 670 2674 expediti
698 2614 767 2657 esse
788 2595 825 2657 ab
848 2595 1067 2675 impedimentis
1095 2596 1255 2658 laciniosae
1283 2596 1358 2659 ritae

317 2695 466 2778 plicitae⁴.
515 2696 587 2757 ltem
616 2696 753 2760 lucernas
781 2696 920 2758 ardentes
950 2696 1075 2769 babere,
1113 2697 1144 2758 id
1172 2707 1219 2760 est
1246 2707 1362 2762 mentes

205 2789 260 2833 000
265 2790 310 2840 ¹¹¹·
304 2815 455 2861 accensas
478 2804 509 2857 et
530 2795 671 2876 operibus
695 2796 827 2858 ueritatis
850 2797 1030 2871 relucentes,
1053 2806 1140 2876 atque
1161 2799 1201 2859 ita
1216 2810 1372 2878 expectare

318 2918 406 2973 ιιιιιιι,
437 2898 466 2959 id
489 2907 537 2960 est
558 2898 721 2960 Christum
765 2898 850 2960 Unde
870 2897 1070 2961 redeuntem?
1098 2900 1124 2960 si
1147 2919 1163 2961 a
1176 2902 1315 2981 nuptiis,
1347 2920 1372 2963 ot

318 3010 380 3073 est,
402 2999 487 3060 ouius
508 2999 644 3078 nuptiae
666 3000 693 3061 si
716 3017 777 3061 non
800 3000 962 3073 creatoris,
984 3019 1041 3062 uec
1060 3000 1127 3080 ipse
1141 3001 1272 3063 blanoiou
1293 3001 1372 3065 iuvita

318 3100 436 3181 nuptias
458 3101 548 3174 isset,
571 3101 761 3162 deomedum
778 3099 924 3162 ¹'intuens
940 3101 1152 3162 detestatorem
1166 3102 1347 3180 nuptiarum.

317 3203 415 3281 itaque
437 3201 577 3282 parabola
598 3202 629 3262 in
651 3219 779 3281 persona
800 3201 929 3276 domiui,
963 3202 990 3262 si
1012 3220 1072 3263 non
1096 3211 1176 3264 esset
1196 3203 1243 3265 oui
1265 3205 1372 3283 nuptias

166 3311 430 3384 tuemuaspetnut.
473 3304 506 3365 ln
528 3303 663 3383 sequenti
685 3309 804 3383 'quoque
826 3302 965 3382 parabola
993 3303 1065 3365 sotis
1093 3313 1172 3379 errat
1198 3303 1249 3383 qui
1276 3306 1372 3369 turem

317 3405 402 3468 euius
424 3405 528 3467 boram
552 3405 578 3465 si
602 3403 714 3483 ¹³pater
734 3402 862 3465 familiae
882 3405 986 3477 sciret,
1009 3423 1070 3465 nou
1092 3406 1204 3467 sineret
1220 3405 1372 3468 “suffodit

266 3580 269 3586 ¹
318 3526 419 3580 suam,
442 3507 473 3568 in
494 3524 654 3586 personam
676 3504 807 3585 disponit
829 3506 985 3567 creatoris.
1019 3505 1081 3567 Fur
1101 3506 1180 3568 enim
1202 3517 1319 3569 creator
1340 3526 1372 3588 qt

318 3607 410 3668 rideri
431 3615 546 3686 potasti
570 3606 709 3668 dominus
732 3606 824 3667 totius
840 3604 997 3668 hominist
1027 3606 1122 3668 Nemo
1144 3625 1198 3668 sua
1218 3609 1333 3671 furatur
1353 3627 1370 3671 a

318 3708 410 3781 ledit,
432 3708 485 3768 sed
508 3707 556 3769 ille
576 3706 678 3788 potius
701 3707 751 3786 qui
773 3706 805 3767 in
820 3707 915 3769 aliena
930 3707 1098 3781 descendit,
1123 3716 1152 3769 et
1166 3709 1319 3771 bominem
1337 3728 1372 3772 a«

319 3862 343 3912 b.
361 3862 422 3910 aciat
439 3860 619 3911 Fatallrainur.
671 3860 696 3919 b.
715 3861 821 3925 praescit
838 3860 863 3910 ll.
914 3859 944 3915 2¹1.
971 3861 1117 3923 repromittit
1134 3864 1158 3912 d.
1209 3861 1234 3911 8.
1253 3862 1369 3913 secedent

318 3932 409 3979 ῑιιιιιιιι
426 3944 494 3977 unm.
537 3927 562 3977 a.
581 3931 604 3977 in
623 3930 703 3978 cnud.
749 3928 788 3977 ld.
808 3929 951 3991 pariaverint
968 3928 1034 3977 ebed.
1058 3929 1096 3979 Ea
1111 3931 1372 3981 emendetioarllbenoa

319 3998 426 4045 renarint
441 3995 484 4044 bt.
502 3994 590 4044 Pitltoei
607 3997 673 4045 liber.
708 3997 791 4048 Probat
809 3996 859 4047 llic.
876 3996 996 4059 llipoltisa.
1056 3995 1095 4044 ll.
1116 3996 1372 4049 insincerum

318 4064 400 4113 Prpbot
419 4063 599 4123 llicllipeltiua.
652 4063 949 4113 lacaedemonem.
977 4063 1043 4120 Quod
1059 4079 1138 4114 ιιιιιιιι
1152 4072 1207 4129 puto
1226 4081 1278 4115 cum
1288 4066 1372 4116 rere

319 4132 493 4194 paterfamiliae
513 4131 536 4178 d.
590 4129 629 4179 ll.
648 4132 735 4180 suffodi
754 4131 827 4181 Bch.
849 4132 970 4181 Vaticanus
987 4137 1090 4195 uterque.
1126 4132 1198 4181 allodi
1216 4133 1254 4183 ab.

318 4249 374 4350 sd
382 4231 538 4348 altat.
546 4230 880 4376 ttllttttf'·t“ltl
930 4231 1151 4349 ltttttilltt
1166 4248 1218 4349 ‘il‘
1223 4231 1372 4379 dealt

318 4368 388 4416 liare
408 4366 478 4425 ttto
506 4381 573 4427 „non
601 4368 709 4429 rapinam
738 4367 880 4416 existimarit
931 4367 1032 4416 ddamf‘
1068 4366 1137 4430 Apud
1155 4367 1225 4418 lCtoa
1250 4371 1314 4418 euin
1338 4384 1372 4434 μ

315 4434 496 4499 portandae
532 4434 665 4482 bedeima
685 4435 785 4497 capilo
804 4435 879 4496 „quia
931 4448 1064 4497 exaequare
1083 4443 1182 4497 accepta
1201 4444 1224 4485 et
1242 4437 1305 4486 data
1341 4436 1372 4487 tu

318 4505 660 4565 nerporiarretcommeatos
689 4502 805 4551 hieritae
824 4504 879 4550 mit·
931 4502 964 4550 tt·
984 4502 1086 4551 Manum.
1105 4502 1182 4561 40μὶ
1210 4503 1372 4568 lliusparr‘ata

318 4569 387 4618 liario
411 4571 524 4632 tempori,
558 4568 628 4628 longa
658 4569 752 4619 seilicet
774 4570 879 4625 brevior,
930 4571 1008 4628 datia,
1029 4571 1058 4617 de
1077 4571 1166 4633 quibos
1184 4570 1307 4621 vocabulis
1319 4572 1372 4622 etr

318 4646 342 4686 et
365 4638 454 4686 idcirco
479 4635 574 4685 facilior
597 4643 651 4683 ante
678 4638 781 4698 extingui
806 4651 878 4699 qttam
931 4638 1041 4696 cangium
1059 4651 1079 4685 s.
1091 4652 1111 4687 r.

318 4704 487 4754 redaccendi.“
536 4702 595 4751 lbid.
626 4718 679 4764 cap.
697 4703 730 4753 32
760 4703 879 4762 „llollitia
964 4703 988 4752 d.
1007 4705 1138 4754 laciniosae
1162 4706 1223 4755 ritae
1246 4712 1270 4754 rt
1288 4704 1372 4768 imptis

316 4773 396 4832 lacae,
415 4772 514 4821 mollitia
528 4771 633 4834 plumae,
650 4777 742 4834 pariant
761 4773 879 4820 naturalia
931 4785 1004 4832 sopra
1024 4772 1105 4835 capt
1132 4781 1175 4834 „et
1192 4773 1254 4835 lepis
1270 4773 1372 4825 turma

317 4854 408 4900 aarum,
432 4840 579 4889 substantiva
604 4852 651 4887 nou
673 4837 798 4903 panoat.“
845 4839 880 4889 lle
931 4838 977 4887 bus
995 4839 1159 4903 expeditum.“
1183 4839 1372 4905 Ctllai'irplt
