3242 5775
581 606 620 651 ns
640 605 883 652 sssmnserrone
905 607 1018 653 esaum.
1315 593 1378 659 493

217 756 320 839 ”quod
341 749 449 838 plures
464 776 552 821 voces
574 776 677 821 eorum
699 757 796 821 nudae
817 765 848 821 et
869 758 1019 841 simplices
1048 767 1079 821 et
1099 757 1136 820 ab
1165 758 1247 821 omni
1266 758 1378 841 allego·

216 860 273 923 riae
295 858 398 922 nubilo
418 878 511 941 purae
532 858 649 922 delendi
672 859 841 940 ¹⁹possunt:
862 868 896 923 ut
916 879 983 923 eum
1005 859 1252 941 exitusgentium
1274 868 1305 923 et
1325 879 1378 924 ur·

215 962 294 1024 lium
325 969 484 1034 resonant,
520 960 590 1042 Tyri
622 970 652 1023 et
679 962 801 1043 Aegypti
834 970 865 1024 ot
890 960 1047 1043 Babylonis
1079 961 1138 1025 ¹”st
1163 961 1318 1025 idumaeae
1349 970 1380 1025 et

215 1051 530 1141 ”Carthaginiensium
550 1062 678 1138 narium,
700 1071 734 1126 ut
754 1082 820 1147 eum
842 1063 937 1145 ipsius
950 1063 1074 1125 israelis
1087 1062 1187 1144 plagas
1201 1070 1252 1125 ant
1265 1062 1378 1138 renim,
1439 1055 1444 1062 ’

215 1163 414 1246 captivitates,
435 1165 659 1237 restitutiones,
682 1164 859 1245 ultimaeque
880 1164 1075 1246 dispersionis
1098 1164 1207 1227 exitum
1229 1174 1378 1245 perorant.

216 1266 287 1341 Quis
308 1266 383 1328 haec
403 1264 672 1345 ”interpretabitur
698 1266 791 1345 magis
820 1284 907 1347 mam
934 1265 1150 1347 recognoscet?
1193 1266 1254 1328 lies
1274 1265 1305 1328 in
1327 1266 1378 1329 lit·

214 1367 284 1430 teris
313 1376 453 1429 tenentur
480 1366 542 1429 ¹³ut
567 1366 682 1429 litterae
710 1367 741 1429 iu
763 1368 852 1428 relius
875 1366 1049 1448 ’‘leguntur.
1102 1367 1146 1430 ltu
1172 1386 1233 1429 nou
1260 1384 1404 1448 semper·

216 1487 266 1533 neo
288 1468 320 1531 in
343 1468 480 1531 omnihus
501 1468 655 1549 allegorica
676 1470 772 1530 torma
793 1477 840 1531 est
860 1468 1024 1550 prophetici
1046 1468 1171 1551 eloquii,
1201 1469 1257 1533 sed
1284 1468 1378 1532 iuter·

217 1571 282 1634 dom
306 1578 337 1633 et
357 1570 388 1631 iu
410 1570 595 1649 quibusdam.

297 1672 330 1734 Si
353 1689 423 1750 ergo
447 1670 592 1733 interdum
615 1679 646 1733 et
659 1672 690 1732 iu
705 1669 891 1751 quibusdam,
914 1670 1022 1751 inquis,
1044 1690 1097 1734 cur
1117 1689 1178 1733 non
1193 1680 1224 1734 et
1236 1671 1268 1734 iu
1282 1671 1449 1744 edictocp
1458 1683 1513 1730 m.

220 1772 461 1838 resurrectionis·
488 1773 678 1853 ¹spiritaliter
707 1771 942 1852 intellegendae?
984 1771 1149 1847 'Quoniam
1171 1773 1289 1854 quidem
1310 1772 1379 1854 pls-

222 1877 287 1939 rims
301 1875 379 1937 ratio
395 1874 559 1937 interestis.
592 1875 693 1936 Primo
715 1874 793 1936 enim
817 1872 886 1954 quid
908 1874 1016 1938 lauant
1035 1874 1099 1938 'tot
1118 1892 1154 1937 ac
1173 1873 1241 1937 talia
1263 1874 1378 1938 insun-
1429 1927 1436 1935 .

223 1986 311 2041 nuta
333 1975 461 2050 disinal,
494 1975 532 2037 ita
561 1985 662 2057 aperte
689 1975 873 2055 corporalem
902 1976 1097 2051 contestantia
1118 1978 1379 2052 resurrectionen,

226 2088 249 2141 ut
269 2078 378 2142 nullam
400 2077 554 2139 admittant
575 2078 715 2157 figuratae
736 2077 948 2156 significantiae
969 2077 1193 2158 suspicionem?
1228 2077 1266 2141 Et
1280 2078 1381 2158 utique

228 2199 341 2261 aequom
363 2178 449 2252 ἐῆν,
478 2179 557 2258 quod
580 2187 609 2240 et
631 2178 741 2259 supra*
763 2178 1019 2253 demandavimus,
1047 2178 1158 2241 ineerta
1180 2179 1217 2242 de
1239 2179 1328 2242 certis
1351 2187 1381 2242 et

231 2281 341 2346 olemus
363 2282 401 2344 de
423 2278 588 2341 manifestis
609 2279 821 2360 praeiudicari,
849 2279 894 2342 rel
922 2298 960 2343 ne
982 2280 1059 2343 iuter
1080 2280 1259 2343 discordiam
1280 2290 1379 2343 certo·

232 2400 282 2447 tum
301 2392 332 2446 et
352 2383 550 2455 incertorum,
583 2382 806 2443 manilestorum
835 2390 866 2443 et
887 2380 1080 2445 obscurorum
1110 2381 1183 2445 fldes
1206 2382 1379 2464 dissipetur,

201 2496 203 2501 ’
234 2484 321 2548 recitas
343 2482 539 2564 periclitetur,
569 2483 631 2562 ipsa
659 2483 794 2545 diuinitas
823 2491 855 2544 ut
882 2483 1053 2546 inconstans
1076 2485 1243 2547 denotetur.
1286 2483 1379 2546 'Tum

236 2587 297 2664 qood
316 2584 476 2650 verisimile
497 2602 559 2644 uon
581 2595 645 2645 est·
671 2593 703 2646 ut
731 2603 766 2645 ea
787 2584 920 2665 ⁶species
943 2584 1117 2648 sacrmenti
1144 2585 1175 2646 in
1197 2603 1284 2666 quam
1305 2585 1379 2648 tides

237 2693 282 2748 tota
299 2685 508 2759 committitur,
531 2685 560 2746 in
582 2703 668 2764 quam
691 2683 848 2764 disciplina*
866 2695 927 2748 tota
950 2686 1126 2760 connititur,
1148 2685 1285 2768 ambigue
1306 2685 1378 2751 'an-

238 2789 346 2852 nuntiata
369 2795 400 2851 et
422 2787 548 2849 obscure
570 2786 738 2866 ⁸proposita
757 2785 900 2862 rideatur,
923 2788 1040 2869 quando
1056 2805 1126 2868 spes
1141 2773 1379 2864 resurrectionis,

239 2888 280 2952 uisi
296 2891 448 2955 manifesta
471 2889 507 2950 de
528 2889 661 2969 periculo
681 2898 710 2951 et
724 2891 872 2969 praemio,
894 2890 1043 2952 neminem
1064 2889 1101 2952 ad
1123 2890 1269 2954 eiusmodi
1289 2908 1379 2972 prae·

240 2992 319 3057 serim
347 2991 538 3072 religionem,
571 2991 688 3070 publico
718 2992 787 3054 odio
810 3003 839 3054 et
860 2992 960 3055 hostili
983 2991 1078 3072 elogio
1100 2993 1275 3068 obnoxiam,
1307 3012 1379 3075 per·

242 3093 365 3159 luteae
398 3092 514 3155 Nullum
538 3112 613 3173 opus
636 3101 746 3155 eertum
770 3104 816 3156 est
836 3093 982 3155 mercedis
997 3093 1136 3156 incertae.
1172 3090 1276 3157 Nullus
1291 3095 1381 3158 timor

242 3189 315 3259 tuus
334 3206 380 3260 est
402 3193 524 3275 periculi
546 3194 637 3256 dubii.
675 3196 712 3256 lit
734 3214 848 3257 meroes
870 3204 967 3257 autem
990 3203 1019 3258 et
1039 3195 1202 3274 perieulum
1223 3196 1253 3256 in
1275 3215 1379 3259 resur·

241 3294 360 3361 rectem
388 3296 498 3377 pendet
519 3303 633 3357 eventu.
680 3297 757 3358 ⁹Sed
786 3305 817 3358 et
844 3295 870 3358 si
894 3296 1064 3375 temporalia
1087 3303 1117 3356 et
1136 3296 1236 3356 localia
1259 3305 1289 3357 et
1308 3315 1379 3377 per-

237 3398 329 3463 sonalia
353 3398 402 3461 dei
424 3399 540 3459 decreta
562 3407 648 3476 atque
670 3397 775 3459 iudicia
803 3397 834 3457 in
863 3396 953 3459 urbes
981 3406 1010 3459 et
1031 3404 1134 3475 gentes
1157 3406 1185 3457 et
1206 3414 1292 3475 reges
1321 3405 1379 3458 tam

236 3495 359 3580 ”amnas
379 3499 534 3582 prophetia
557 3500 678 3561 iaculata
701 3507 761 3571 est,
784 3497 871 3578 quale
890 3506 937 3560 est
958 3506 991 3559 ut
1011 3506 1147 3559 aeternae
1165 3496 1378 3576 dispositiones

234 3651 324 3722 liquo
342 3657 366 3706 d.
421 3654 460 3703 19.
480 3653 574 3718 possint
591 3655 642 3703 ted.
677 3659 777 3715 possent
795 3651 903 3716 liupr.
955 3648 995 3701 20.
1014 3650 1148 3701 eloneo.
1196 3649 1237 3701 21.
1255 3650 1378 3715 Carthagi·

231 3724 400 3786 sissimus,
421 3725 448 3772 de
467 3725 517 3772 eod.
537 3723 568 3770 lo.
581 3722 706 3770 Clementis.
743 3719 964 3783 Carthaginensium
981 3720 1073 3783 reliqui.
1113 3716 1154 3768 22.
1173 3719 1378 3785 interpreteturll.

230 3788 264 3840 21.
281 3800 305 3843 st
321 3808 365 3842 osu.
376 3793 403 3841 A.
454 3789 494 3838 21.
514 3790 622 3851 legantur
641 3791 690 3838 ted.

287 3859 343 3925 Cep.
362 3858 420 3910 xxi.
467 3860 487 3907 l.
507 3857 715 3922 spiritualitatis,
735 3858 827 3920 utique.
880 3852 902 3903 2.
921 3855 1033 3920 qnoniam
1052 3856 1132 3905 om.l.
1184 3852 1208 3905 3.
1227 3862 1261 3904 tot
1279 3853 1379 3905 aetalia

228 3927 272 3978 led
304 3935 338 3978 tot
356 3928 403 3976 alis
420 3927 512 3991 reliqui.
564 3924 587 3973 4.
607 3934 642 3973 est
660 3924 778 3974 sicetl.
825 3923 849 3972 5.
867 3932 922 3972 tuuc
941 3923 983 3972 BC.
1027 3921 1051 3972 6.
1070 3938 1126 3988 spes
1144 3925 1203 3973 roei.
1223 3924 1380 3975 ludoudelo

228 3995 299 4046 cere
350 3995 375 4046 ’1.
393 4003 495 4044 suouats
514 3994 556 4043 BC.
609 3992 631 4041 8.
651 3993 803 4055 pronuntiata
821 4000 892 4055 atque
909 3991 1033 4054 proposita
1051 3991 1075 4040 A„
1126 3989 1151 4040 11.
1169 3991 1217 4042 Sed
1236 3999 1259 4041 et
1276 3991 1296 4041 si
1314 3992 1380 4043 sled.

227 4062 347 4116 tuisse
402 4063 440 4112 ll).
459 4070 540 4127 aperte
560 4064 592 4122 d.,
612 4062 724 4110 latinius.

255 4165 311 4230 Cap.
329 4164 387 4215 111.
430 4179 451 4212 a.
479 4164 555 4211 edicte
580 4156 776 4224 resurrectionis}
829 4158 1381 4222 utsintqueedemeorumobscuriore,noune
1483 4157 1488 4169 '

226 4235 278 4297 Cap.
297 4231 327 4283 18
346 4233 451 4282 dixerat:
476 4231 581 4290 „Unum
599 4230 694 4292 opinor,
713 4230 776 4291 apud
828 4241 930 4292 aequum
949 4227 1020 4276 luerit
1038 4233 1093 4276 cett.

225 4316 303 4352 omnes
326 4301 431 4351 edietm
456 4300 492 4348 dei
518 4299 606 4361 pendet
631 4297 777 4346 resurreetio
830 4299 833 4302 ’
862 4316 1115 4383 d.suprelep.19.

225 4371 398 4419 mensorem.“
1093 4411 1120 4421 ..
1149 4411 1153 4421 Ι

255 4437 277 4487 b.
295 4439 453 4488 instrumenta
471 4428 560 4497 divina]
584 4433 722 4495 Scriptnrae
740 4431 777 4481 di·
862 4429 882 4463 ⁰·
901 4412 960 4462 Tum
980 4404 1293 4477 q⁰⁰dlef¹⁸¹ffl¹¹⁰¹¹⁰²⁶⁸ll
1312 4412 1381 4474 Tmo
1416 4424 1419 4429 ’

224 4506 294 4555 unse.
322 4505 358 4554 Cl.
376 4518 449 4565 supra
468 4518 520 4566 cap.
534 4502 571 4550 18.
599 4503 638 4550 Sic
651 4501 684 4549 lle
700 4500 777 4549 Carne
828 4481 952 4559 ilq⁰l¹‘.⁰²
969 4479 1022 4529 11100
1041 4494 1088 4558 ⁰9¹¹
1105 4480 1156 4559 9111,
1168 4480 1312 4531 fldffllst‘fl‘st
1328 4479 1382 4557 ‚⁸93¹

224 4571 462 4633 cerasum
480 4578 532 4629 „tot
550 4571 674 4632 ,spinaira
690 4570 778 4616 imm,
829 4548 904 4600 rrtolrs
914 4555 1078 4611 interpretatio
1087 4547 1158 4599 dirim
1167 4549 1197 4600 de
1206 4555 1381 4600 rmumectsone

223 4640 392 4691 antechristi
411 4638 605 4688 delerellsreiou
625 4651 697 4685 ausus
714 4635 778 4685 ιη’*
829 4616 927 4681 eloquii,
945 4615 1009 4680 <l¹¹⁰d
1028 4623 1081 4667 2811·

223 4708 246 4758 ll.
263 4724 325 4774 qnae
349 4708 457 4772 exempla
482 4707 599 4769 adscripsi
624 4706 652 4754 sd
676 4703 776 4767 tpolog.
862 4702 879 4750 i.
905 4708 952 4750 tam
977 4694 1071 4767 aperte]
1103 4701 1221 4752 Strrrends
1244 4705 1301 4750 sunt
1322 4697 1382 4747 hese

223 4792 274 4840 esp.
285 4775 326 4827 18.
829 4783 883 4819 cum
915 4769 949 4819 eis
975 4783 1035 4832 qnae
1064 4770 1238 4834 praecedebant
1267 4765 1380 4828 „decreta

257 4861 277 4895 e.
296 4845 327 4896 Et
344 4845 425 4910 adque
444 4857 544 4908 aequom
564 4836 606 4905 sit]
624 4841 680 4902 Sed,
695 4839 778 4904 inquit,
829 4845 900 4902 etque
917 4836 1029 4888 iudicia.“
