3242 5775
292 655 297 676 '¹
341 611 405 711 436
585 659 702 725 ,omnm
724 657 857 704 suerrum
876 649 1041 702 monueris
1063 656 1258 701 rrnruuuurrr

339 783 490 876 ¹'‘c'uruem
504 810 549 873 'de
570 809 720 884 sideribus
740 808 925 890 concepisse.
963 807 996 870 Si
1017 826 1078 869 non
1099 807 1247 888 probant,
1270 806 1337 888 quia
1359 825 1416 869 neo
1438 807 1519 870 seri·

342 923 427 998 ptum
448 920 510 987 cst,
541 930 597 974 neo
618 899 727 974 Christi
750 930 819 974 cero
841 911 910 972 inde
933 909 1003 984 erit,
1026 909 1072 972 cui
1094 910 1266 989 angelorum
1289 909 1518 973 accommodant

188 1069 193 1088 .
301 1023 306 1032 ”
344 1003 521 1097 ¹exemplum.
557 1013 680 1076 Constat
700 1012 822 1092 angelos
845 1031 962 1074 carnem
985 1028 1045 1074 non
1060 1009 1210 1091 propriam
1232 1011 1413 1091 ³⁷portasse,
1438 1011 1517 1074 “ut-

342 1125 415 1204 pote
436 1115 569 1178 ”netum
590 1114 772 1178 substantiae
798 1114 988 1195 ωερίιίιιιίε,
1021 1113 1077 1175 ειεί
1105 1112 1269 1193 ⁶¹corporis
1297 1112 1438 1186 alicuius,
1470 1112 1518 1175 sui

343 1225 442 1281 tumen
463 1215 597 1298 generis,
619 1215 650 1278 in
672 1234 791 1279 curnem
813 1222 911 1276 autem
933 1216 1089 1277 humanam
1113 1214 1361 1295 transugurabites
1385 1215 1422 1277 ad
1437 1221 1518 1276 tem·

343 1337 400 1401 pus
421 1317 541 1381 ”rideri
564 1325 595 1381 et
614 1317 782 1398 ”congredi
805 1337 872 1379 cum
894 1316 1066 1378 bominibus
1088 1336 1191 1396 posse.
1236 1317 1327 1397 lgitur
1349 1335 1416 1377 cum
1438 1315 1520 1377 rela-

344 1429 408 1484 tum
429 1438 490 1483 uon
512 1419 550 1482 sit
564 1419 643 1482 unde
656 1419 868 1499 “sumpserint
882 1437 1015 1491 carnem,
1038 1418 1212 1497 relinquitur
1226 1416 1386 1480 intellectui
1407 1425 1519 1479 nostro

344 1540 406 1586 non
428 1521 562 1583 dubitare
583 1522 641 1583 boc
662 1541 731 1583 esse
753 1520 906 1602 proprium
930 1520 1076 1600 angelicae
1097 1519 1269 1601 potestatis,
1293 1539 1328 1581 ex
1350 1519 1430 1580 nulla
1453 1537 1520 1581 ma-

346 1623 420 1686 teria
442 1641 551 1704 corpus
574 1622 631 1684 sibi
648 1642 776 1685 sumere.
810 1623 928 1696 Quanto
944 1621 1053 1701 magis,
1076 1621 1185 1701 inquis,
1209 1641 1245 1683 ex
1259 1615 1408 1701 ⁸³aliqua?
1442 1621 1517 1683 Cer·

345 1731 408 1787 tum
431 1731 487 1787 est.
531 1723 591 1785 Sed
612 1723 685 1785 nibil
708 1724 744 1785 de
765 1723 851 1785 “boc
871 1732 1003 1796 constat,
1033 1724 1100 1803 quia
1131 1724 1277 1804 scriptura
1300 1740 1361 1784 nou
1384 1720 1519 1784 exhibet.

335 1825 483 1910 ¹Ceterum
504 1824 583 1905 ⁸⁷qui
604 1825 701 1887 valent
721 1827 819 1906 lacere
842 1807 1021 1905 semetipsos
1044 1825 1123 1905 quod
1145 1836 1248 1886 natura
1270 1843 1331 1885 non
1352 1831 1440 1896 suut,
1462 1843 1519 1886 cur

344 1929 407 2013 ¹non
430 1928 543 1990 soleant
562 1925 626 1988 “ex
649 1926 726 1988 nulla
741 1925 934 1989 “substantia
949 1924 1069 1990 lacere?
1101 1927 1132 1989 si
1155 1928 1230 1988 liunt
1250 1927 1335 2006 quod,
1351 1945 1412 1987 non
1435 1937 1518 1999 sunt,

347 2047 400 2092 cur
420 2046 482 2089 non
502 2028 566 2090 '⁰ex
588 2045 624 2089 eo
646 2027 745 2090 ”llant
767 2030 846 2108 quod
862 2047 921 2089 non
938 2026 1005 2091 est?
1039 2028 1126 2101 Quod
1148 2028 1274 2090 ''autem
1297 2047 1358 2089 non
1381 2035 1429 2089 est
1451 2048 1518 2091 cum

346 2129 395 2205 fit,
418 2149 454 2192 ex
475 2128 568 2192 nihilo
592 2138 648 2191 ost.
691 2129 853 2209 Propterea
874 2149 929 2193 nec
949 2130 1137 2210 ⁷³requiritur
1167 2149 1221 2192 nec
1249 2129 1418 2192 ostenditur
1446 2130 1518 2208 quid

347 2229 479 2312 ”postea
501 2232 608 2293 luctum
635 2231 675 2293 sit
696 2231 871 2311 corporibus
895 2232 1022 2293 illorum.
1069 2231 1155 2304 Quod
1178 2231 1215 2292 de
1238 2231 1329 2292 nihilo
1352 2231 1423 2305 suit,
1446 2231 1520 2292 nihil

347 2333 454 2396 lactum
477 2341 534 2394 εει.
575 2332 705 2395 Possunt
726 2333 798 2394 nihil
820 2333 916 2413 ipsum
939 2342 1111 2395 convertero
1134 2333 1164 2394 in
1187 2351 1305 2394 carnem
1327 2333 1377 2412 qui
1404 2341 1519 2395 semet-

346 2433 432 2516 ipsos
453 2442 616 2515 potuerunt
637 2443 811 2496 convertere
833 2435 863 2496 in
886 2453 1014 2497 carnem.
1065 2435 1134 2497 Plus
1158 2443 1203 2496 εει
1223 2435 1387 2496 ²⁵naturam
1410 2433 1515 2497 demu-

346 2545 410 2599 tare
431 2553 519 2614 quarn
540 2537 636 2597 iacere
659 2537 820 2598 materiam.
863 2536 951 2598 '‘Sed
973 2545 1002 2597 et
1024 2536 1049 2598 si
1072 2536 1109 2598 de
1130 2537 1253 2598 materia
1283 2554 1410 2598 necesse
1432 2535 1519 2599 ”luit

344 2623 470 2715 'angelos
492 2636 659 2717 sumpsisse
680 2656 816 2710 carnem,
839 2637 1008 2700 credibilius
1031 2638 1132 2717 utiquc
1149 2647 1197 2699 εει
1211 2637 1247 2699 de
1263 2645 1381 2700 terrena
1396 2639 1520 2700 materia

349 2736 494 2816 quamde
517 2738 576 2799 ullo
599 2757 707 2817 genere
729 2739 898 2800 caelestium
921 2740 1168 2811 substantiarum,
1198 2758 1264 2800 curn
1286 2739 1359 2801 adeo
1383 2747 1524 2801 terrenae

349 2838 496 2919 qualitatis
519 2838 676 2903 ”extiterit
696 2848 730 2901 ut
751 2840 878 2903 terrenis
900 2841 1016 2922 pabulis
1038 2850 1122 2922 pasta
1137 2841 1187 2903 sit.
1219 2840 1360 2914 '⁹Fuerit,
1384 2838 1423 2902 sit
1437 2858 1524 2903 uurrc

346 2956 468 3021 ¹quoque
490 2941 605 3004 siderea
627 2941 762 3004 ”eodem
783 2942 873 3003 modo
896 2942 1024 3004 terrenis
1039 2942 1153 3022 pabulis
1169 2952 1251 3023 pasta
1266 2940 1380 3023 quondo
1396 2952 1521 3004 terrena

348 3058 410 3103 nou
432 3051 526 3116 esset,
549 3042 639 3124 ⁸¹quo
661 3051 778 3105 terrena
801 3043 975 3106 coelestibus
998 3054 1082 3125 pasta
1099 3054 1144 3106 est
1159 3045 1275 3124 quando
1297 3042 1432 3106 caelestis
1454 3063 1523 3106 non

198 3140 432 3246 mv’jfpmesset
452 3144 590 3224 (legimus
612 3144 692 3207 euim
718 3163 826 3207 manna
854 3146 919 3209 esui
946 3146 1057 3226 populo
1086 3146 1196 3208 luisse:
1228 3146 1354 3219 Panem,
1381 3144 1525 3227 ⁸'inquit

350 3244 521 3325 angelorum
543 3244 604 3309 edit
623 3247 737 3324 homo),
760 3266 820 3309 non
843 3255 940 3310 tamen
962 3247 1131 3328 infringitur
1152 3247 1244 3309 semel
1266 3248 1430 3328 ”seperate
1445 3267 1524 3311 con·

350 3346 423 3409 ditio
446 3345 610 3410 dominicae
632 3348 729 3422 carnis
752 3367 896 3411 excausa
925 3349 1045 3412 alterius
1068 3348 1286 3430 dispositionis.
1330 3349 1428 3412 Homo
1451 3370 1525 3413 vere

260 3522 264 3535 Ι
350 3448 468 3512 iuturus
491 3450 644 3531 usquead
665 3459 793 3514 mortem
815 3470 881 3533 epm
906 3470 1024 3514 carnem
1054 3451 1210 3532 oportebat
1237 3451 1404 3514 ”indueret
1435 3453 1524 3516 cuius

351 3548 430 3614 “est
451 3570 544 3614 mors.
587 3553 658 3615 Eam
680 3572 772 3635 porro
794 3566 929 3628 carmem,
957 3554 1041 3615 cuius
1069 3554 1145 3616 “est
1172 3571 1270 3629 mors,
1305 3553 1442 3617 nativitas
1465 3574 1523 3617 an-

351 3653 470 3718 tecedit
1321 3720 1325 3727 ,

227 3773 335 3833 caeru.
437 3754 498 3817 Sed
519 3755 657 3836 quotiens
680 3754 717 3817 de
737 3756 889 3818 nativitate
910 3756 1112 3832 contenditur,
1139 3752 1263 3833 omnes,
1297 3756 1347 3839 qui
1375 3766 1527 3839 respuunt

352 3939 394 3992 66.
412 3955 508 3992 amem
526 3941 557 3991 de
573 3942 693 3993 sideribus
711 3945 852 4008 concepisse
861 3945 903 3995 tr.
938 3944 968 3994 de
985 3944 1104 3994 sideribus
1122 3947 1245 4010 accepisse
1263 3944 1424 3995 substantiam
1443 3947 1525 3996 carnis

350 4011 444 4073 reliqui,
464 4016 485 4059 et
501 4010 609 4076 ldontiqu
653 4010 694 4061 67.
713 4020 824 4074 portasse
841 4014 866 4062 d.
901 4021 1010 4076 quiesse
1027 4014 1119 4077 reliqui,
1140 4014 1282 4078 etllosts'rp.
1317 4012 1358 4063 ts.
1378 4022 1462 4078 utpote
1478 4016 1523 4065 Ad.

352 4084 436 4141 utpute
453 4078 560 4144 ilostiqr.
595 4087 678 4144 utpute
694 4082 787 4145 reliqui.
840 4079 881 4130 53.
899 4081 983 4130 nature
1001 4081 1147 4144 dtltiqottius
1165 4084 1190 4130 in
1207 4083 1231 4131 t.
1250 4083 1305 4145 lecit
1323 4095 1336 4130 u
1356 4082 1522 4141 natcrslbllo.

352 4144 460 4209 llontisp.
502 4154 600 4197 neturus
619 4149 653 4198 be.
694 4155 792 4198 naturas
810 4148 834 4197 6.
875 4157 983 4199 naturum
1003 4149 1025 4198 6.
1085 4148 1124 4198 bd.
1151 4149 1284 4213 spiritualis
1310 4149 1342 4209 0,
1362 4151 1449 4214 ubique
1465 4154 1525 4214 (ere.

353 4211 395 4263 dt.
415 4214 548 4276 corporalis
565 4216 590 4265 t.
625 4230 715 4278 eorpus
732 4216 756 4265 ll.
809 4213 851 4265 62.
869 4216 943 4265 rideri
961 4218 1002 4267 td.
1044 4224 1070 4266 ut
1087 4217 1159 4266 rideri
1177 4218 1268 4282 reliqui,
1288 4223 1309 4265 et
1326 4217 1436 4281 iloutiep.
1479 4217 1521 4267 63.

342 4282 467 4344 ¹cooqrcdi
485 4297 539 4332 cum
557 4285 731 4341 (concreditum
748 4283 784 4342 A.)
802 4283 940 4333 bominibus
958 4299 1031 4349 posse
1048 4286 1072 4334 t.
1124 4285 1164 4335 bd.
1188 4285 1319 4348 sumpserit
1336 4286 1362 4334 t.
1415 4284 1457 4335 66.
1475 4285 1523 4335 uli-

354 4363 402 4413 qno
421 4349 446 4399 6.
497 4350 536 4400 66.
557 4351 602 4401 boc
619 4353 645 4402 t.
680 4366 709 4402 eo
726 4352 820 4416 reliqui,
839 4359 860 4401 et
877 4351 984 4418 Momirp.
1032 4351 1072 4402 bi.
1091 4354 1147 4417 quia
1165 4352 1214 4405 u..
1244 4352 1285 4402 66.
1305 4366 1333 4402 ex
1350 4352 1412 4402 ARG.
1449 4355 1523 4403 etium

354 4418 630 4469 succentoriam.
665 4427 689 4468 et
705 4434 733 4469 ea
750 4420 808 4470 llcb.
826 4418 932 4485 llontisp.
984 4420 1025 4470 69.
1043 4421 1201 4470 substantiam
1220 4421 1264 4470 BD.
1282 4421 1392 4485 ldostisp.
1438 4420 1480 4471 tu.
1498 4430 1524 4471 et

355 4498 384 4534 ex
402 4483 424 4533 G.
442 4485 549 4551 Idcotiap.
601 4486 642 4537 ll.
660 4488 701 4536 det
718 4489 743 4537 t.
786 4488 888 4537 flontll.
940 4487 980 4537 tt.
999 4490 1104 4552 auttrp.
1157 4488 1197 4538 73.
1215 4489 1361 4554 relinquitur
1377 4503 1438 4552 osup.
1480 4488 1523 4539 li.

337 4560 441 4617 ¹postes
458 4568 502 4602 cnr.
516 4554 542 4603 t.
592 4554 635 4605 ib.
652 4563 762 4605 naturum
780 4555 857 4619 ipsum
876 4555 999 4606 demetere
1018 4556 1043 4604 6.
1094 4555 1135 4606 tu.
1154 4556 1201 4607 Sed
1220 4565 1244 4606 et
1261 4558 1282 4606 si
1299 4558 1341 4607 ta.
1377 4555 1426 4606 Sed
1443 4557 1466 4607 si
1482 4572 1525 4608 re-

355 4621 423 4686 liqui,
443 4627 464 4671 et
480 4620 586 4687 Mootiep.
632 4622 794 4674 tutotuto.
828 4623 915 4674 luisset
930 4625 1024 4688 reliqui,
1042 4630 1063 4673 rt
1080 4624 1188 4689 Montisp.
1232 4623 1273 4675 76.
1293 4624 1400 4675 existerit
1416 4625 1443 4676 Α.
1478 4624 1521 4675 il).

355 4689 446 4749 Fuerit,
463 4688 494 4738 sit
512 4703 576 4741 nune
592 4692 618 4741 t.
658 4691 738 4741 Fuerit
756 4706 820 4742 cunc
836 4694 903 4742 sbcd.
944 4690 1011 4742 lione
1029 4693 1064 4740 eir
1082 4691 1144 4742 uon.
1162 4692 1269 4758 idontirp.
1328 4690 1370 4743 80.
1389 4692 1475 4743 eodem
1495 4695 1524 4745 6.

357 4756 398 4809 61.
417 4769 471 4808 cum
488 4772 547 4820 unq.
598 4755 640 4808 62.
657 4758 741 4824 inquid
763 4760 816 4823 66.,
834 4769 860 4810 ut
876 4761 943 4812 solet.
999 4758 1040 4809 63.
1058 4768 1169 4824 seperate
1193 4761 1226 4823 0.,
1242 4777 1285 4826 pro
1302 4776 1374 4812 sucre.
1435 4760 1478 4812 64.
1498 4769 1529 4811 ιιι

355 4825 467 4946 prppspret
483 4827 550 4877 obed.
602 4824 642 4877 65.
661 4835 684 4877 ιι
700 4827 743 4890 ιβ.
800 4826 843 4880 66.
860 4836 884 4879 st
900 4829 943 4892 ιβ.
966 4853 1001 4863 -
1027 4827 1117 4880 Codicis
1138 4828 1247 4895 ilostisp.
1263 4831 1391 4895 scripturus
1409 4835 1529 4881 onuotore

428 4910 501 4946 esrso.
