3242 5775
275 629 338 694 stt
529 641 631 693 onrurr
654 639 783 684 serrum
807 638 972 682 ruonaurrs
994 635 1191 681 raurouuurtr

276 809 386 873 corpus
408 791 438 852 id
460 789 539 868 quod
561 790 593 850 in
614 797 755 869 promptu
777 787 833 862 sit,
856 806 924 850 caro
947 786 1076 858 scilicet,
1098 803 1175 866 quae
1200 785 1281 848 sicut
1303 784 1453 849 occidetur
1514 825 1529 868 ἓ

275 895 307 956 in
329 893 509 972 gehennam,
538 890 649 951 sinon
672 889 765 967 magis
786 907 803 950 a
826 888 882 949 deo
906 886 1038 949 timuerit
1066 887 1177 961 occidi,
1206 885 1248 948 ita
1270 894 1303 948 et
1325 886 1449 948 virilius·
1513 927 1529 964 .-

274 993 406 1056 biturio
427 992 516 1053 vitam
538 1000 703 1062 aeternam,
727 988 754 1049 si
776 989 913 1050 maluerit
934 988 970 1050 ab
993 987 1166 1049 hominibus
1191 987 1295 1067 potius
1318 986 1447 1048 interfici.
1509 1027 1529 1066 ,t

274 1093 405 1156 Proinde
427 1092 453 1153 si
475 1091 541 1171 quis
564 1090 745 1153 occisionem
775 1089 873 1150 carnis
902 1096 989 1168 atque
1018 1087 1133 1150 animae
1161 1087 1191 1148 in
1220 1089 1388 1167 gehennam
1413 1087 1445 1149 ad
1484 1113 1529 1170 η,

275 1193 428 1256 interitum
450 1201 480 1253 et
500 1192 590 1252 linem
612 1190 768 1270 utriusque
784 1189 968 1250 substantiae
982 1187 1119 1267 arripiet,
1142 1205 1204 1249 nou
1220 1188 1257 1250 ad
1273 1189 1444 1269 supplicio·
1506 1232 1529 1271 ,3

276 1293 373 1374 (quasi
396 1292 681 1363 consumendarum,
704 1309 766 1351 uon
786 1290 872 1369 quasi
889 1289 1135 1369 puniendarum),
1156 1289 1336 1351 recordetur
1355 1289 1442 1368 igneo
1511 1329 1529 1352 -.

276 1394 429 1474 gehennae
451 1401 604 1453 aeternum
626 1390 790 1470 praedicari
811 1390 842 1451 in
865 1409 991 1470 poenam
1015 1398 1182 1464 aeternam,
1207 1398 1239 1451 et
1261 1389 1332 1451 inde
1352 1398 1441 1451 aeter·
1514 1439 1529 1474 ,Ἀ

275 1495 399 1556 nitatem
422 1492 582 1554 occisionis
604 1499 746 1571 agnoscat
767 1498 926 1570 propterea
957 1491 1103 1552 humanae
1124 1499 1158 1552 ut
1179 1489 1336 1569 temporali
1362 1507 1439 1569 prac-
1517 1545 1529 1560 ,

275 1594 447 1656 timendam.
485 1593 569 1654 Tunc
590 1601 620 1654 et
640 1601 774 1653 aeternas
796 1591 980 1652 substantias
1002 1591 1104 1653 credet
1124 1608 1249 1669 quarum
1272 1601 1389 1653 aeterna
1406 1589 1439 1650 sit
1511 1647 1514 1658 ,

229 1743 232 1748 .
277 1694 388 1758 occisio
411 1694 441 1755 in
463 1712 600 1773 poenam.
652 1692 738 1753 Certe
766 1711 833 1753 cum
862 1700 932 1771 post
962 1691 1213 1753 resurrectionem
1243 1708 1354 1772 corpus
1380 1707 1436 1751 utto
1513 1729 1516 1738 ·

276 1787 373 1857 anima
396 1793 490 1856 occidi
513 1792 620 1854 habeat
640 1792 673 1853 la
696 1793 752 1854 deo
775 1793 805 1854 iu
822 1792 1002 1872 gehennam,
1026 1792 1099 1856 satis
1121 1792 1157 1854 de
1178 1800 1309 1871 utroque
1330 1797 1435 1853 conata·

276 1895 335 1966 bit‚
359 1903 389 1957 et
409 1895 446 1956 de
468 1893 577 1955 carnali
599 1894 836 1966 resurrectione,
866 1901 895 1953 et
922 1893 960 1955 de
981 1900 1101 1955 aeterna
1124 1891 1285 1954 occisione.
1335 1891 1435 1952 Absur-
1501 1939 1511 1964 ·.

276 1995 434 2059 dissimum
455 1995 603 2073 alioquin,
627 1993 653 2054 si
676 1994 785 2055 idcirco
808 1994 984 2055 resuscitata
1004 2012 1073 2055 caro
1097 1993 1276 2057 ¹⁰occidatur
1291 1992 1322 2054 in
1337 1991 1436 2072 geben·
1501 2007 1529 2056 ἐι

276 2114 360 2169 nam,
382 2096 425 2157 uti
447 2096 580 2168 liniatur,
603 2094 681 2174 quod
704 2103 734 2157 et
755 2112 816 2154 uon
831 2095 1009 2156 resuscitata
1024 2101 1185 2173 patoretur.
1214 2093 1250 2154 ln
1264 2093 1325 2155 boc
1339 2090 1438 2154 scilieet
1502 2113 1529 2150 sa

275 2196 439 2270 reficietur,
463 2215 501 2258 ne
522 2196 562 2257 sit
582 2196 630 2257 cui
652 2214 713 2257 non
736 2213 805 2256 esse
827 2195 884 2255 iam
908 2196 1016 2256 evenit.
1053 2195 1157 2255 Eidem
1172 2211 1229 2256 nos
1245 2194 1311 2273 spei
1326 2191 1441 2255 fulciens
1507 2209 1511 2218 ·

123 2317 266 2372 assumas.
277 2315 434 2380 passerum
456 2314 575 2376 quoque
599 2295 778 2374 ''subiungit
799 2287 982 2375 exemplum,
1005 2296 1086 2374 quod
1108 2313 1145 2356 ex
1159 2294 1277 2357 duobus
1292 2292 1448 2356 noncadat
1523 2313 1529 2322 ·

277 2398 381 2461 ¹'alter
401 2397 432 2459 in
454 2407 563 2458 terram
585 2396 651 2458 sine
672 2397 719 2458 dei
747 2396 914 2469 voluntate,
941 2404 975 2458 ut
1003 2404 1033 2457 et
1061 2413 1179 2457 carnem
1208 2413 1284 2475 quae
1312 2391 1462 2456 ceciderit

265 2500 307 2560 'in
334 2506 444 2560 terram
473 2496 626 2576 ¹⁸proinde
655 2498 758 2559 credas
788 2505 819 2558 et
846 2513 1004 2574 resurgere
1038 2515 1130 2576 posse
1157 2513 1213 2575 per
1240 2495 1373 2557 eiusdem
1400 2487 1475 2554 dei

275 2598 467 2660 voluntatem.
510 2597 584 2656 Nam
606 2596 663 2657 etsi
685 2595 858 2676 passeribus
879 2594 938 2656 hoc
964 2596 1131 2668 nonlicet,
1166 2595 1220 2657 sed
1244 2593 1495 2657 14ιιιιειιιιΙιιβ

274 2696 449 2778 passeribus
477 2696 703 2767 ’'antestamus,
738 2715 774 2757 eo
804 2696 884 2775 quod
913 2696 1052 2757 cadentes
1080 2713 1291 2774 resurgamus,
1322 2699 1501 2775 quorun!

277 2798 404 2876 denique
426 2795 548 2876 capillos
570 2796 673 2876 capitis
696 2815 800 2857 ornnes
824 2796 997 2857 numeratos
1022 2795 1205 2857 ¹‘adfirmans
1228 2797 1328 2858 advos
1346 2795 1506 2874 utique

276 2898 466 2980 repromittit.
515 2897 671 2958 Perituros
702 2899 781 2958 euim
810 2916 886 2976 quae
913 2896 989 2959 ratio
1018 2898 1049 2959 in
1077 2908 1233 2959 numerum
1260 2877 1507 2977 redegisset&

148 2998 337 3072 10.vr‚assnisi
358 2997 425 3077 quia
447 2997 506 3058 hoc
527 3004 589 3071 est,
617 2998 656 3059 Ut
677 3016 781 3070 omne,
810 2998 891 3075 quod
912 3006 998 3077 pater
1019 2997 1091 3059 mihi
1113 2998 1209 3072 dedit,
1245 3016 1306 3060 non
1328 2997 1508 3078 perdarss

277 3116 314 3161 ex
336 3117 372 3160 eo
394 3097 566 3176 quicquam,
595 3097 625 3158 id
648 3107 771 3159 estnec
792 3098 945 3176 capillum,
973 3098 1050 3161 sicut
1077 3117 1134 3160 nec
1155 3098 1273 3161 oculum
1297 3117 1353 3161 nec
1373 3097 1509 3160 ιῙοιικ

161 3207 235 3250 Uetto·
276 3207 347 3262 tem.
381 3198 519 3260 Ceterum
539 3199 617 3260 uude
639 3198 697 3259 erit
716 3199 805 3260 lletus
828 3206 858 3260 et
879 3198 1038 3261 ¹⁷dentium
1059 3200 1196 3272 lrendor,
1219 3199 1277 3260 nisi
1300 3217 1336 3261 ex
1356 3196 1428 3261 oculi
1441 3199 1509 3249 Ξ

140 3257 262 3402 &ff
277 3307 307 3361 et
333 3300 396 3360 ”ex
425 3297 589 3360 dentibus?
626 3299 726 3360 occiso
756 3298 868 3360 scilicet
896 3298 985 3360 etiam
1013 3318 1139 3380 corpore
1167 3301 1198 3361 in
1225 3300 1391 3379 gebennam
1416 3287 1511 3357 Ξῖ

158 3362 261 3461 111ΙῖἎῖ
276 3399 399 3463 detruso
421 3400 452 3461 in
475 3399 612 3462 tenebras
642 3399 822 3470 exteriores,
850 3418 925 3478 quae
954 3399 1107 3461 oculorum
1135 3401 1256 3480 propria
1286 3408 1358 3461 sunt
1384 3408 1428 3461 tor
1443 3412 1511 3437 κ·

134 3462 260 3516 ΛΜΗ
276 3507 391 3574 menta,
425 3501 451 3561 si
479 3500 546 3579 quis
572 3500 604 3560 in
634 3499 746 3578 nuptiis
774 3499 874 3560 minus
904 3500 1000 3579 dignis
1028 3499 1171 3581 operibus
1199 3501 1290 3563 luerit
1317 3500 1512 3562 indutuff·

274 3600 525 3679 constringendus
547 3602 647 3662 statim
668 3600 805 3662 manibus
826 3600 1012 3678 etpedibus,
1035 3609 1139 3681 utpote
1161 3600 1211 3680 qui
1233 3618 1301 3663 cum
1323 3616 1461 3681 corpor·
1480 3598 1514 3637 ’θ

272 3701 443 3762 surrexerit.
488 3702 538 3762 Sic
559 3719 631 3780 ergo
655 3709 685 3763 et
705 3700 880 3763 recumbere
908 3703 1006 3779 ipsum
1027 3702 1059 3762 in
1081 3701 1129 3763 dei
1150 3718 1259 3781 regno,
1292 3710 1323 3763 et
1343 3696 1514 3764 sederae‘le

275 3800 306 3860 in
328 3799 472 3860 ¹'thronis
495 3799 636 3874 Christil,
666 3809 696 3862 et
716 3801 892 3863 ”adsistere
912 3800 1012 3863 ¹¹turm
1038 3803 1075 3863 ad
1103 3803 1253 3865 dexteram
1275 3801 1351 3865 ¹'uel
1371 3800 1426 3864 sini
1444 3810 1512 3839 f

273 3905 382 3970 stram,
406 3907 437 3959 et
458 3898 547 3958 edere
569 3899 606 3960 de
627 3900 708 3978 ligno
730 3902 823 3975 vitae,
852 3901 1015 3980 corporalis
1038 3902 1248 3984 dispositionis
1274 3894 1514 3965 ddaussinss

275 3996 412 4059 ”indicia
433 4004 514 4058 sunt.

122 4113 272 4171 coemto.
360 4098 518 4159 Videamus
539 4116 620 4162 nunc
639 4118 678 4162 an
692 4110 723 4162 et
738 4101 993 4164 ¹Sadducaeorum
1007 4102 1168 4165 versutiam
1186 4101 1301 4164 elidens
1316 4092 1513 4165 nosffl

272 4246 297 4297 9.
317 4262 330 4297 ι
348 4247 394 4298 deo
413 4250 546 4301 cm.lBGu
588 4251 627 4300 111.
645 4251 770 4302 occidetur
786 4254 811 4303 t.
856 4252 895 4303 11.
914 4254 1036 4304 subiunxit
1054 4254 1077 4304 d.
1122 4252 1161 4304 12.
1181 4268 1244 4305 onus
1262 4250 1512 4305 todeslo.le

272 4319 362 4365 mestis.
417 4316 455 4366 1³.
474 4318 574 4381 perinde
592 4320 616 4368 B,
678 4317 716 4369 14.
735 4334 783 4368 ooo
801 4320 844 4370 AB.
904 4320 944 4371 ts.
969 4322 1113 4371 antistamus
1130 4322 1165 4372 cd.
1228 4320 1269 4372 16.
1294 4296 1510 4371 ιάίίιωιιιῤ

277 4381 315 4430 ll.
333 4382 433 4432 lrendor
450 4386 557 4434 dentium
574 4387 599 4435 A.
660 4384 699 4435 te.
718 4400 746 4437 ex
763 4388 873 4438 oru.bcd.
932 4387 971 4439 19.
996 4389 1090 4438 tbrouis
1108 4388 1235 4438 duodecim
1253 4388 1344 4439 Clrristi
1370 4405 1398 4449 c.,
1416 4366 1511 4437 ae‘

273 4450 324 4499 cod.
344 4450 518 4501 loClenaeuts's.
576 4450 617 4501 20.
635 4453 760 4503 addiscere
777 4456 802 4502 A.
861 4453 903 4505 21.
927 4456 956 4505 ad
981 4457 1103 4506 dexteram
1131 4465 1188 4506 tunc
1206 4458 1230 4506 d.
1288 4454 1331 4506 22.
1355 4454 1426 4505 sela
1481 4428 1508 4477 Δ

273 4516 396 4566 sinistram
413 4518 458 4567 aa.
510 4517 551 4567 23.
569 4519 656 4569 iudicia
674 4522 700 4570 A.
735 4520 789 4569 sitia
809 4520 835 4569 lt.

342 4580 399 4647 Cap.
419 4584 514 4635 xxxvl.
552 4585 573 4635 1.
591 4584 770 4637 saducaeorum
788 4587 833 4639 AB.
870 4588 957 4654 Ubique
974 4594 1029 4653 [ere.

306 4683 329 4732 b.
349 4684 372 4732 io
393 4682 600 4751 tbroniscbristi]
620 4687 739 4737 Pamelius
757 4703 770 4736 e
789 4703 832 4738 eo·
884 4698 942 4752 puto
966 4690 1005 4738 bic
1034 4699 1115 4741 natum
1139 4692 1169 4740 de
1192 4689 1255 4752 siglo
1279 4705 1328 4755 quo
1352 4690 1376 4739 iu
1402 4684 1500 4737 ιθ·

272 4749 325 4800 dice
349 4750 382 4799 lo.
400 4750 531 4802 Clementis
564 4753 638 4804 edidit
665 4756 707 4814 „iu
737 4756 831 4804 thronis
883 4756 953 4804 tostis
979 4756 1047 4808 libris
1071 4758 1140 4821 vulgo
1164 4758 1282 4823 scriptum
1302 4765 1338 4808 est
1355 4748 1495 4807 noma⁰

272 4816 399 4868 duodecim
418 4817 533 4869 Christi.“
567 4821 684 4886 Equidem
704 4836 831 4872 numerum
882 4822 980 4878 Christi.
1071 4848 1077 4863 ·
