3242 5775
288 627 351 692 638
540 639 643 692 onrsrr
665 639 796 683 surrrun
818 636 982 681 exorsurus
1006 636 1205 679 onerosum

270 791 425 870 ”ubique
447 790 520 853 deus
542 789 700 869 potestatis
723 806 795 848 suae
811 786 894 865 signa
909 784 1066 865 proponit,
1089 784 1155 846 suis
1177 784 1209 845 in
1233 783 1384 857 solatium,
1403 802 1442 845 ex·

287 891 398 953 baucis
427 892 457 950 in
487 890 700 951 testimouium.
748 888 841 966 Magis
871 887 950 947 enim
979 886 1096 947 credam
1118 884 1178 946 ἰ111
1202 883 1401 947 testimonium
1419 901 1444 945 ex

289 992 346 1053 deo
369 994 476 1052 lactum
499 1009 585 1071 quaro
608 1010 643 1051 ex
665 989 733 1051 ullis
755 990 871 1049 animae
892 987 1041 1066 reliquiis,
1072 1004 1148 1066 quae
1176 986 1204 1047 si
1227 986 1378 1060 inessent,
1403 984 1445 1046 1111

195 1069 216 1098 “’
290 1110 407 1171 quoque
429 1092 562 1153 membra
584 1091 763 1161 movissent,
792 1088 867 1149 etsi
889 1106 996 1148 manus
1018 1096 1150 1163 tantum,
1179 1087 1233 1148 sed
1256 1105 1319 1148 nou
1341 1085 1370 1147 in
1389 1104 1443 1148 eao-

290 1211 353 1254 sam
377 1192 532 1253 orationis.
567 1190 683 1269 Corpus
706 1190 795 1250 etiam
817 1188 888 1250 illud
905 1207 963 1250 non
980 1187 1070 1249 modo
1086 1187 1168 1249 tratri
1184 1187 1342 1257 cessisset.
1362 1203 1445 1248 ruunt

290 1300 321 1354 et
341 1291 413 1354 alias
436 1293 599 1353 mutatione
621 1291 696 1351 situs
721 1289 841 1350 sibimet
863 1289 920 1368 ipsi
941 1289 1186 1367 refrigerasset·.
1233 1288 1322 1349 Certe
1341 1286 1444 1348 ”unde

289 1394 368 1454 unde
391 1400 461 1453 sunt
482 1392 555 1465 ista,
577 1392 671 1469 signis
694 1390 794 1469 potius
818 1398 849 1450 et
863 1389 990 1451 ostentis
1007 1389 1188 1469 deputanda,
1212 1397 1348 1451 naturum
1368 1389 1445 1452 iecere

289 1510 351 1554 non
373 1501 511 1571 possunt.
544 1493 639 1563 Mors,
662 1490 688 1551 si
711 1508 771 1551 non
794 1489 887 1551 semel
910 1498 969 1551 tota
992 1498 1055 1562 est,
1077 1508 1139 1550 non
1162 1498 1219 1551 est
1253 1490 1286 1551 Si
1308 1488 1377 1568 quid
1394 1487 1444 1548 ani·

291 1612 356 1655 mae
378 1573 569 1665 remanserit,
591 1592 649 1653 vita
671 1599 727 1652 est.
772 1591 839 1651 Non
861 1591 1054 1670 magis-ritae
1076 1589 1252 1652 miscebitur
1274 1608 1356 1652 mors
1375 1605 1443 1669 quen

291 1693 349 1755 diei
371 1692 468 1754 ”nos

163 1806 272 1865 cestu.
322 1842 328 1854 .
374 1793 440 1855 Hoc
460 1794 549 1873 igitur
571 1811 647 1872 opus
676 1791 798 1864 mortis,
833 1791 1069 1871 ¹separatiouem
1098 1791 1195 1854 carnis
1225 1801 1313 1870 atque
1340 1790 1444 1859 soture.

290 1896 422 1975 seposita
445 1893 620 1973 quaestione
642 1894 769 1954 latorum
793 1900 824 1953 et
845 1893 1053 1967 fortuitorum,
1083 1893 1218 1955 bifariam
1246 1891 1379 1954 distinxit
1400 1891 1444 1950 hu·

291 2014 397 2058 manus
419 1996 556 2066 abemus,
580 1995 611 2054 in
634 1994 812 2055 ordinariam
837 2003 867 2055 et
889 1995 1152 2056 extraordinariam
1174 1995 1319 2067 formam,
1343 1990 1444 2053 ordine·

291 2097 364 2158 riam
388 2097 506 2175 quidem
529 2104 651 2156 naturae
674 2096 836 2173 deputans,
859 2095 989 2173 placidae
1011 2096 1153 2174 cuiusque
1175 2094 1298 2167 mortis,
1331 2103 1444 2155 1111111-

292 2198 436 2259 dinariam
465 2216 534 2257 vero
562 2205 681 2275 praeter
708 2205 843 2257 naturam
874 2196 1025 2271 iudicans,
1060 2196 1182 2257 violenti
1214 2196 1360 2275 cuiusque
1384 2192 1444 2253 huis.

294 2299 352 2373 Qui
384 2308 482 2360 autem
514 2296 676 2377 primordia
708 2297 845 2366 bominis
873 2299 1027 2370 novimus,
1063 2298 1206 2359 audenter
1233 2297 1445 2358 determinarunt

293 2410 418 2463 mortem
442 2419 502 2462 non
526 2418 561 2459 ex
585 2406 687 2459 natura
711 2408 842 2459 secutam
871 2397 1038 2471 hominem,
1071 2397 1126 2459 sed
1148 2417 1182 2459 ex
1205 2397 1311 2477 culpa,
1339 2415 1376 2459 ns
1397 2394 1446 2475 ipo

293 2501 412 2581 quidem
433 2499 575 2571 naturali;
602 2499 686 2560 lacile
714 2506 811 2559 autem
842 2500 978 2577 usurpari
1006 2508 1129 2582 naturae
1151 2517 1261 2560 nomen
1283 2500 1316 2560 in
1339 2517 1371 2560 ee
1390 2509 1448 2575 quae

292 2599 431 2661 ridentur
459 2618 476 2660 a
502 2600 652 2659 nativitate
680 2618 715 2660 ex
743 2599 904 2661 accidentia
933 2600 1115 2662 adhaesisse.
1158 2600 1232 2661 Nam
1262 2598 1289 2662 si
1318 2600 1404 2662 bomo
1428 2598 1451 2659 in

293 2709 421 2762 mortem
445 2700 557 2761 directo
581 2700 735 2761 institutus
758 2700 884 2775 luisset,
918 2708 989 2762 tuno
1016 2701 1133 2762 demum
1161 2718 1245 2761 mors
1267 2710 1390 2764 naturae
1409 2700 1454 2763 ad·

296 2800 486 2863 scriberetur.
521 2800 616 2860 Porro
640 2817 700 2860 non
723 2800 753 2860 in
776 2810 901 2864 mortem
917 2800 1085 2864 institutum
1107 2820 1175 2864 eum
1197 2802 1306 2881 prohat
1327 2804 1390 2882 ipse
1408 2802 1459 2870 lex,

294 2900 489 2964 condicionali
512 2901 741 2963 comminatione
762 2904 970 2982 suspendens,
994 2912 1024 2964 et
1043 2903 1166 2966 arbitrio
1181 2903 1314 2965 bominis
1329 2904 1465 2966 addicens

295 3002 402 3063 mortis
425 3010 573 3064 eventum.
596 3001 758 3080 ¹lienique·
781 3003 806 3064 si
829 3021 889 3064 non
905 3004 1095 3083 deliquisset,
1118 3022 1304 3083 nequaquam
1327 3003 1468 3067 'obisset

294 3103 337 3165 lta
361 3120 421 3163 uon
443 3102 519 3164 'erit
540 3111 643 3162 natura
665 3103 744 3180 quod
768 3122 803 3164 ex
826 3104 985 3167 oblationis
1007 3114 1154 3184 potestate
1169 3105 1275 3166 accidit
1291 3105 1465 3184 percolun-

295 3212 402 3277 tatcm,
432 3223 493 3264 uon
517 3222 552 3264 ex
574 3203 702 3264 instituti
726 3206 903 3266 auctoritate
924 3225 979 3285 per
1000 3206 1217 3267 necessitatem.
1261 3205 1391 3268 Proinde
1412 3207 1480 3285 etsi,

295 3305 366 3366 varii
390 3305 486 3366 exitus
509 3305 632 3378 mortis,
666 3313 698 3365 ut
720 3313 767 3366 est
788 3305 962 3368 multimoda
984 3307 1118 3367 condicio
1146 3324 1315 3378 causarum,
1353 3307 1467 3369 nullum

294 3405 334 3467 ita
356 3404 500 3468 ⁴dioimus
521 3405 619 3466 lenem
642 3414 675 3466 ut
696 3425 756 3466 non
772 3406 798 3465 vi
815 3415 926 3484 agatur.
959 3407 1027 3485 lpsa
1050 3407 1096 3467 illa
1119 3408 1195 3467 ratio
1219 3405 1365 3488 operatrix
1379 3426 1468 3469 mor-

295 3506 351 3577 tis,
375 3507 499 3586 simplex
521 3507 607 3580 lieet,
636 3507 680 3567 vis
702 3514 759 3566 est.
804 3506 902 3579 ‘Quid
924 3506 1027 3569 enim?
1054 3527 1129 3587 quae
1158 3517 1268 3571 tanum
1295 3509 1411 3571 animae
1440 3518 1468 3571 et

294 3606 392 3666 carnis
421 3607 608 3682 societatem,
641 3616 751 3669 tantam
775 3626 790 3668 a
814 3617 957 3687 conceptu
985 3609 1202 3670 concretionem
1231 3628 1375 3673 sororum
1395 3611 1469 3673 sub-

296 3706 470 3767 stantiarum
493 3708 604 3769 divellit
625 3727 660 3769 ac
681 3708 802 3770 dirimit.
842 3708 915 3769 Nam
939 3709 995 3769 etsi
1016 3728 1088 3787 prae
1109 3710 1216 3787 gaudio
1239 3711 1307 3790 quis
1331 3712 1468 3793 spiritum

295 3805 426 3879 exhalet,
459 3816 493 3867 ut
514 3807 619 3867 Chilon
641 3809 834 3887 Spartanusl,
857 3808 926 3870 dum
949 3809 1089 3871 victorem
1114 3811 1267 3891 Olympiae
1288 3811 1383 3875 lilium
1405 3832 1469 3876 am·

293 3903 441 3983 plectitur,
464 3906 521 3967 etsi
542 3926 615 3987 prae
629 3907 732 3986 gloria,
755 3917 788 3971 ut
801 3908 970 3972 ⁶Clidemus
984 3911 1185 3985 Atheniensis,
1209 3913 1278 3997 dum
1297 3912 1469 3977 ’011111111-

294 4085 334 4135 21).
354 4088 443 4151 ubique
460 4093 500 4142 Ab.
537 4093 619 4156 utique
636 4096 728 4159 reliqui.
788 4096 829 4146 21.
849 4097 871 4146 11
891 4099 1054 4148 testimonium
1074 4099 1170 4149 111111.
1228 4097 1269 4148 22
1288 4100 1421 4152 undeunde
1438 4104 1469 4164 1.,

294 4170 345 4204 cum
362 4157 444 4207 Fulvio
463 4160 554 4220 Ursino,
575 4163 620 4211 ior.
631 4162 730 4213 berceto
750 4171 770 4214 et
788 4166 834 4214 los.
845 4166 973 4228 Scolipero.
1009 4165 1072 4215 unde
1089 4166 1168 4216 illido.
1220 4165 1261 4216 23.
1280 4175 1304 4217 et
1322 4182 1371 4218 nox
1388 4172 1414 4219 Δ.

362 4223 420 4286 Cap.
442 4226 489 4275 Lll.
535 4227 556 4276 1.
575 4230 696 4290 separatio
714 4231 758 4281 AB.
820 4230 843 4280 2.
863 4233 954 4282 obisset
972 4234 997 4284 A.
1042 4235 1143 4283 obiisset
1167 4234 1260 4298 reliqui.
1319 4233 1345 4284 ³.
1366 4238 1413 4286 erit
1428 4236 1470 4287 lt.

187 4294 192 4310 “
293 4296 345 4337 eret
362 4292 453 4356 reliqui.
506 4295 717 4347 1111111111.
769 4296 1471 4369 5.(111111111111111111111111111111111111112111111111-

292 4356 338 4416 loo.
355 4359 477 4419 pooldd.
530 4361 553 4411 6.
582 4364 710 4425 Clydemos
732 4365 777 4416 AB.
838 4366 861 4415 ’1.
886 4368 917 4416 ob
942 4369 1050 4419 historici
1078 4369 1126 4418 stili
1151 4371 1324 4432 praestantiam
1355 4388 1406 4435 eqo.
1441 4372 1470 4420 111

289 4422 413 4555 pqqtpqqcis
441 4428 480 4477 diu
508 4430 564 4486 (dui
588 4433 654 4495 to.)
682 4433 855 4496 praestantium
882 4436 927 4485 All.
986 4438 1015 4485 ab
1044 4437 1202 4487 histrionibus
1232 4437 1262 4487 oh
1295 4440 1471 4502 praestantiam

271 4678 274 4682 .
325 4638 357 4672 m.
375 4624 472 4676 sibimet
489 4629 535 4691 ipsi
554 4629 741 4699 refrigerasset]
760 4635 800 4684 Sic
817 4635 851 4686 tu
903 4637 940 4688 Gi.
959 4639 1050 4689 adoutt.
1069 4639 1209 4704 adhpoioq.
1229 4639 1334 4705 capet.
1354 4642 1473 4693 stodilo

240 4739 244 4749 ,
290 4690 387 4755 Scapul.
406 4695 490 4757 eap.4
514 4695 696 4760 „indigentibus
718 4702 850 4765 relrigera-
903 4705 985 4756 Pudic.
1004 4706 1106 4770 cap.l3.

291 4760 372 4807 mns.“
937 4773 960 4823 b.
985 4783 1010 4823 ut
1028 4775 1114 4825 Chilon
1134 4771 1282 4842 Spartrnns]
1311 4775 1374 4827 ritu.
1394 4777 1424 4829 11.
1441 4778 1476 4829 N.

324 4825 382 4891 Cep.
401 4828 450 4879 Lil.
478 4845 499 4880 1.
519 4827 640 4897 Denique]
658 4834 769 4897 Proinde,
779 4838 849 4890 odeo.
901 4837 1002 4902 l'll,32.
1029 4842 1196 4906 1111111111.
1214 4842 1370 4912 1551211.
