3242 5775
292 585 356 650 stt
541 597 643 651 oomrv
661 594 798 643 sacrun
819 594 986 639 sconanrrs
1007 593 1205 640 amaremur

294 751 409 816 stianus
430 747 481 829 qui
503 765 567 809 eam
590 745 710 826 negabit
731 763 819 825 quam
847 744 1026 807 confitentur
1047 742 1227 819 Christiani,
1260 752 1291 806 ct
1311 743 1361 808 his
1383 763 1478 825 argn-

293 851 403 929 mentis
425 847 545 928 negabit
572 847 679 927 quibus
710 845 832 907 ¹‘utitur
860 864 922 908 uon
949 845 1146 908 Christianus.
1196 844 1315 907 ¹“tluier
1344 844 1476 926 deniquo

219 951 223 956 '
292 950 450 1014 haereticis
474 949 576 1028 ¹'quae
598 966 664 1010 oum
687 946 816 1009 ethnicis
839 946 976 1027 sapiunt,
999 954 1033 1007 ut
1053 946 1091 1008 de
1113 946 1271 1026 scripturis
1287 946 1363 1008 solis
1379 966 1474 1027 quae·

186 1111 193 1120 ,
294 1050 410 1114 stiones
439 1068 510 1111 suas
532 1048 681 1121 ¹⁸sistant,
714 1057 744 1110 et
771 1058 852 1110 staro
880 1066 941 1109 non
969 1055 1120 1128 poterunt
1181 1046 1361 1109 Communes
1394 1048 1476 1111 euim

293 1169 403 1213 sensus
432 1149 605 1230 simplicitas
632 1148 698 1229 ipsa
725 1138 914 1210 commenddt
941 1156 971 1209 et
1000 1148 1171 1227 compassio
1199 1147 1418 1210 sententiarum
1444 1156 1476 1211 et

294 1251 476 1314 familiaritas
498 1249 690 1331 opinionum,
712 1267 808 1328 eoque
825 1248 1001 1311 ¹⁹titetiores
1017 1249 1239 1322 existimantur,
1263 1248 1331 1328 quia
1348 1249 1429 1311 nuda
1443 1259 1477 1312 et

293 1361 394 1433 aperta
416 1361 446 1413 et
467 1350 606 1412 omnibus
629 1357 700 1411 nota
721 1349 877 1411 deliniunt.
927 1349 1013 1411 ilatio
1042 1358 1140 1411 autem
1170 1348 1267 1410 divina
1290 1351 1322 1410 in
1344 1350 1475 1414 medulla

292 1452 384 1527 ”est,
406 1470 468 1513 non
491 1452 522 1511 in
544 1450 719 1531 superlicio,
742 1458 773 1511 et
793 1449 968 1529 plerumque
990 1451 1104 1513 aemula
1127 1450 1304 1513 manifestis.

174 1563 273 1620 captu.
308 1579 310 1584 ·
376 1552 477 1631 ltaque
499 1549 640 1614 baeretici
662 1549 731 1612 inde
753 1550 853 1612 statim
868 1550 1030 1631 incipiunt,
1053 1559 1084 1620 et
1097 1551 1167 1613 inde
1181 1560 1391 1631 praestruunt,
1415 1551 1472 1614 do·

226 1635 228 1640 ⁵
291 1653 362 1717 hino
383 1637 613 1725 ¹intcrstruuut,
635 1650 714 1713 unde
737 1651 836 1712 scium
856 1651 940 1713 facile
962 1650 1027 1731 capi
1050 1660 1184 1725 mentes,
1208 1652 1244 1713 dc
1259 1649 1474 1715 communione

291 1754 446 1818 favorabili
467 1770 620 1813 sensuum.
656 1752 700 1815 Aa
723 1751 802 1813 aliud
825 1750 910 1832 prius
932 1752 978 1814 vel
999 1750 1093 1831 magis
1116 1752 1219 1814 audias
1242 1750 1297 1813 'ab
1319 1752 1471 1815 haeretico

292 1874 380 1936 mam
401 1853 438 1916 ab
461 1851 605 1915 ethnico?
635 1860 666 1914 et
685 1851 759 1913 ⁸non
781 1852 921 1932 protinus
945 1860 975 1913 et
996 1870 1057 1912 non
1080 1852 1190 1932 ubique
1213 1853 1380 1915 convicium
1401 1872 1471 1916 car·

291 1956 356 2030 nis,
378 1954 410 2017 in
433 1953 597 2033 originem,
621 1952 652 2013 in
674 1953 844 2026 uictoriam,
867 1952 899 2013 in
921 1970 1039 2026 casum,
1062 1952 1092 2012 in
1116 1972 1237 2014 omnem
1259 1954 1371 2015 exitum
1393 1954 1472 2029 eius,

290 2057 461 2118 immundae
481 2073 498 2116 a
520 2053 685 2133 primordio
708 2072 745 2115 ea
766 2052 897 2114 faecibus
914 2062 1028 2126 terrae,
1051 2052 1259 2115 immundioris
1275 2053 1419 2137 deinceps
1434 2074 1473 2118 ex

292 2155 417 2217 seminis
440 2154 486 2217 sui
508 2154 597 2228 limo,
625 2153 763 2227 frivolae,
792 2153 943 2227 infirmae,
972 2152 1166 2225 criminosae,
1195 2154 1378 2230 'onerosam
1401 2175 1472 2218 mo·

289 2254 398 2330 lestae,
434 2266 463 2317 et
489 2262 561 2335 post
589 2262 683 2316 totum
710 2252 904 2333 ignobilitatis
932 2253 1079 2334 elogium·
1107 2252 1234 2316 caducae
1263 2255 1292 2315 in
1322 2256 1472 2338 originem

292 2364 401 2418 terram
423 2365 453 2417 et
474 2356 624 2417 cadaveris
646 2373 773 2428 nomen,
796 2361 826 2415 et
848 2353 885 2416 de
907 2354 965 2416 isto
988 2373 1107 2435 quoque
1128 2355 1251 2417 nomine
1265 2358 1418 2436 periturae
1439 2359 1472 2420 iu

291 2456 404 2518 nullum
425 2456 495 2517 inde
515 2457 573 2518 iam
597 2474 723 2529 nomen,
745 2455 777 2516 in
792 2455 893 2517 omnis
908 2455 982 2517 ‘iam
998 2454 1131 2517 vocabuli
1147 2456 1317 2519 morteml?
1346 2458 1473 2522 Hancne

292 2574 364 2636 ergo
386 2555 449 2616 ‘vir
471 2557 591 2636 sapiens
614 2562 644 2617 et
664 2555 741 2617 visui
771 2564 801 2616 et
823 2555 970 2618 contactui
999 2564 1029 2616 et
1056 2557 1225 2618 recordatui
1254 2566 1305 2619 tuo
1335 2568 1472 2639 ereptam

245 2703 251 2711 .
290 2652 491 2734 'persuadere
512 2654 573 2729 vis,
607 2655 687 2735 quod
709 2674 743 2717 se
765 2664 920 2736 receptura
943 2656 1119 2735 quandoque
1147 2657 1188 2717 sit
1209 2658 1240 2719 in
1261 2659 1412 2738 integrum
1432 2660 1472 2722 de

291 2762 450 2833 corrupto,
484 2754 514 2814 in
538 2754 666 2817 solidum
688 2755 725 2817 de
747 2774 852 2829 casso,
885 2756 917 2817 in
937 2755 1058 2835 plenum
1080 2758 1118 2820 de
1138 2758 1269 2833 inanito,
1305 2758 1337 2820 in
1359 2760 1472 2839 aliquid

292 2847 415 2918 omuino
437 2853 475 2916 de
496 2852 615 2929 nihilo·,
639 2866 669 2919 et
690 2855 792 2935 utiquc
814 2855 1056 2919 'redhibentibus
1078 2856 1162 2921 'eam
1187 2858 1305 2939 ignibus
1329 2868 1360 2923 et
1381 2862 1472 2926 undis

292 2963 322 3017 ct
343 2954 442 3016 ¹⁰alvis
471 2956 599 3016 terarum
628 2963 658 3018 et
687 2957 808 3018 nrumis
832 2957 932 3019 alitum
955 2967 985 3019 et
1006 2958 1130 3022 lactibus
1152 2960 1299 3041 piscium¹
1329 2969 1360 3023 'et
1380 2963 1469 3043 ipso·

203 3112 205 3117 .
291 3073 360 3118 rum
382 3053 578 3135 ¹²temporum
599 3056 722 3135 propria
743 3056 834 3138 gula?
876 3058 999 3121 Adeone
1027 3068 1126 3124 autem
1154 3062 1258 3125 eadem
1280 3062 1471 3143 sperabitur·

295 3239 334 3291 lb.
352 3247 452 3290 ntoutor
469 3254 519 3289 non
537 3237 667 3289 Christiani
685 3241 737 3291 eod.
755 3244 929 3294 loclemestis.
990 3245 1027 3294 ld.
1047 3247 1120 3296 tuter
1137 3247 1277 3311 iCqucicd.
1320 3247 1407 3299 iniere
1426 3249 1470 3300 BC.

190 3315 199 3329 '
293 3307 335 3358 Π.
353 3322 415 3371 quae
433 3317 488 3357 cum
506 3307 608 3356 ethnicis
627 3308 679 3358 tei.
714 3323 881 3375 quaecumque
898 3312 987 3371 ethnici
1005 3313 1124 3380 hildim
1140 3316 1251 3365 Vaticani
1289 3315 1329 3366 tc.
1347 3315 1471 3367 instruant

292 3375 406 3426 hatinies.
460 3373 500 3424 to.
519 3374 642 3424 ssdeiiorcs
663 3375 725 3438 Ceae.
777 3375 821 3425 20.
838 3386 875 3428 cst
892 3382 973 3430 osni.

359 3441 419 3505 Cap.
437 3441 474 3492 ll.
520 3442 543 3492 l.
561 3443 700 3504 iogstroant
716 3444 742 3492 A.
784 3443 953 3496 inconstruuat
976 3447 1001 3496 B.
1062 3447 1397 3513 arremarenses,
1418 3460 1470 3502 esst

290 3509 371 3560 tutuo
391 3511 481 3560 lissiae.
534 3508 559 3559 3.
577 3523 626 3558 nos
644 3509 756 3574 protinus
774 3514 853 3560 ensi.
889 3511 976 3564 liabent
993 3516 1086 3579 reliqui,
1107 3524 1128 3565 et
1145 3521 1191 3566 tres
1201 3517 1312 3567 Vaticani.
1362 3517 1387 3568 C
1406 3531 1470 3568 ona

290 3589 363 3626 rosae
381 3577 462 3626 osai.
521 3577 545 3626 b.
564 3577 673 3627 vocabuli
692 3577 739 3625 iaus
757 3579 782 3627 A.
835 3575 860 3626 d.
879 3579 913 3628 vir
928 3581 1033 3633 dicate.
1075 3583 1108 3632 vis
1133 3585 1157 3632 d.
1211 3584 1235 3632 i.
1260 3585 1409 3648 persuadere
1434 3586 1471 3635 vis

291 3643 356 3707 quod
374 3659 405 3705 s„
425 3645 454 3694 de
471 3645 539 3694 libris
558 3645 676 3707 Caepasii.
712 3644 869 3707 persuadere,
893 3647 958 3708 quod
975 3650 1068 3713 reliqei.
1120 3649 1143 3700 8.
1163 3650 1329 3702 cobibentibus
1346 3653 1374 3702 B.
1408 3653 1471 3705 reti-

290 3709 403 3760 bcntibss
421 3714 446 3762 t.
482 3711 648 3760 cobibentibus
668 3711 691 3759 C.
743 3710 766 3762 9.
786 3726 815 3761 cc
834 3713 978 3775 imaginibus
995 3716 1057 3765 ΛΜ.
1112 3716 1151 3767 ld.
1169 3717 1232 3768 alius
1248 3719 1311 3769 stc.
1357 3720 1397 3770 ll.
1416 3721 1471 3773 rnl·

290 3777 329 3827 nis
345 3778 408 3829 ΛΜ.
462 3776 658 3841 retemperant
677 3778 794 3829 ostem.
829 3779 924 3830 saeuit
938 3783 1039 3844 meacm
1056 3785 1085 3833 tle
1102 3787 1152 3835 esis
1170 3787 1238 3837 codd.
1258 3786 1398 3849 Ganscitec.

324 3908 383 3971 Cap.
403 3908 439 3958 ll.
468 3923 489 3958 a.
508 3909 664 3970 ignobilitatis
674 3906 794 3977 clogiam]
813 3911 852 3963 et.
904 3913 1002 3964 Curcui.
1012 3914 1043 3975 ll,
1056 3915 1080 3973 3,
1091 3916 1137 3966 lh:
1155 3917 1208 3978 „lta
1227 3919 1274 3969 eibi
1291 3919 1415 3972 vacivitate
1429 3935 1471 3972 vc·

291 3975 382 4025 adnott
400 3976 430 4025 ad
449 3975 483 4024 De
502 3975 597 4026 Corona
616 3976 703 4040 caph.
904 3981 945 4030 nio
972 3980 1032 4031 latis
1058 3984 1187 4035 lectitca.“
1230 3987 1311 4037 Closs.
1342 3986 1470 4040 Philoxeni

324 4043 348 4091 b.
373 4043 397 4091 in
424 4043 504 4092 omnis
521 4045 569 4092 iam
587 4043 695 4094 vocabuli
713 4042 852 4113 nortcmi]
904 4063 933 4111 pa
953 4047 1030 4099 .t²9.
1054 4050 1135 4100 Vale:
1162 4053 1279 4127 „lactea
1307 4048 1385 4116 lepel
1411 4054 1472 4104 asir

289 4107 383 4158 Etenim
408 4110 496 4159 mortui
522 4109 634 4162 desinunt
658 4127 714 4162 esse
737 4114 852 4179 quiequid
904 4063 1078 4180 Μὶἆγχνων,
1105 4113 1188 4166 &aaa
1211 4110 1307 4186 ἔντερα
1327 4120 1389 4169 τόν
1411 4113 1470 4189 tet-

290 4175 347 4224 dum
374 4177 478 4226 virerent
501 4177 646 4229 vocabantur
673 4188 697 4228 et
721 4181 768 4229 iam
795 4189 853 4231 sunt
903 4188 1003 4247 φων.“
1047 4185 1127 4234 Closs.
1152 4185 1234 4248 Cyrilli
1264 4187 1360 4250 pets.
1386 4188 1469 4242 vute:

290 4242 359 4292 nulli.
395 4244 455 4293 Ptin.
474 4245 502 4295 li.
521 4245 548 4294 Ν.
568 4246 588 4295 tt
607 4242 744 4313 [cap.d³.],
762 4249 802 4299 obi
821 4250 852 4299 ‹ie
902 4245 1012 4312 „Asioi
1029 4250 1086 4298 cciv
1102 4246 1230 4318 intem,
1250 4253 1387 4306 haelectcs.
1410 4257 1469 4308 Sin·

288 4317 373 4359 natura
392 4318 478 4361 terrae.
497 4313 604 4374 (Rigalt.)
903 4317 986 4379 gulare
1005 4334 1052 4368 non
1072 4321 1170 4369 babet.“
1216 4320 1341 4371 Onomast.
1360 4323 1468 4374 Graece·

323 4391 344 4426 c.
362 4377 387 4426 in
405 4377 496 4442 aliquid
520 4382 619 4431 omniuo
644 4380 674 4431 dc
699 4381 757 4432 nibil
815 4381 852 4435 Ct.
903 4386 953 4434 lat.
972 4386 1010 4436 cd.
1029 4386 1095 4436 Vutc.
1114 4401 1137 4450 p.
1148 4386 1195 4438 ts:
1212 4390 1322 4450 „lsetes,
1339 4385 1468 4454 praeand-

288 4443 388 4505 Cregor.
399 4445 467 4507 lires.
482 4447 515 4496 lle
528 4447 591 4512 opit.
603 4448 672 4499 liom
683 4449 777 4513 appu
795 4449 851 4500 .²8.
902 4457 999 4517 ρων.“
1044 4454 1152 4505 Glossar.
1171 4455 1222 4504 hat.
1246 4457 1277 4505 ab
1295 4457 1387 4518 bugeio
1405 4457 1468 4508 laio

321 4510 345 4559 d.
364 4511 467 4562 lactibus
485 4509 601 4579 piscium]
619 4515 680 4566 Ptin.
693 4516 721 4566 ll.
730 4517 757 4567 Ν.
770 4518 809 4578 xt,
817 4517 849 4567 bl
901 4519 958 4569 edit
977 4521 1001 4570 iu
1019 4523 1096 4572 huctt
1115 4521 1193 4572 Class.
1212 4522 1339 4584 tomilll,
1366 4523 1468 4587 pbri:

287 4576 340 4638 „lb
358 4578 405 4628 boe
422 4581 554 4630 ventriculo
572 4583 643 4633 lactes
668 4586 691 4633 in
710 4584 808 4635 homine
827 4593 850 4636 ct
899 4588 1010 4648 „i.actes,
1040 4603 1097 4652 pars
1121 4590 1300 4652 intestinorum,
1328 4592 1394 4642 uude
1419 4593 1470 4644 hnc

287 4658 339 4704 ove,
356 4661 401 4710 per
419 4661 479 4711 ques
498 4648 587 4698 labitur
613 4650 689 4710 cibus,
713 4652 737 4701 in
761 4655 849 4703 ceteris
901 4655 1070 4718 coagulatur.·‘

285 4711 375 4774 hiliac;
400 4729 412 4764 a
432 4714 519 4779 quibus
542 4718 668 4778 capaciora
688 4719 799 4769 intestina
819 4721 848 4770 ad
934 4737 955 4771 c.
975 4723 1058 4772 cadetn
1078 4721 1227 4788 sperabitur]
1245 4725 1283 4775 Ci.
1299 4725 1361 4776 inira
1380 4725 1468 4790 caph.

287 4778 383 4843 alvum“
402 4789 458 4831 cett.
494 4782 608 4832 Priscian.
628 4784 734 4845 thetid.
770 4788 847 4837 Plaut
901 4797 924 4864 ct
943 4789 1045 4853 capes.
