<?xml version="1.0" encoding="UTF-8"?>
<!DOCTYPE html PUBLIC "-//W3C//DTD XHTML 1.0 Transitional//EN"
    "http://www.w3.org/TR/xhtml1/DTD/xhtml1-transitional.dtd">
<html xmlns="http://www.w3.org/1999/xhtml" xml:lang="en" lang="en">
 <head>
  <title>
</title>
<meta http-equiv="Content-Type" content="text/html;charset=utf-8" />
  <meta name='ocr-system' content='tesseract 3.04.00' />
  <meta name='ocr-capabilities' content='ocr_page ocr_carea ocr_par ocr_line ocrx_word'/>
</head>
<body>
  <div class='ocr_page' id='page_1' title='image "./quaesupersuntom00oehlgoog_0588.png"; bbox 0 0 3242 5775; ppageno 0'>
   <div class='ocr_carea' id='block_1_1' title="bbox 298 645 1219 708">
    <p class='ocr_par' dir='ltr' id='par_1_1' title="bbox 298 645 1219 708">
     <span class='ocr_line' id='line_1_1' title="bbox 298 645 1219 708; baseline -0.01 -2"><span class='ocrx_word' id='word_1_1' title='bbox 298 645 360 708; x_wconf 67' lang='lat'><strong>574</strong></span> <span class='ocrx_word' id='word_1_2' title='bbox 554 657 655 707; x_wconf 64' lang='lat' dir='ltr'><strong>uolitat</strong></span> <span class='ocrx_word' id='word_1_3' title='bbox 680 655 811 700; x_wconf 62' lang='lat' dir='ltr'><strong>surtran</strong></span> <span class='ocrx_word' id='word_1_4' title='bbox 833 653 999 698; x_wconf 70' lang='lat' dir='ltr'><strong>renuentis</strong></span> <span class='ocrx_word' id='word_1_5' title='bbox 1021 653 1219 698; x_wconf 68' lang='lat' dir='ltr'><strong>reundum!</strong></span> 
     </span>
    </p>
   </div>
   <div class='ocr_carea' id='block_1_2' title="bbox 297 793 1485 1676">
    <p class='ocr_par' dir='ltr' id='par_1_2' title="bbox 297 793 1485 1676">
     <span class='ocr_line' id='line_1_2' title="bbox 297 793 1485 884; baseline -0.004 -13"><span class='ocrx_word' id='word_1_6' title='bbox 297 810 412 871; x_wconf 83' lang='lat' dir='ltr'><strong>habeus</strong></span> <span class='ocrx_word' id='word_1_7' title='bbox 435 825 471 869; x_wconf 83' lang='lat' dir='ltr'><strong>ex</strong></span> <span class='ocrx_word' id='word_1_8' title='bbox 493 806 652 884; x_wconf 87' lang='lat' dir='ltr'><strong>semetipsa</strong></span> <span class='ocrx_word' id='word_1_9' title='bbox 672 804 724 867; x_wconf 75' lang='lat' dir='ltr'><strong>&#39;se</strong></span> <span class='ocrx_word' id='word_1_10' title='bbox 746 813 931 866; x_wconf 82' lang='lat' dir='ltr'><strong>commoveat</strong></span> <span class='ocrx_word' id='word_1_11' title='bbox 945 803 976 864; x_wconf 88' lang='lat' dir='ltr'><strong>in</strong></span> <span class='ocrx_word' id='word_1_12' title='bbox 991 803 1166 883; x_wconf 83' lang='lat' dir='ltr'><strong>semetipsa,</strong></span> <span class='ocrx_word' id='word_1_13' title='bbox 1189 813 1279 883; x_wconf 81' lang='lat' dir='ltr'><strong>atque</strong></span> <span class='ocrx_word' id='word_1_14' title='bbox 1300 803 1342 866; x_wconf 84' lang='lat' dir='ltr'><strong>ita</strong></span> <span class='ocrx_word' id='word_1_15' title='bbox 1363 793 1485 866; x_wconf 59' lang='lat' dir='ltr'><strong>move?</strong></span> 
     </span>
     <span class='ocr_line' id='line_1_3' title="bbox 298 904 1469 985; baseline -0.004 -15"><span class='ocrx_word' id='word_1_16' title='bbox 298 910 432 971; x_wconf 84' lang='lat' dir='ltr'><strong>rideatur</strong></span> <span class='ocrx_word' id='word_1_17' title='bbox 452 907 489 969; x_wconf 92' lang='lat' dir='ltr'><strong>ab</strong></span> <span class='ocrx_word' id='word_1_18' title='bbox 511 907 562 968; x_wconf 92' lang='lat' dir='ltr'><strong>illo</strong></span> <span class='ocrx_word' id='word_1_19' title='bbox 586 916 722 985; x_wconf 86' lang='lat' dir='ltr'><strong>tanquam</strong></span> <span class='ocrx_word' id='word_1_20' title='bbox 745 905 910 968; x_wconf 84' lang='lat' dir='ltr'><strong>substantia</strong></span> <span class='ocrx_word' id='word_1_21' title='bbox 931 904 1019 978; x_wconf 83' lang='lat' dir='ltr'><strong>⁴alia,</strong></span> <span class='ocrx_word' id='word_1_22' title='bbox 1041 913 1075 966; x_wconf 95' lang='lat' dir='ltr'><strong>ut</strong></span> <span class='ocrx_word' id='word_1_23' title='bbox 1095 904 1200 966; x_wconf 82' lang='lat' dir='ltr'><strong>volunt</strong></span> <span class='ocrx_word' id='word_1_24' title='bbox 1220 904 1271 985; x_wconf 84' lang='lat' dir='ltr'><strong>qni</strong></span> <span class='ocrx_word' id='word_1_25' title='bbox 1294 905 1384 967; x_wconf 87' lang='lat' dir='ltr'><strong>etiam</strong></span> <span class='ocrx_word' id='word_1_26' title='bbox 1404 904 1469 965; x_wconf 86' lang='lat' dir='ltr'><strong>uui-</strong></span> 
     </span>
     <span class='ocr_line' id='line_1_4' title="bbox 297 1005 1468 1078; baseline -0.004 -9"><span class='ocrx_word' id='word_1_27' title='bbox 297 1008 448 1071; x_wconf 76' lang='lat' dir='ltr'><strong>versitntis</strong></span> <span class='ocrx_word' id='word_1_28' title='bbox 482 1009 695 1069; x_wconf 71' lang='lat' dir='ltr'><strong>‘motatorem&#39;</strong></span> <span class='ocrx_word' id='word_1_29' title='bbox 728 1007 858 1068; x_wconf 89' lang='lat' dir='ltr'><strong>animum</strong></span> <span class='ocrx_word' id='word_1_30' title='bbox 891 1005 1070 1078; x_wconf 87' lang='lat' dir='ltr'><strong>decernunt,</strong></span> <span class='ocrx_word' id='word_1_31' title='bbox 1103 1005 1184 1068; x_wconf 90' lang='lat' dir='ltr'><strong>illum</strong></span> <span class='ocrx_word' id='word_1_32' title='bbox 1212 1005 1302 1068; x_wconf 88' lang='lat' dir='ltr'><strong>deum</strong></span> <span class='ocrx_word' id='word_1_33' title='bbox 1332 1005 1468 1074; x_wconf 73' lang='lat' dir='ltr'><strong>Socratis,</strong></span> 
     </span>
     <span class='ocr_line' id='line_1_5' title="bbox 299 1106 1464 1187; baseline -0.009 -16"><span class='ocrx_word' id='word_1_34' title='bbox 299 1110 381 1172; x_wconf 92' lang='lat' dir='ltr'><strong>illum</strong></span> <span class='ocrx_word' id='word_1_35' title='bbox 408 1108 572 1171; x_wconf 71' lang='lat' dir='ltr'><strong>Valentinil</strong></span> <span class='ocrx_word' id='word_1_36' title='bbox 598 1108 804 1187; x_wconf 75' lang='lat' dir='ltr'><strong>⁸Unigenitum</strong></span> <span class='ocrx_word' id='word_1_37' title='bbox 841 1126 877 1169; x_wconf 83' lang='lat' dir='ltr'><strong>ex</strong></span> <span class='ocrx_word' id='word_1_38' title='bbox 903 1116 986 1186; x_wconf 86' lang='lat' dir='ltr'><strong>patre</strong></span> <span class='ocrx_word' id='word_1_39' title='bbox 1015 1106 1135 1164; x_wconf 72' lang='lat' dir='ltr'><strong>&#39;erest</strong></span> <span class='ocrx_word' id='word_1_40' title='bbox 1161 1115 1193 1169; x_wconf 90' lang='lat' dir='ltr'><strong>et</strong></span> <span class='ocrx_word' id='word_1_41' title='bbox 1219 1117 1316 1169; x_wconf 84' lang='lat' dir='ltr'><strong>matre</strong></span> <span class='ocrx_word' id='word_1_42' title='bbox 1348 1107 1464 1164; x_wconf 72' lang='lat' dir='ltr'><strong>&#39;mut</strong></span> 
     </span>
     <span class='ocr_line' id='line_1_6' title="bbox 298 1206 1465 1289; baseline -0.003 -17"><span class='ocrx_word' id='word_1_43' title='bbox 298 1210 412 1284; x_wconf 78' lang='lat' dir='ltr'><strong>’Quam</strong></span> <span class='ocrx_word' id='word_1_44' title='bbox 433 1210 640 1289; x_wconf 76' lang='lat' dir='ltr'><strong>Anaxagorae·</strong></span> <span class='ocrx_word' id='word_1_45' title='bbox 661 1208 777 1270; x_wconf 86' lang='lat' dir='ltr'><strong>turbata</strong></span> <span class='ocrx_word' id='word_1_46' title='bbox 800 1208 947 1270; x_wconf 87' lang='lat' dir='ltr'><strong>sententia</strong></span> <span class='ocrx_word' id='word_1_47' title='bbox 970 1206 1030 1270; x_wconf 87' lang='lat' dir='ltr'><strong>est!</strong></span> <span class='ocrx_word' id='word_1_48' title='bbox 1066 1210 1186 1271; x_wconf 82' lang='lat' dir='ltr'><strong>Initium</strong></span> <span class='ocrx_word' id='word_1_49' title='bbox 1209 1208 1321 1270; x_wconf 87' lang='lat' dir='ltr'><strong>¹⁰euim</strong></span> <span class='ocrx_word' id='word_1_50' title='bbox 1344 1208 1465 1271; x_wconf 79' lang='lat' dir='ltr'><strong>omnium</strong></span> 
     </span>
     <span class='ocr_line' id='line_1_7' title="bbox 298 1308 1464 1383; baseline -0.003 -9"><span class='ocrx_word' id='word_1_51' title='bbox 298 1319 514 1375; x_wconf 87' lang='lat' dir='ltr'><strong>commentatus</strong></span> <span class='ocrx_word' id='word_1_52' title='bbox 542 1310 689 1383; x_wconf 90' lang='lat' dir='ltr'><strong>animum,</strong></span> <span class='ocrx_word' id='word_1_53' title='bbox 722 1310 779 1370; x_wconf 89' lang='lat' dir='ltr'><strong>&#39;¹et</strong></span> <span class='ocrx_word' id='word_1_54' title='bbox 801 1308 1001 1371; x_wconf 83' lang='lat' dir='ltr'><strong>universitatis</strong></span> <span class='ocrx_word' id='word_1_55' title='bbox 1024 1309 1158 1372; x_wconf 75' lang='lat' dir='ltr'><strong>oscillum</strong></span> <span class='ocrx_word' id='word_1_56' title='bbox 1181 1309 1219 1371; x_wconf 91' lang='lat' dir='ltr'><strong>de</strong></span> <span class='ocrx_word' id='word_1_57' title='bbox 1241 1309 1324 1372; x_wconf 84' lang='lat' dir='ltr'><strong>illius</strong></span> <span class='ocrx_word' id='word_1_58' title='bbox 1346 1327 1401 1372; x_wconf 85' lang='lat' dir='ltr'><strong>axe</strong></span> <span class='ocrx_word' id='word_1_59' title='bbox 1420 1327 1464 1370; x_wconf 83' lang='lat' dir='ltr'><strong>su-</strong></span> 
     </span>
     <span class='ocr_line' id='line_1_8' title="bbox 299 1409 1465 1493; baseline -0.003 -19"><span class='ocrx_word' id='word_1_60' title='bbox 299 1411 467 1493; x_wconf 89' lang='lat' dir='ltr'><strong>spendens,</strong></span> <span class='ocrx_word' id='word_1_61' title='bbox 495 1430 660 1490; x_wconf 87' lang='lat' dir='ltr'><strong>purumque</strong></span> <span class='ocrx_word' id='word_1_62' title='bbox 683 1429 750 1472; x_wconf 90' lang='lat' dir='ltr'><strong>eum</strong></span> <span class='ocrx_word' id='word_1_63' title='bbox 774 1411 923 1471; x_wconf 82' lang='lat' dir='ltr'><strong>affirmans</strong></span> <span class='ocrx_word' id='word_1_64' title='bbox 946 1419 977 1471; x_wconf 86' lang='lat' dir='ltr'><strong>ct</strong></span> <span class='ocrx_word' id='word_1_65' title='bbox 997 1410 1161 1490; x_wconf 84' lang='lat' dir='ltr'><strong>simplicem</strong></span> <span class='ocrx_word' id='word_1_66' title='bbox 1190 1418 1221 1472; x_wconf 89' lang='lat' dir='ltr'><strong>et</strong></span> <span class='ocrx_word' id='word_1_67' title='bbox 1243 1409 1465 1473; x_wconf 78' lang='lat' dir='ltr'><strong>¹&#39;incommisci-</strong></span> 
     </span>
     <span class='ocr_line' id='line_1_9' title="bbox 298 1510 1465 1590; baseline -0.003 -16"><span class='ocrx_word' id='word_1_68' title='bbox 298 1513 404 1585; x_wconf 89' lang='lat' dir='ltr'><strong>bilem‚</strong></span> <span class='ocrx_word' id='word_1_69' title='bbox 432 1512 490 1573; x_wconf 89' lang='lat' dir='ltr'><strong>hoe</strong></span> <span class='ocrx_word' id='word_1_70' title='bbox 511 1511 556 1573; x_wconf 83' lang='lat' dir='ltr'><strong>vel</strong></span> <span class='ocrx_word' id='word_1_71' title='bbox 578 1512 704 1573; x_wconf 85' lang='lat' dir='ltr'><strong>maxime</strong></span> <span class='ocrx_word' id='word_1_72' title='bbox 727 1510 839 1573; x_wconf 80' lang='lat' dir='ltr'><strong>¹³titulo</strong></span> <span class='ocrx_word' id='word_1_73' title='bbox 861 1519 998 1590; x_wconf 88' lang='lat' dir='ltr'><strong>segregat</strong></span> <span class='ocrx_word' id='word_1_74' title='bbox 1025 1511 1062 1574; x_wconf 89' lang='lat' dir='ltr'><strong>ab</strong></span> <span class='ocrx_word' id='word_1_75' title='bbox 1084 1513 1200 1574; x_wconf 87' lang='lat' dir='ltr'><strong>animae</strong></span> <span class='ocrx_word' id='word_1_76' title='bbox 1224 1510 1465 1580; x_wconf 67' lang='lat' dir='ltr'><strong>“commixtione</strong></span> 
     </span>
     <span class='ocr_line' id='line_1_10' title="bbox 298 1608 1467 1676; baseline -0.002 0"><span class='ocrx_word' id='word_1_77' title='bbox 298 1622 329 1676; x_wconf 90' lang='lat' dir='ltr'><strong>et</strong></span> <span class='ocrx_word' id='word_1_78' title='bbox 350 1620 448 1675; x_wconf 87' lang='lat' dir='ltr'><strong>tamen</strong></span> <span class='ocrx_word' id='word_1_79' title='bbox 471 1612 596 1674; x_wconf 88' lang='lat' dir='ltr'><strong>eundem</strong></span> <span class='ocrx_word' id='word_1_80' title='bbox 619 1613 687 1674; x_wconf 90' lang='lat' dir='ltr'><strong>alibi</strong></span> <span class='ocrx_word' id='word_1_81' title='bbox 712 1612 854 1674; x_wconf 78' lang='lat' dir='ltr'><strong>¹‘animae</strong></span> <span class='ocrx_word' id='word_1_82' title='bbox 881 1611 998 1674; x_wconf 79' lang='lat' dir='ltr'>addicit.</span> <span class='ocrx_word' id='word_1_83' title='bbox 1049 1613 1113 1674; x_wconf 90' lang='lat' dir='ltr'><strong>lloc</strong></span> <span class='ocrx_word' id='word_1_84' title='bbox 1140 1612 1227 1674; x_wconf 88' lang='lat' dir='ltr'><strong>etiam</strong></span> <span class='ocrx_word' id='word_1_85' title='bbox 1251 1608 1467 1674; x_wconf 73' lang='lat' dir='ltr'><strong>¹⁰Aristotelee⁴</strong></span> 
     </span>
    </p>
   </div>
   <div class='ocr_carea' id='block_1_3' title="bbox 182 1712 1466 1794">
    <p class='ocr_par' dir='ltr' id='par_1_3' title="bbox 182 1712 1466 1794">
     <span class='ocr_line' id='line_1_11' title="bbox 182 1712 1466 1794; baseline -0.002 -18"><span class='ocrx_word' id='word_1_86' title='bbox 182 1771 184 1782; x_wconf 91' lang='grc'>,</span> <span class='ocrx_word' id='word_1_87' title='bbox 298 1714 464 1786; x_wconf 83' lang='lat' dir='ltr'><strong>denotavit,</strong></span> <span class='ocrx_word' id='word_1_88' title='bbox 497 1713 599 1774; x_wconf 85' lang='lat' dir='ltr'><strong>nescio</strong></span> <span class='ocrx_word' id='word_1_89' title='bbox 627 1731 664 1774; x_wconf 88' lang='lat' dir='ltr'><strong>an</strong></span> <span class='ocrx_word' id='word_1_90' title='bbox 693 1732 746 1776; x_wconf 89' lang='lat' dir='ltr'><strong>sua</strong></span> <span class='ocrx_word' id='word_1_91' title='bbox 774 1713 906 1794; x_wconf 77' lang='lat' dir='ltr'><strong>paratior</strong></span> <span class='ocrx_word' id='word_1_92' title='bbox 935 1712 1059 1792; x_wconf 87' lang='lat' dir='ltr'><strong>implere</strong></span> <span class='ocrx_word' id='word_1_93' title='bbox 1086 1732 1173 1792; x_wconf 86' lang='lat' dir='ltr'><strong>quam</strong></span> <span class='ocrx_word' id='word_1_94' title='bbox 1202 1712 1298 1775; x_wconf 81' lang='lat' dir='ltr'><strong>aliem</strong></span> <span class='ocrx_word' id='word_1_95' title='bbox 1323 1713 1466 1775; x_wconf 76' lang='lat' dir='ltr'><strong>¹&#39;inanire</strong></span> 
     </span>
    </p>
   </div>
   <div class='ocr_carea' id='block_1_4' title="bbox 297 1813 1466 3604">
    <p class='ocr_par' dir='ltr' id='par_1_4' title="bbox 297 1813 1466 3604">
     <span class='ocr_line' id='line_1_12' title="bbox 297 1813 1466 1895; baseline -0.002 -19"><span class='ocrx_word' id='word_1_96' title='bbox 297 1815 432 1894; x_wconf 78' lang='lat' dir='ltr'><strong>lienique</strong></span> <span class='ocrx_word' id='word_1_97' title='bbox 454 1814 571 1895; x_wconf 87' lang='lat' dir='ltr'><strong>etipse</strong></span> <span class='ocrx_word' id='word_1_98' title='bbox 593 1814 796 1877; x_wconf 82' lang='lat' dir='ltr'><strong>definitionem</strong></span> <span class='ocrx_word' id='word_1_99' title='bbox 819 1813 909 1875; x_wconf 91' lang='lat' dir='ltr'><strong>animi</strong></span> <span class='ocrx_word' id='word_1_100' title='bbox 932 1832 997 1876; x_wconf 83' lang='lat' dir='ltr'><strong>cunr</strong></span> <span class='ocrx_word' id='word_1_101' title='bbox 1021 1814 1171 1888; x_wconf 77' lang='lat' dir='ltr'><strong>differret,</strong></span> <span class='ocrx_word' id='word_1_102' title='bbox 1200 1813 1321 1876; x_wconf 88' lang='lat' dir='ltr'><strong>interim</strong></span> <span class='ocrx_word' id='word_1_103' title='bbox 1350 1813 1466 1876; x_wconf 79' lang='lat' dir='ltr'><strong>alterum</strong></span> 
     </span>
     <span class='ocr_line' id='line_1_13' title="bbox 297 1914 1466 1996; baseline -0.001 -20"><span class='ocrx_word' id='word_1_104' title='bbox 297 1915 389 1977; x_wconf 89' lang='lat' dir='ltr'><strong>animi</strong></span> <span class='ocrx_word' id='word_1_105' title='bbox 411 1934 505 1994; x_wconf 89' lang='lat' dir='ltr'><strong>genus</strong></span> <span class='ocrx_word' id='word_1_106' title='bbox 527 1914 746 1995; x_wconf 85' lang='lat' dir='ltr'><strong>pronuntiavit,</strong></span> <span class='ocrx_word' id='word_1_107' title='bbox 769 1914 850 1975; x_wconf 83' lang='lat' dir='ltr'><strong>illurn</strong></span> <span class='ocrx_word' id='word_1_108' title='bbox 873 1914 1022 1987; x_wconf 84' lang='lat' dir='ltr'><strong>divinum,</strong></span> <span class='ocrx_word' id='word_1_109' title='bbox 1050 1934 1137 1994; x_wconf 85' lang='lat' dir='ltr'><strong>quem</strong></span> <span class='ocrx_word' id='word_1_110' title='bbox 1159 1933 1266 1977; x_wconf 89' lang='lat' dir='ltr'><strong>rursus</strong></span> <span class='ocrx_word' id='word_1_111' title='bbox 1289 1924 1322 1976; x_wconf 91' lang='lat' dir='ltr'><strong>et</strong></span> <span class='ocrx_word' id='word_1_112' title='bbox 1343 1914 1466 1996; x_wconf 82' lang='lat' dir='ltr'><strong>inpassi-</strong></span> 
     </span>
     <span class='ocr_line' id='line_1_14' title="bbox 299 2015 1465 2094; baseline -0.001 -16"><span class='ocrx_word' id='word_1_113' title='bbox 299 2016 387 2078; x_wconf 80' lang='lat' dir='ltr'><strong>bilem</strong></span> <span class='ocrx_word' id='word_1_114' title='bbox 409 2015 631 2078; x_wconf 80' lang='lat' dir='ltr'>subostendens</span> <span class='ocrx_word' id='word_1_115' title='bbox 653 2015 773 2077; x_wconf 88' lang='lat' dir='ltr'><strong>abstulit</strong></span> <span class='ocrx_word' id='word_1_116' title='bbox 794 2023 824 2077; x_wconf 88' lang='lat' dir='ltr'><strong>ct</strong></span> <span class='ocrx_word' id='word_1_117' title='bbox 845 2016 911 2094; x_wconf 87' lang='lat' dir='ltr'><strong>ipse</strong></span> <span class='ocrx_word' id='word_1_118' title='bbox 934 2034 1001 2076; x_wconf 88' lang='lat' dir='ltr'><strong>enm</strong></span> <span class='ocrx_word' id='word_1_119' title='bbox 1023 2034 1040 2077; x_wconf 88' lang='lat' dir='ltr'><strong>a</strong></span> <span class='ocrx_word' id='word_1_120' title='bbox 1062 2016 1217 2077; x_wconf 90' lang='lat' dir='ltr'><strong>consortio</strong></span> <span class='ocrx_word' id='word_1_121' title='bbox 1239 2015 1370 2078; x_wconf 80' lang='lat' dir='ltr'><strong>animae.</strong></span> <span class='ocrx_word' id='word_1_122' title='bbox 1401 2015 1465 2077; x_wconf 85' lang='lat' dir='ltr'><strong>Cum</strong></span> 
     </span>
     <span class='ocr_line' id='line_1_15' title="bbox 299 2116 1466 2196; baseline -0.002 -18"><span class='ocrx_word' id='word_1_123' title='bbox 299 2117 377 2178; x_wconf 91' lang='lat' dir='ltr'><strong>enim</strong></span> <span class='ocrx_word' id='word_1_124' title='bbox 400 2116 526 2178; x_wconf 85' lang='lat' dir='ltr'><strong>animam</strong></span> <span class='ocrx_word' id='word_1_125' title='bbox 550 2117 719 2196; x_wconf 85' lang='lat' dir='ltr'><strong>passibilem</strong></span> <span class='ocrx_word' id='word_1_126' title='bbox 742 2123 862 2178; x_wconf 85' lang='lat' dir='ltr'><strong>constet</strong></span> <span class='ocrx_word' id='word_1_127' title='bbox 883 2134 986 2178; x_wconf 87' lang='lat' dir='ltr'><strong>eorum</strong></span> <span class='ocrx_word' id='word_1_128' title='bbox 1010 2136 1084 2196; x_wconf 86' lang='lat' dir='ltr'><strong>quae</strong></span> <span class='ocrx_word' id='word_1_129' title='bbox 1107 2117 1211 2178; x_wconf 86' lang='lat' dir='ltr'><strong>sortita</strong></span> <span class='ocrx_word' id='word_1_130' title='bbox 1233 2125 1281 2177; x_wconf 86' lang='lat' dir='ltr'><strong>est</strong></span> <span class='ocrx_word' id='word_1_131' title='bbox 1297 2116 1375 2195; x_wconf 87' lang='lat' dir='ltr'><strong>pati,</strong></span> <span class='ocrx_word' id='word_1_132' title='bbox 1399 2116 1466 2178; x_wconf 78' lang='lat' dir='ltr'><strong>“aut</strong></span> 
     </span>
     <span class='ocr_line' id='line_1_16' title="bbox 298 2216 1463 2298; baseline -0.002 -19"><span class='ocrx_word' id='word_1_133' title='bbox 298 2236 353 2298; x_wconf 85' lang='lat' dir='ltr'><strong>per</strong></span> <span class='ocrx_word' id='word_1_134' title='bbox 374 2220 503 2280; x_wconf 89' lang='lat' dir='ltr'><strong>animum</strong></span> <span class='ocrx_word' id='word_1_135' title='bbox 527 2228 556 2280; x_wconf 89' lang='lat' dir='ltr'><strong>et</strong></span> <span class='ocrx_word' id='word_1_136' title='bbox 578 2237 645 2279; x_wconf 86' lang='lat' dir='ltr'><strong>cunr</strong></span> <span class='ocrx_word' id='word_1_137' title='bbox 667 2218 766 2279; x_wconf 88' lang='lat' dir='ltr'><strong>animo</strong></span> <span class='ocrx_word' id='word_1_138' title='bbox 791 2216 960 2296; x_wconf 75' lang='lat' dir='ltr'><strong>¹⁹patietur3</strong></span> <span class='ocrx_word' id='word_1_139' title='bbox 989 2217 1014 2279; x_wconf 87' lang='lat' dir='ltr'><strong>si</strong></span> <span class='ocrx_word' id='word_1_140' title='bbox 1038 2224 1175 2279; x_wconf 86' lang='lat' dir='ltr'><strong>concreta</strong></span> <span class='ocrx_word' id='word_1_141' title='bbox 1197 2227 1245 2278; x_wconf 86' lang='lat' dir='ltr'><strong>est</strong></span> <span class='ocrx_word' id='word_1_142' title='bbox 1266 2217 1385 2291; x_wconf 83' lang='lat' dir='ltr'><strong>animo,</strong></span> <span class='ocrx_word' id='word_1_143' title='bbox 1412 2233 1463 2280; x_wconf 90' lang='lat' dir='ltr'><strong>noo</strong></span> 
     </span>
     <span class='ocr_line' id='line_1_17' title="bbox 297 2317 1465 2398; baseline -0.003 -17"><span class='ocrx_word' id='word_1_144' title='bbox 297 2319 425 2398; x_wconf 80' lang='lat' dir='ltr'><strong>¹⁰potcst</strong></span> <span class='ocrx_word' id='word_1_145' title='bbox 446 2320 562 2381; x_wconf 90' lang='lat' dir='ltr'><strong>animus</strong></span> <span class='ocrx_word' id='word_1_146' title='bbox 585 2318 766 2398; x_wconf 87' lang='lat' dir='ltr'><strong>inpassibilis</strong></span> <span class='ocrx_word' id='word_1_147' title='bbox 789 2318 903 2394; x_wconf 76' lang='lat' dir='ltr'><strong>induci,</strong></span> <span class='ocrx_word' id='word_1_148' title='bbox 937 2327 988 2380; x_wconf 88' lang='lat' dir='ltr'><strong>ant</strong></span> <span class='ocrx_word' id='word_1_149' title='bbox 1016 2319 1041 2379; x_wconf 90' lang='lat' dir='ltr'><strong>si</strong></span> <span class='ocrx_word' id='word_1_150' title='bbox 1069 2336 1130 2380; x_wconf 90' lang='lat' dir='ltr'><strong>nou</strong></span> <span class='ocrx_word' id='word_1_151' title='bbox 1160 2337 1215 2398; x_wconf 87' lang='lat' dir='ltr'><strong>per</strong></span> <span class='ocrx_word' id='word_1_152' title='bbox 1236 2317 1387 2390; x_wconf 80' lang='lat' dir='ltr'><strong>animum,</strong></span> <span class='ocrx_word' id='word_1_153' title='bbox 1418 2335 1465 2379; x_wconf 87' lang='lat' dir='ltr'><strong>nee</strong></span> 
     </span>
     <span class='ocr_line' id='line_1_18' title="bbox 298 2414 1462 2499; baseline -0.006 -17"><span class='ocrx_word' id='word_1_154' title='bbox 298 2439 364 2482; x_wconf 90' lang='lat' dir='ltr'><strong>cum</strong></span> <span class='ocrx_word' id='word_1_155' title='bbox 387 2419 486 2481; x_wconf 89' lang='lat' dir='ltr'><strong>animo</strong></span> <span class='ocrx_word' id='word_1_156' title='bbox 508 2419 666 2499; x_wconf 83' lang='lat' dir='ltr'><strong>²¹patietur</strong></span> <span class='ocrx_word' id='word_1_157' title='bbox 687 2420 799 2493; x_wconf 84' lang='lat' dir='ltr'><strong>anima,</strong></span> <span class='ocrx_word' id='word_1_158' title='bbox 823 2437 883 2480; x_wconf 92' lang='lat' dir='ltr'><strong>non</strong></span> <span class='ocrx_word' id='word_1_159' title='bbox 905 2419 962 2479; x_wconf 88' lang='lat' dir='ltr'><strong>erit</strong></span> <span class='ocrx_word' id='word_1_160' title='bbox 982 2428 1118 2480; x_wconf 87' lang='lat' dir='ltr'><strong>concreta</strong></span> <span class='ocrx_word' id='word_1_161' title='bbox 1134 2420 1192 2490; x_wconf 85' lang='lat' dir='ltr'><strong>illi,</strong></span> <span class='ocrx_word' id='word_1_162' title='bbox 1213 2417 1310 2480; x_wconf 80' lang='lat' dir='ltr'><strong>”cnm</strong></span> <span class='ocrx_word' id='word_1_163' title='bbox 1326 2414 1462 2497; x_wconf 81' lang='lat' dir='ltr'><strong>quonilril</strong></span> 
     </span>
     <span class='ocr_line' id='line_1_19' title="bbox 300 2516 1461 2600; baseline -0.004 -19"><span class='ocrx_word' id='word_1_164' title='bbox 300 2528 330 2581; x_wconf 94' lang='lat' dir='ltr'><strong>et</strong></span> <span class='ocrx_word' id='word_1_165' title='bbox 357 2521 406 2600; x_wconf 85' lang='lat' dir='ltr'><strong>qui</strong></span> <span class='ocrx_word' id='word_1_166' title='bbox 433 2519 506 2583; x_wconf 88' lang='lat' dir='ltr'><strong>nihil</strong></span> <span class='ocrx_word' id='word_1_167' title='bbox 535 2520 654 2599; x_wconf 86' lang='lat' dir='ltr'><strong>patitur.</strong></span> <span class='ocrx_word' id='word_1_168' title='bbox 703 2521 798 2582; x_wconf 87' lang='lat' dir='ltr'><strong>Porro</strong></span> <span class='ocrx_word' id='word_1_169' title='bbox 827 2520 853 2581; x_wconf 85' lang='lat' dir='ltr'><strong>si</strong></span> <span class='ocrx_word' id='word_1_170' title='bbox 882 2518 954 2580; x_wconf 91' lang='lat' dir='ltr'><strong>nihil</strong></span> <span class='ocrx_word' id='word_1_171' title='bbox 984 2520 1140 2599; x_wconf 87' lang='lat' dir='ltr'><strong>perillum</strong></span> <span class='ocrx_word' id='word_1_172' title='bbox 1163 2528 1282 2580; x_wconf 89' lang='lat' dir='ltr'><strong>etcum</strong></span> <span class='ocrx_word' id='word_1_173' title='bbox 1305 2516 1461 2578; x_wconf 82' lang='lat' dir='ltr'><strong>illoauimr</strong></span> 
     </span>
     <span class='ocr_line' id='line_1_20' title="bbox 299 2616 1460 2700; baseline -0.006 -19"><span class='ocrx_word' id='word_1_174' title='bbox 299 2621 442 2700; x_wconf 85' lang='lat' dir='ltr'><strong>patietur,</strong></span> <span class='ocrx_word' id='word_1_175' title='bbox 476 2620 533 2680; x_wconf 88' lang='lat' dir='ltr'><strong>iam</strong></span> <span class='ocrx_word' id='word_1_176' title='bbox 562 2639 618 2682; x_wconf 88' lang='lat' dir='ltr'><strong>nee</strong></span> <span class='ocrx_word' id='word_1_177' title='bbox 639 2617 748 2680; x_wconf 86' lang='lat' dir='ltr'><strong>sentiet</strong></span> <span class='ocrx_word' id='word_1_178' title='bbox 770 2635 826 2677; x_wconf 90' lang='lat' dir='ltr'><strong>nec</strong></span> <span class='ocrx_word' id='word_1_179' title='bbox 847 2619 943 2695; x_wconf 87' lang='lat' dir='ltr'><strong>sapiet</strong></span> <span class='ocrx_word' id='word_1_180' title='bbox 971 2639 1028 2677; x_wconf 88' lang='lat' dir='ltr'><strong>noc</strong></span> <span class='ocrx_word' id='word_1_181' title='bbox 1048 2621 1216 2678; x_wconf 80' lang='lat' dir='ltr'><strong>movebitur</strong></span> <span class='ocrx_word' id='word_1_182' title='bbox 1236 2634 1292 2695; x_wconf 88' lang='lat' dir='ltr'><strong>per</strong></span> <span class='ocrx_word' id='word_1_183' title='bbox 1315 2616 1412 2690; x_wconf 82' lang='lat' dir='ltr'><strong>illum,</strong></span> <span class='ocrx_word' id='word_1_184' title='bbox 1436 2623 1460 2676; x_wconf 88' lang='lat' dir='ltr'><strong>rt</strong></span> 
     </span>
     <span class='ocr_line' id='line_1_21' title="bbox 299 2714 1459 2796; baseline -0.003 -17"><span class='ocrx_word' id='word_1_185' title='bbox 299 2719 411 2780; x_wconf 77' lang='lat' dir='ltr'><strong>volunt.</strong></span> <span class='ocrx_word' id='word_1_186' title='bbox 454 2716 528 2778; x_wconf 87' lang='lat' dir='ltr'><strong>Nam</strong></span> <span class='ocrx_word' id='word_1_187' title='bbox 551 2725 581 2778; x_wconf 84' lang='lat' dir='ltr'><strong>et</strong></span> <span class='ocrx_word' id='word_1_188' title='bbox 602 2734 711 2778; x_wconf 85' lang='lat' dir='ltr'><strong>sensus</strong></span> <span class='ocrx_word' id='word_1_189' title='bbox 733 2716 891 2796; x_wconf 83' lang='lat' dir='ltr'><strong>passiones</strong></span> <span class='ocrx_word' id='word_1_190' title='bbox 913 2716 982 2777; x_wconf 86' lang='lat' dir='ltr'><strong>iacit</strong></span> <span class='ocrx_word' id='word_1_191' title='bbox 1002 2716 1236 2778; x_wconf 73' lang='lat' dir='ltr'><strong>²³liristoteles⁸.</strong></span> <span class='ocrx_word' id='word_1_192' title='bbox 1281 2714 1459 2791; x_wconf 77' lang='lat' dir='ltr'><strong>Quiduilet</strong></span> 
     </span>
     <span class='ocr_line' id='line_1_22' title="bbox 300 2816 1458 2898; baseline 0.001 -18"><span class='ocrx_word' id='word_1_193' title='bbox 300 2819 413 2880; x_wconf 86' lang='lat' dir='ltr'><strong>sentire</strong></span> <span class='ocrx_word' id='word_1_194' title='bbox 442 2816 520 2879; x_wconf 91' lang='lat' dir='ltr'><strong>enim</strong></span> <span class='ocrx_word' id='word_1_195' title='bbox 549 2816 610 2898; x_wconf 79' lang='lat' dir='ltr'><strong>peti</strong></span> <span class='ocrx_word' id='word_1_196' title='bbox 638 2824 700 2890; x_wconf 88' lang='lat' dir='ltr'><strong>cst,</strong></span> <span class='ocrx_word' id='word_1_197' title='bbox 732 2817 799 2897; x_wconf 91' lang='lat' dir='ltr'><strong>quia</strong></span> <span class='ocrx_word' id='word_1_198' title='bbox 828 2818 888 2897; x_wconf 86' lang='lat' dir='ltr'><strong>pati</strong></span> <span class='ocrx_word' id='word_1_199' title='bbox 916 2817 1029 2879; x_wconf 83' lang='lat' dir='ltr'><strong>sentire</strong></span> <span class='ocrx_word' id='word_1_200' title='bbox 1050 2826 1107 2879; x_wconf 86' lang='lat' dir='ltr'><strong>est.</strong></span> <span class='ocrx_word' id='word_1_201' title='bbox 1150 2817 1281 2880; x_wconf 88' lang='lat' dir='ltr'><strong>Proinde</strong></span> <span class='ocrx_word' id='word_1_202' title='bbox 1311 2827 1341 2880; x_wconf 91' lang='lat' dir='ltr'><strong>et</strong></span> <span class='ocrx_word' id='word_1_203' title='bbox 1368 2831 1458 2898; x_wconf 73' lang='lat' dir='ltr'><strong>sapen</strong></span> 
     </span>
     <span class='ocr_line' id='line_1_23' title="bbox 300 2917 1456 3003; baseline -0.003 -21"><span class='ocrx_word' id='word_1_204' title='bbox 300 2921 412 2982; x_wconf 86' lang='lat' dir='ltr'><strong>sentire</strong></span> <span class='ocrx_word' id='word_1_205' title='bbox 439 2928 501 2992; x_wconf 90' lang='lat' dir='ltr'><strong>est,</strong></span> <span class='ocrx_word' id='word_1_206' title='bbox 534 2927 563 2979; x_wconf 84' lang='lat' dir='ltr'><strong>ct</strong></span> <span class='ocrx_word' id='word_1_207' title='bbox 591 2917 704 2979; x_wconf 86' lang='lat' dir='ltr'><strong>moveri</strong></span> <span class='ocrx_word' id='word_1_208' title='bbox 733 2919 846 2980; x_wconf 87' lang='lat' dir='ltr'><strong>sentire</strong></span> <span class='ocrx_word' id='word_1_209' title='bbox 872 2927 935 2993; x_wconf 86' lang='lat' dir='ltr'><strong>est,</strong></span> <span class='ocrx_word' id='word_1_210' title='bbox 968 2920 1007 2980; x_wconf 91' lang='lat' dir='ltr'><strong>ita</strong></span> <span class='ocrx_word' id='word_1_211' title='bbox 1030 2926 1126 2980; x_wconf 90' lang='lat' dir='ltr'><strong>totum</strong></span> <span class='ocrx_word' id='word_1_212' title='bbox 1149 2920 1208 3003; x_wconf 86' lang='lat' dir='ltr'><strong>pati¹</strong></span> <span class='ocrx_word' id='word_1_213' title='bbox 1231 2926 1288 2981; x_wconf 86' lang='lat' dir='ltr'><strong>est.</strong></span> <span class='ocrx_word' id='word_1_214' title='bbox 1335 2920 1456 2981; x_wconf 76' lang='lat' dir='ltr'><strong>videno</strong></span> 
     </span>
     <span class='ocr_line' id='line_1_24' title="bbox 300 3018 1456 3105; baseline 0.002 -23"><span class='ocrx_word' id='word_1_215' title='bbox 300 3030 397 3083; x_wconf 83' lang='lat' dir='ltr'><strong>autem</strong></span> <span class='ocrx_word' id='word_1_216' title='bbox 420 3020 492 3081; x_wconf 85' lang='lat' dir='ltr'><strong>nihil</strong></span> <span class='ocrx_word' id='word_1_217' title='bbox 515 3021 642 3081; x_wconf 87' lang='lat' dir='ltr'><strong>istorum</strong></span> <span class='ocrx_word' id='word_1_218' title='bbox 663 3018 790 3080; x_wconf 87' lang='lat' dir='ltr'><strong>animam</strong></span> <span class='ocrx_word' id='word_1_219' title='bbox 813 3019 941 3099; x_wconf 84' lang='lat' dir='ltr'><strong>experiri</strong></span> <span class='ocrx_word' id='word_1_220' title='bbox 972 3029 1004 3081; x_wconf 89' lang='lat' dir='ltr'><strong>ut</strong></span> <span class='ocrx_word' id='word_1_221' title='bbox 1031 3038 1092 3080; x_wconf 92' lang='lat' dir='ltr'><strong>non</strong></span> <span class='ocrx_word' id='word_1_222' title='bbox 1119 3029 1151 3081; x_wconf 90' lang='lat' dir='ltr'><strong>et</strong></span> <span class='ocrx_word' id='word_1_223' title='bbox 1177 3021 1277 3105; x_wconf 91' lang='lat' dir='ltr'><strong>animo</strong></span> <span class='ocrx_word' id='word_1_224' title='bbox 1306 3020 1456 3101; x_wconf 78' lang='lat' dir='ltr'><strong>deputetur.</strong></span> 
     </span>
     <span class='ocr_line' id='line_1_25' title="bbox 300 3116 1455 3202; baseline -0.004 -19"><span class='ocrx_word' id='word_1_225' title='bbox 300 3122 367 3201; x_wconf 84' lang='lat' dir='ltr'><strong>quia</strong></span> <span class='ocrx_word' id='word_1_226' title='bbox 389 3120 546 3202; x_wconf 86' lang='lat' dir='ltr'><strong>perillum</strong></span> <span class='ocrx_word' id='word_1_227' title='bbox 570 3130 686 3182; x_wconf 87' lang='lat' dir='ltr'><strong>etcum</strong></span> <span class='ocrx_word' id='word_1_228' title='bbox 710 3119 760 3182; x_wconf 88' lang='lat' dir='ltr'><strong>illo</strong></span> <span class='ocrx_word' id='word_1_229' title='bbox 776 3120 796 3153; x_wconf 81' lang='lat'><strong>²¹</strong></span> <span class='ocrx_word' id='word_1_230' title='bbox 805 3120 988 3199; x_wconf 84' lang='lat' dir='ltr'><strong>transigitur.</strong></span> <span class='ocrx_word' id='word_1_231' title='bbox 1023 3121 1083 3181; x_wconf 91' lang='lat' dir='ltr'><strong>lam</strong></span> <span class='ocrx_word' id='word_1_232' title='bbox 1105 3140 1175 3200; x_wconf 86' lang='lat' dir='ltr'><strong>crgo</strong></span> <span class='ocrx_word' id='word_1_233' title='bbox 1197 3129 1228 3182; x_wconf 92' lang='lat' dir='ltr'><strong>et</strong></span> <span class='ocrx_word' id='word_1_234' title='bbox 1249 3116 1455 3184; x_wconf 82' lang='lat' dir='ltr'><strong>commiscibillt</strong></span> 
     </span>
     <span class='ocr_line' id='line_1_26' title="bbox 300 3220 1454 3300; baseline -0.003 -16"><span class='ocrx_word' id='word_1_235' title='bbox 300 3230 348 3285; x_wconf 88' lang='lat' dir='ltr'><strong>cst</strong></span> <span class='ocrx_word' id='word_1_236' title='bbox 369 3223 484 3284; x_wconf 88' lang='lat' dir='ltr'><strong>animus</strong></span> <span class='ocrx_word' id='word_1_237' title='bbox 507 3223 652 3284; x_wconf 85' lang='lat' dir='ltr'><strong>adversus</strong></span> <span class='ocrx_word' id='word_1_238' title='bbox 674 3220 909 3299; x_wconf 69' lang='lat' dir='ltr'><strong>”Anaxagoram</strong></span> <span class='ocrx_word' id='word_1_239' title='bbox 939 3231 967 3283; x_wconf 89' lang='lat' dir='ltr'><strong>ct</strong></span> <span class='ocrx_word' id='word_1_240' title='bbox 988 3222 1138 3300; x_wconf 84' lang='lat' dir='ltr'><strong>passibilis</strong></span> <span class='ocrx_word' id='word_1_241' title='bbox 1161 3223 1305 3285; x_wconf 84' lang='lat' dir='ltr'><strong>adversus</strong></span> <span class='ocrx_word' id='word_1_242' title='bbox 1327 3220 1454 3284; x_wconf 73' lang='lat' dir='ltr'><strong>”amn-</strong></span> 
     </span>
     <span class='ocr_line' id='line_1_27' title="bbox 298 3322 1454 3395; baseline -0.005 -9"><span class='ocrx_word' id='word_1_243' title='bbox 298 3325 396 3387; x_wconf 87' lang='lat' dir='ltr'><strong>telem.</strong></span> <span class='ocrx_word' id='word_1_244' title='bbox 439 3323 606 3385; x_wconf 72' lang='lat' dir='ltr'><strong>”Ceterum</strong></span> <span class='ocrx_word' id='word_1_245' title='bbox 630 3324 656 3384; x_wconf 90' lang='lat' dir='ltr'><strong>si</strong></span> <span class='ocrx_word' id='word_1_246' title='bbox 684 3323 825 3384; x_wconf 86' lang='lat' dir='ltr'><strong>discretio</strong></span> <span class='ocrx_word' id='word_1_247' title='bbox 854 3322 1034 3395; x_wconf 85' lang='lat' dir='ltr'><strong>admittitur,</strong></span> <span class='ocrx_word' id='word_1_248' title='bbox 1069 3332 1101 3384; x_wconf 93' lang='lat' dir='ltr'><strong>ut</strong></span> <span class='ocrx_word' id='word_1_249' title='bbox 1128 3323 1294 3385; x_wconf 86' lang='lat' dir='ltr'><strong>substantia</strong></span> <span class='ocrx_word' id='word_1_250' title='bbox 1323 3324 1396 3386; x_wconf 77' lang='lat' dir='ltr'><strong>duae</strong></span> <span class='ocrx_word' id='word_1_251' title='bbox 1417 3330 1454 3380; x_wconf 78' lang='lat' dir='ltr'><strong>ret</strong></span> 
     </span>
     <span class='ocr_line' id='line_1_28' title="bbox 298 3422 1453 3504; baseline -0.003 -17"><span class='ocrx_word' id='word_1_252' title='bbox 298 3426 373 3499; x_wconf 86' lang='lat' dir='ltr'><strong>sint,</strong></span> <span class='ocrx_word' id='word_1_253' title='bbox 397 3426 514 3487; x_wconf 89' lang='lat' dir='ltr'><strong>animus</strong></span> <span class='ocrx_word' id='word_1_254' title='bbox 537 3433 624 3504; x_wconf 87' lang='lat' dir='ltr'><strong>atque</strong></span> <span class='ocrx_word' id='word_1_255' title='bbox 646 3423 758 3494; x_wconf 85' lang='lat' dir='ltr'><strong>anima,</strong></span> <span class='ocrx_word' id='word_1_256' title='bbox 781 3422 903 3484; x_wconf 87' lang='lat' dir='ltr'><strong>alterius</strong></span> <span class='ocrx_word' id='word_1_257' title='bbox 927 3424 984 3484; x_wconf 87' lang='lat' dir='ltr'><strong>crit</strong></span> <span class='ocrx_word' id='word_1_258' title='bbox 1005 3433 1035 3485; x_wconf 89' lang='lat' dir='ltr'><strong>et</strong></span> <span class='ocrx_word' id='word_1_259' title='bbox 1049 3425 1151 3503; x_wconf 87' lang='lat' dir='ltr'><strong>passio</strong></span> <span class='ocrx_word' id='word_1_260' title='bbox 1168 3432 1198 3485; x_wconf 83' lang='lat' dir='ltr'><strong>et</strong></span> <span class='ocrx_word' id='word_1_261' title='bbox 1212 3442 1323 3487; x_wconf 85' lang='lat' dir='ltr'><strong>sensus</strong></span> <span class='ocrx_word' id='word_1_262' title='bbox 1339 3430 1453 3501; x_wconf 78' lang='lat' dir='ltr'><strong>elsapnl</strong></span> 
     </span>
     <span class='ocr_line' id='line_1_29' title="bbox 298 3525 1453 3604; baseline -0.002 -17"><span class='ocrx_word' id='word_1_263' title='bbox 298 3527 395 3588; x_wconf 86' lang='lat' dir='ltr'><strong>omnis</strong></span> <span class='ocrx_word' id='word_1_264' title='bbox 418 3535 447 3588; x_wconf 90' lang='lat' dir='ltr'><strong>et</strong></span> <span class='ocrx_word' id='word_1_265' title='bbox 468 3536 550 3589; x_wconf 84' lang='lat' dir='ltr'><strong>actus</strong></span> <span class='ocrx_word' id='word_1_266' title='bbox 573 3533 603 3588; x_wconf 90' lang='lat' dir='ltr'><strong>et</strong></span> <span class='ocrx_word' id='word_1_267' title='bbox 624 3533 742 3597; x_wconf 82' lang='lat' dir='ltr'><strong>motus,</strong></span> <span class='ocrx_word' id='word_1_268' title='bbox 770 3525 893 3586; x_wconf 85' lang='lat' dir='ltr'><strong>alterius</strong></span> <span class='ocrx_word' id='word_1_269' title='bbox 916 3534 1013 3586; x_wconf 86' lang='lat' dir='ltr'><strong>aulem</strong></span> <span class='ocrx_word' id='word_1_270' title='bbox 1037 3525 1131 3586; x_wconf 76' lang='lat' dir='ltr'><strong>ouum</strong></span> <span class='ocrx_word' id='word_1_271' title='bbox 1154 3534 1183 3586; x_wconf 90' lang='lat' dir='ltr'><strong>et</strong></span> <span class='ocrx_word' id='word_1_272' title='bbox 1205 3525 1293 3604; x_wconf 87' lang='lat' dir='ltr'><strong>quies</strong></span> <span class='ocrx_word' id='word_1_273' title='bbox 1316 3533 1347 3587; x_wconf 90' lang='lat' dir='ltr'><strong>et</strong></span> <span class='ocrx_word' id='word_1_274' title='bbox 1366 3530 1453 3602; x_wconf 78' lang='lat' dir='ltr'><strong>stupor</strong></span> 
     </span>
    </p>
   </div>
   <div class='ocr_carea' id='block_1_5' title="bbox 296 3703 1456 4450">
    <p class='ocr_par' dir='ltr' id='par_1_5' title="bbox 296 3703 1456 4450">
     <span class='ocr_line' id='line_1_30' title="bbox 297 3703 1453 3777; baseline -0.005 -14"><span class='ocrx_word' id='word_1_275' title='bbox 297 3713 322 3764; x_wconf 81' lang='lat'><strong>³.</strong></span> <span class='ocrx_word' id='word_1_276' title='bbox 340 3729 366 3761; x_wconf 80' lang='lat' dir='ltr'><strong>nc</strong></span> <span class='ocrx_word' id='word_1_277' title='bbox 385 3723 535 3762; x_wconf 79' lang='lat' dir='ltr'><strong>commoveat</strong></span> <span class='ocrx_word' id='word_1_278' title='bbox 552 3714 575 3762; x_wconf 89' lang='lat' dir='ltr'><strong>in</strong></span> <span class='ocrx_word' id='word_1_279' title='bbox 594 3713 726 3776; x_wconf 83' lang='lat' dir='ltr'><strong>semetipsa</strong></span> <span class='ocrx_word' id='word_1_280' title='bbox 744 3713 824 3762; x_wconf 65' lang='lat' dir='ltr'><strong>onum</strong></span> <span class='ocrx_word' id='word_1_281' title='bbox 876 3711 901 3761; x_wconf 78' lang='grc'><strong>4.</strong></span> <span class='ocrx_word' id='word_1_282' title='bbox 920 3711 1010 3762; x_wconf 76' lang='lat' dir='ltr'><strong>olion.</strong></span> <span class='ocrx_word' id='word_1_283' title='bbox 1064 3712 1087 3760; x_wconf 83' lang='lat'><strong>5.</strong></span> <span class='ocrx_word' id='word_1_284' title='bbox 1108 3721 1250 3761; x_wconf 80' lang='lat' dir='ltr'><strong>mutatorum</strong></span> <span class='ocrx_word' id='word_1_285' title='bbox 1271 3712 1335 3777; x_wconf 76' lang='lat' dir='ltr'><strong>ling.</strong></span> <span class='ocrx_word' id='word_1_286' title='bbox 1375 3703 1453 3761; x_wconf 75' lang='lat' dir='ltr'><strong>uad</strong></span> 
     </span>
     <span class='ocr_line' id='line_1_31' title="bbox 298 3773 1453 3845; baseline 0.002 -18"><span class='ocrx_word' id='word_1_287' title='bbox 298 3783 402 3841; x_wconf 83' lang='lat' dir='ltr'><strong>genitum</strong></span> <span class='ocrx_word' id='word_1_288' title='bbox 421 3782 447 3829; x_wconf 80' lang='grc' dir='ltr'><strong>Α.</strong></span> <span class='ocrx_word' id='word_1_289' title='bbox 483 3780 638 3841; x_wconf 74' lang='lat' dir='ltr'><strong>Monogenem</strong></span> <span class='ocrx_word' id='word_1_290' title='bbox 659 3782 680 3830; x_wconf 85' lang='lat' dir='ltr'><strong>l.</strong></span> <span class='ocrx_word' id='word_1_291' title='bbox 718 3779 867 3841; x_wconf 88' lang='lat' dir='ltr'><strong>llonogenen</strong></span> <span class='ocrx_word' id='word_1_292' title='bbox 887 3778 944 3827; x_wconf 75' lang='lat' dir='ltr'><strong>lico.</strong></span> <span class='ocrx_word' id='word_1_293' title='bbox 1006 3776 1196 3829; x_wconf 70' lang='lat' dir='ltr'><strong>nureml.</strong></span> <span class='ocrx_word' id='word_1_294' title='bbox 1237 3773 1318 3845; x_wconf 69' lang='grc' dir='ltr'><strong>βὺθῳ</strong></span> <span class='ocrx_word' id='word_1_295' title='bbox 1335 3778 1391 3829; x_wconf 74' lang='lat' dir='ltr'><strong>dds.</strong></span> <span class='ocrx_word' id='word_1_296' title='bbox 1420 3774 1453 3832; x_wconf 73' lang='grc' dir='ltr'>ΙΙΙ·</span> 
     </span>
     <span class='ocr_line' id='line_1_32' title="bbox 298 3838 1453 3913; baseline -0.006 -17"><span class='ocrx_word' id='word_1_297' title='bbox 298 3853 339 3896; x_wconf 84' lang='lat' dir='ltr'><strong>tiro</strong></span> <span class='ocrx_word' id='word_1_298' title='bbox 358 3849 379 3897; x_wconf 81' lang='lat' dir='ltr'><strong>lt.</strong></span> <span class='ocrx_word' id='word_1_299' title='bbox 425 3845 449 3895; x_wconf 77' lang='lat'><strong>8.</strong></span> <span class='ocrx_word' id='word_1_300' title='bbox 468 3846 523 3906; x_wconf 80' lang='lat' dir='ltr'><strong>Siga</strong></span> <span class='ocrx_word' id='word_1_301' title='bbox 542 3849 564 3897; x_wconf 81' lang='lat' dir='ltr'><strong>b.</strong></span> <span class='ocrx_word' id='word_1_302' title='bbox 599 3846 745 3897; x_wconf 80' lang='lat' dir='ltr'><strong>CEll&#39;HNE</strong></span> <span class='ocrx_word' id='word_1_303' title='bbox 763 3852 788 3896; x_wconf 78' lang='grc' dir='ltr'><strong>Α.</strong></span> <span class='ocrx_word' id='word_1_304' title='bbox 823 3838 932 3913; x_wconf 74' lang='grc' dir='ltr'><strong>κειριίνῃ</strong></span> <span class='ocrx_word' id='word_1_305' title='bbox 950 3847 976 3895; x_wconf 82' lang='lat' dir='ltr'><strong>li.</strong></span> <span class='ocrx_word' id='word_1_306' title='bbox 1011 3838 1103 3912; x_wconf 73' lang='grc' dir='ltr'><strong><em>εἰρήνῃ</em></strong></span> <span class='ocrx_word' id='word_1_307' title='bbox 1125 3848 1148 3897; x_wconf 82' lang='lat' dir='ltr'><strong>G.</strong></span> <span class='ocrx_word' id='word_1_308' title='bbox 1182 3840 1277 3908; x_wconf 70' lang='grc' dir='ltr'><strong><em>ἐννοίᾳ</em></strong></span> <span class='ocrx_word' id='word_1_309' title='bbox 1296 3864 1318 3897; x_wconf 86' lang='grc' dir='ltr'><strong>ιι.</strong></span> <span class='ocrx_word' id='word_1_310' title='bbox 1353 3844 1453 3903; x_wconf 76' lang='lat' dir='ltr'><strong>9.an</strong></span> 
     </span>
     <span class='ocr_line' id='line_1_33' title="bbox 297 3913 1454 3977; baseline -0.002 -14"><span class='ocrx_word' id='word_1_311' title='bbox 297 3916 337 3963; x_wconf 76' lang='lat' dir='ltr'><strong>to.</strong></span> <span class='ocrx_word' id='word_1_312' title='bbox 373 3913 481 3976; x_wconf 78' lang='lat' dir='ltr'><strong>quamuis</strong></span> <span class='ocrx_word' id='word_1_313' title='bbox 498 3915 592 3976; x_wconf 78' lang='lat' dir='ltr'><strong>reliqui.</strong></span> <span class='ocrx_word' id='word_1_314' title='bbox 646 3915 684 3962; x_wconf 89' lang='lat'><strong>10.</strong></span> <span class='ocrx_word' id='word_1_315' title='bbox 705 3916 768 3963; x_wconf 89' lang='lat' dir='ltr'><strong>enim</strong></span> <span class='ocrx_word' id='word_1_316' title='bbox 787 3915 887 3964; x_wconf 74' lang='lat' dir='ltr'><strong>ont-ill.</strong></span> <span class='ocrx_word' id='word_1_317' title='bbox 948 3913 986 3962; x_wconf 89' lang='lat' dir='ltr'><strong>ll.</strong></span> <span class='ocrx_word' id='word_1_318' title='bbox 1006 3922 1030 3962; x_wconf 91' lang='lat' dir='ltr'><strong>ct</strong></span> <span class='ocrx_word' id='word_1_319' title='bbox 1047 3917 1087 3964; x_wconf 76' lang='lat' dir='ltr'><strong>Ab.</strong></span> <span class='ocrx_word' id='word_1_320' title='bbox 1130 3923 1156 3964; x_wconf 95' lang='lat' dir='ltr'><strong>ut</strong></span> <span class='ocrx_word' id='word_1_321' title='bbox 1172 3915 1267 3977; x_wconf 80' lang='lat' dir='ltr'><strong>reliqui.</strong></span> <span class='ocrx_word' id='word_1_322' title='bbox 1323 3913 1454 3965; x_wconf 57' lang='lat' dir='ltr'><strong>mineo*</strong></span> 
     </span>
     <span class='ocr_line' id='line_1_34' title="bbox 298 3970 1454 4046; baseline 0.003 -19"><span class='ocrx_word' id='word_1_323' title='bbox 298 3978 439 4028; x_wconf 83' lang='lat' dir='ltr'><strong>missibilem</strong></span> <span class='ocrx_word' id='word_1_324' title='bbox 459 3979 483 4028; x_wconf 82' lang='lat' dir='ltr'><strong>B.</strong></span> <span class='ocrx_word' id='word_1_325' title='bbox 538 3977 577 4028; x_wconf 81' lang='grc'><strong>13.</strong></span> <span class='ocrx_word' id='word_1_326' title='bbox 597 3981 680 4029; x_wconf 86' lang='lat' dir='ltr'><strong>titulos</strong></span> <span class='ocrx_word' id='word_1_327' title='bbox 699 3986 723 4031; x_wconf 77' lang='lat' dir='ltr'><strong>A.</strong></span> <span class='ocrx_word' id='word_1_328' title='bbox 784 3981 824 4033; x_wconf 76' lang='lat' dir='ltr'><strong>ld.</strong></span> <span class='ocrx_word' id='word_1_329' title='bbox 848 3982 1060 4031; x_wconf 79' lang='lat' dir='ltr'><strong>commixtionel.</strong></span> <span class='ocrx_word' id='word_1_330' title='bbox 1103 3982 1272 4032; x_wconf 75' lang='lat' dir='ltr'><strong>commistione</strong></span> <span class='ocrx_word' id='word_1_331' title='bbox 1295 3982 1388 4046; x_wconf 75' lang='lat' dir='ltr'><strong>religni.</strong></span> <span class='ocrx_word' id='word_1_332' title='bbox 1424 3970 1454 4023; x_wconf 67' lang='lat' dir='ltr'><strong>ll·</strong></span> 
     </span>
     <span class='ocr_line' id='line_1_35' title="bbox 297 4045 1455 4107; baseline 0.001 -14"><span class='ocrx_word' id='word_1_333' title='bbox 297 4046 391 4094; x_wconf 82' lang='lat' dir='ltr'><strong>animae</strong></span> <span class='ocrx_word' id='word_1_334' title='bbox 410 4046 498 4095; x_wconf 83' lang='lat' dir='ltr'><strong>addicit</strong></span> <span class='ocrx_word' id='word_1_335' title='bbox 516 4048 537 4096; x_wconf 86' lang='lat' dir='ltr'><strong>i.</strong></span> <span class='ocrx_word' id='word_1_336' title='bbox 573 4048 667 4096; x_wconf 77' lang='lat' dir='ltr'><strong>animae</strong></span> <span class='ocrx_word' id='word_1_337' title='bbox 685 4048 742 4097; x_wconf 89' lang='lat' dir='ltr'><strong>dicit</strong></span> <span class='ocrx_word' id='word_1_338' title='bbox 759 4049 785 4098; x_wconf 78' lang='lat' dir='ltr'><strong>A.</strong></span> <span class='ocrx_word' id='word_1_339' title='bbox 826 4048 931 4098; x_wconf 87' lang='lat' dir='ltr'><strong>animam</strong></span> <span class='ocrx_word' id='word_1_340' title='bbox 949 4049 1039 4107; x_wconf 84' lang='lat' dir='ltr'><strong>(anima</strong></span> <span class='ocrx_word' id='word_1_341' title='bbox 1058 4049 1095 4103; x_wconf 73' lang='lat' dir='ltr'><strong>nt</strong></span> <span class='ocrx_word' id='word_1_342' title='bbox 1118 4049 1190 4099; x_wconf 83' lang='lat' dir='ltr'><strong>adicit</strong></span> <span class='ocrx_word' id='word_1_343' title='bbox 1208 4048 1267 4099; x_wconf 82' lang='lat' dir='ltr'><strong>lch.</strong></span> <span class='ocrx_word' id='word_1_344' title='bbox 1323 4045 1455 4099; x_wconf 67' lang='lat' dir='ltr'><strong>tutuno</strong></span> 
     </span>
     <span class='ocr_line' id='line_1_36' title="bbox 297 4108 1455 4181; baseline 0.001 -19"><span class='ocrx_word' id='word_1_345' title='bbox 297 4114 394 4162; x_wconf 79' lang='lat' dir='ltr'><strong>tilcsl.</strong></span> <span class='ocrx_word' id='word_1_346' title='bbox 450 4113 487 4162; x_wconf 80' lang='lat' dir='ltr'><strong>l&#39;l.</strong></span> <span class='ocrx_word' id='word_1_347' title='bbox 506 4114 599 4164; x_wconf 87' lang='lat' dir='ltr'><strong>inanire</strong></span> <span class='ocrx_word' id='word_1_348' title='bbox 615 4114 744 4180; x_wconf 66' lang='lat' dir='ltr'><strong>nunant.</strong></span> <span class='ocrx_word' id='word_1_349' title='bbox 786 4114 945 4166; x_wconf 81' lang='lat' dir='ltr'><strong>damnareB.</strong></span> <span class='ocrx_word' id='word_1_350' title='bbox 1006 4115 1270 4181; x_wconf 74' lang='lat' dir='ltr'><strong>18.autperom.d.</strong></span> <span class='ocrx_word' id='word_1_351' title='bbox 1310 4116 1370 4167; x_wconf 74' lang='lat' dir='ltr'><strong>-tn</strong></span> <span class='ocrx_word' id='word_1_352' title='bbox 1392 4108 1455 4179; x_wconf 72' lang='lat' dir='ltr'><strong>pitia·</strong></span> 
     </span>
     <span class='ocr_line' id='line_1_37' title="bbox 297 4172 1455 4249; baseline 0.005 -21"><span class='ocrx_word' id='word_1_353' title='bbox 297 4188 336 4229; x_wconf 85' lang='lat' dir='ltr'><strong>tur</strong></span> <span class='ocrx_word' id='word_1_354' title='bbox 353 4182 402 4244; x_wconf 75' lang='lat' dir='ltr'><strong>nn.</strong></span> <span class='ocrx_word' id='word_1_355' title='bbox 455 4180 495 4231; x_wconf 81' lang='lat'><strong>20.</strong></span> <span class='ocrx_word' id='word_1_356' title='bbox 514 4182 604 4246; x_wconf 88' lang='lat' dir='ltr'><strong>poterit</strong></span> <span class='ocrx_word' id='word_1_357' title='bbox 620 4186 645 4233; x_wconf 79' lang='grc' dir='ltr'><strong>Α.</strong></span> <span class='ocrx_word' id='word_1_358' title='bbox 706 4182 747 4232; x_wconf 79' lang='lat'><strong>21.</strong></span> <span class='ocrx_word' id='word_1_359' title='bbox 766 4184 871 4247; x_wconf 79' lang='lat' dir='ltr'><strong>patiatur</strong></span> <span class='ocrx_word' id='word_1_360' title='bbox 887 4187 912 4234; x_wconf 79' lang='grc' dir='ltr'><strong>Α.</strong></span> <span class='ocrx_word' id='word_1_361' title='bbox 971 4182 1013 4233; x_wconf 80' lang='lat'><strong>22.</strong></span> <span class='ocrx_word' id='word_1_362' title='bbox 1040 4198 1094 4233; x_wconf 86' lang='lat' dir='ltr'><strong>curn</strong></span> <span class='ocrx_word' id='word_1_363' title='bbox 1119 4199 1166 4248; x_wconf 86' lang='lat' dir='ltr'><strong>quo</strong></span> <span class='ocrx_word' id='word_1_364' title='bbox 1191 4182 1250 4232; x_wconf 77' lang='lat' dir='ltr'><strong>nini!</strong></span> <span class='ocrx_word' id='word_1_365' title='bbox 1277 4184 1364 4249; x_wconf 83' lang='lat' dir='ltr'><strong>etqui</strong></span> <span class='ocrx_word' id='word_1_366' title='bbox 1386 4185 1414 4242; x_wconf 62' lang='lat' dir='ltr'><strong>i„</strong></span> <span class='ocrx_word' id='word_1_367' title='bbox 1434 4172 1455 4225; x_wconf 71' lang='lat' dir='ltr'><strong>ll</strong></span> 
     </span>
     <span class='ocr_line' id='line_1_38' title="bbox 297 4244 1456 4317; baseline -0.001 -20"><span class='ocrx_word' id='word_1_368' title='bbox 297 4250 409 4297; x_wconf 81' lang='lat' dir='ltr'><strong>emendat.</strong></span> <span class='ocrx_word' id='word_1_369' title='bbox 427 4250 503 4298; x_wconf 80' lang='lat' dir='ltr'><strong>Fuluii</strong></span> <span class='ocrx_word' id='word_1_370' title='bbox 522 4250 607 4299; x_wconf 77' lang='lat' dir='ltr'><strong>Ursini.</strong></span> <span class='ocrx_word' id='word_1_371' title='bbox 643 4263 696 4298; x_wconf 86' lang='lat' dir='ltr'><strong>cum</strong></span> <span class='ocrx_word' id='word_1_372' title='bbox 715 4264 764 4314; x_wconf 85' lang='lat' dir='ltr'><strong>quo</strong></span> <span class='ocrx_word' id='word_1_373' title='bbox 783 4250 842 4299; x_wconf 85' lang='lat' dir='ltr'><strong>nihil</strong></span> <span class='ocrx_word' id='word_1_374' title='bbox 862 4259 885 4301; x_wconf 86' lang='lat' dir='ltr'><strong>ct</strong></span> <span class='ocrx_word' id='word_1_375' title='bbox 903 4266 946 4315; x_wconf 90' lang='lat' dir='ltr'><strong>per</strong></span> <span class='ocrx_word' id='word_1_376' title='bbox 965 4266 1035 4317; x_wconf 81' lang='lat' dir='ltr'><strong>quem</strong></span> <span class='ocrx_word' id='word_1_377' title='bbox 1054 4252 1092 4301; x_wconf 84' lang='lat' dir='ltr'><strong>Fr.</strong></span> <span class='ocrx_word' id='word_1_378' title='bbox 1104 4253 1192 4301; x_wconf 83' lang='lat' dir='ltr'><strong>lunius.</strong></span> <span class='ocrx_word' id='word_1_379' title='bbox 1233 4266 1288 4300; x_wconf 89' lang='lat' dir='ltr'><strong>cnm</strong></span> <span class='ocrx_word' id='word_1_380' title='bbox 1308 4244 1456 4316; x_wconf 70' lang='lat' dir='ltr'><strong>qua⁸niiil⁶l</strong></span> 
     </span>
     <span class='ocr_line' id='line_1_39' title="bbox 297 4315 1455 4385; baseline 0.002 -21"><span class='ocrx_word' id='word_1_381' title='bbox 297 4315 410 4364; x_wconf 80' lang='lat' dir='ltr'><strong>cnidda.</strong></span> <span class='ocrx_word' id='word_1_382' title='bbox 462 4316 502 4365; x_wconf 81' lang='lat'><strong>23.</strong></span> <span class='ocrx_word' id='word_1_383' title='bbox 522 4316 700 4367; x_wconf 74' lang='lat' dir='ltr'><strong>Aristotilesl.</strong></span> <span class='ocrx_word' id='word_1_384' title='bbox 726 4318 821 4381; x_wconf 79' lang='lat' dir='ltr'><strong>diique.</strong></span> <span class='ocrx_word' id='word_1_385' title='bbox 873 4317 915 4369; x_wconf 75' lang='lat'><strong>24.</strong></span> <span class='ocrx_word' id='word_1_386' title='bbox 933 4320 1137 4381; x_wconf 77' lang='lat' dir='ltr'><strong>transigatur-nt.</strong></span> <span class='ocrx_word' id='word_1_387' title='bbox 1189 4316 1230 4367; x_wconf 78' lang='lat'><strong>25.</strong></span> <span class='ocrx_word' id='word_1_388' title='bbox 1249 4321 1403 4385; x_wconf 78' lang='lat' dir='ltr'><strong>Anaxagoran</strong></span> <span class='ocrx_word' id='word_1_389' title='bbox 1416 4316 1455 4373; x_wconf 61' lang='lat' dir='ltr'><strong>ld</strong></span> 
     </span>
     <span class='ocr_line' id='line_1_40' title="bbox 296 4383 1273 4450; baseline 0.004 -20"><span class='ocrx_word' id='word_1_390' title='bbox 296 4384 459 4443; x_wconf 75' lang='lat' dir='ltr'><strong>Anaxagoram</strong></span> <span class='ocrx_word' id='word_1_391' title='bbox 477 4385 570 4448; x_wconf 81' lang='lat' dir='ltr'><strong>reliqui.</strong></span> <span class='ocrx_word' id='word_1_392' title='bbox 624 4383 663 4434; x_wconf 79' lang='lat'><strong>26.</strong></span> <span class='ocrx_word' id='word_1_393' title='bbox 683 4384 822 4435; x_wconf 78' lang='lat' dir='ltr'><strong>trisrotilen</strong></span> <span class='ocrx_word' id='word_1_394' title='bbox 840 4388 865 4437; x_wconf 74' lang='lat' dir='ltr'><strong>A.</strong></span> <span class='ocrx_word' id='word_1_395' title='bbox 919 4385 960 4437; x_wconf 73' lang='lat'><strong>27.</strong></span> <span class='ocrx_word' id='word_1_396' title='bbox 979 4387 1106 4437; x_wconf 84' lang='lat' dir='ltr'><strong>Caeterum</strong></span> <span class='ocrx_word' id='word_1_397' title='bbox 1123 4388 1149 4437; x_wconf 66' lang='grc' dir='ltr'><strong>Α</strong></span> <span class='ocrx_word' id='word_1_398' title='bbox 1179 4386 1273 4450; x_wconf 75' lang='lat' dir='ltr'><strong>diique.</strong></span> 
     </span>
    </p>
   </div>
   <div class='ocr_carea' id='block_1_6' title="bbox 297 4508 1458 4921">
    <p class='ocr_par' dir='ltr' id='par_1_6' title="bbox 297 4508 1458 4921">
     <span class='ocr_line' id='line_1_41' title="bbox 330 4508 1457 4585; baseline -0.001 -19"><span class='ocrx_word' id='word_1_399' title='bbox 330 4517 388 4579; x_wconf 81' lang='lat' dir='ltr'><strong>Cap.</strong></span> <span class='ocrx_word' id='word_1_400' title='bbox 408 4516 457 4565; x_wconf 80' lang='grc' dir='ltr'><strong>ΧΙΙ,</strong></span> <span class='ocrx_word' id='word_1_401' title='bbox 482 4533 503 4568; x_wconf 85' lang='lat' dir='ltr'><strong>a.</strong></span> <span class='ocrx_word' id='word_1_402' title='bbox 523 4518 683 4568; x_wconf 82' lang='lat' dir='ltr'><strong>universitatis</strong></span> <span class='ocrx_word' id='word_1_403' title='bbox 702 4514 857 4585; x_wconf 84' lang='lat' dir='ltr'><strong>motatorem]</strong></span> <span class='ocrx_word' id='word_1_404' title='bbox 943 4537 964 4570; x_wconf 87' lang='lat' dir='ltr'><strong>c.</strong></span> <span class='ocrx_word' id='word_1_405' title='bbox 987 4514 1153 4585; x_wconf 73' lang='lat' dir='ltr'><strong>Anaxagorae]</strong></span> <span class='ocrx_word' id='word_1_406' title='bbox 1181 4518 1303 4570; x_wconf 82' lang='lat' dir='ltr'><strong>Plutarch.</strong></span> <span class='ocrx_word' id='word_1_407' title='bbox 1333 4518 1366 4571; x_wconf 79' lang='lat' dir='ltr'><strong>ue</strong></span> <span class='ocrx_word' id='word_1_408' title='bbox 1388 4508 1457 4566; x_wconf 77' lang='lat' dir='ltr'><strong>rudt-</strong></span> 
     </span>
     <span class='ocr_line' id='line_1_42' title="bbox 297 4582 1072 4650; baseline 0.005 -17"><span class='ocrx_word' id='word_1_409' title='bbox 297 4582 333 4633; x_wconf 87' lang='lat' dir='ltr'><strong>Cl.</strong></span> <span class='ocrx_word' id='word_1_410' title='bbox 352 4583 452 4647; x_wconf 74' lang='lat' dir='ltr'><strong>Apolog.</strong></span> <span class='ocrx_word' id='word_1_411' title='bbox 472 4600 523 4648; x_wconf 86' lang='lat' dir='ltr'><strong>cap.</strong></span> <span class='ocrx_word' id='word_1_412' title='bbox 536 4584 576 4635; x_wconf 82' lang='lat' dir='ltr'><strong>ts.</strong></span> <span class='ocrx_word' id='word_1_413' title='bbox 611 4586 809 4650; x_wconf 79' lang='lat' dir='ltr'><strong>tudenugmnn.</strong></span> <span class='ocrx_word' id='word_1_414' title='bbox 823 4586 857 4636; x_wconf 77' lang='lat' dir='ltr'><strong>lto</strong></span> <span class='ocrx_word' id='word_1_415' title='bbox 909 4587 1000 4638; x_wconf 79' lang='lat' dir='ltr'><strong>Philos.</strong></span> <span class='ocrx_word' id='word_1_416' title='bbox 1020 4587 1072 4647; x_wconf 87' lang='grc' dir='ltr'><strong>Ι,3.</strong></span> 
     </span>
     <span class='ocr_line' id='line_1_43' title="bbox 297 4642 1457 4719; baseline 0 -18"><span class='ocrx_word' id='word_1_417' title='bbox 297 4652 344 4701; x_wconf 73' lang='grc' dir='ltr'>ιιι.</span> <span class='ocrx_word' id='word_1_418' title='bbox 364 4651 405 4699; x_wconf 75' lang='lat' dir='ltr'><strong>oet</strong></span> <span class='ocrx_word' id='word_1_419' title='bbox 425 4652 485 4711; x_wconf 84' lang='grc' dir='ltr'>ιιιι,</span> <span class='ocrx_word' id='word_1_420' title='bbox 499 4652 537 4701; x_wconf 84' lang='grc' dir='ltr'><strong>ιι,</strong></span> <span class='ocrx_word' id='word_1_421' title='bbox 942 4657 965 4705; x_wconf 85' lang='grc' dir='ltr'><strong>ι.</strong></span> <span class='ocrx_word' id='word_1_422' title='bbox 996 4657 1067 4704; x_wconf 74' lang='lat' dir='ltr'><strong>oum</strong></span> <span class='ocrx_word' id='word_1_423' title='bbox 1091 4649 1245 4719; x_wconf 70' lang='lat' dir='ltr'><strong>trisonem]</strong></span> <span class='ocrx_word' id='word_1_424' title='bbox 1273 4654 1298 4703; x_wconf 86' lang='lat' dir='ltr'><strong>r.</strong></span> <span class='ocrx_word' id='word_1_425' title='bbox 1318 4654 1410 4705; x_wconf 68' lang='grc' dir='ltr'>ιιιιιοι.</span> <span class='ocrx_word' id='word_1_426' title='bbox 1431 4642 1457 4695; x_wconf 77' lang='lat'><strong>⁰⁶</strong></span> 
     </span>
     <span class='ocr_line' id='line_1_44' title="bbox 330 4715 1445 4786; baseline 0.006 -19"><span class='ocrx_word' id='word_1_427' title='bbox 330 4719 353 4767; x_wconf 76' lang='lat' dir='ltr'><strong>b,</strong></span> <span class='ocrx_word' id='word_1_428' title='bbox 374 4718 441 4768; x_wconf 87' lang='lat' dir='ltr'><strong>illum</strong></span> <span class='ocrx_word' id='word_1_429' title='bbox 460 4715 590 4784; x_wconf 85' lang='lat' dir='ltr'><strong>Valentini]</strong></span> <span class='ocrx_word' id='word_1_430' title='bbox 610 4720 646 4770; x_wconf 81' lang='lat' dir='ltr'><strong>et.</strong></span> <span class='ocrx_word' id='word_1_431' title='bbox 665 4721 720 4771; x_wconf 77' lang='lat' dir='ltr'><strong>ldr.</strong></span> <span class='ocrx_word' id='word_1_432' title='bbox 740 4721 855 4771; x_wconf 76' lang='lat' dir='ltr'><strong>Valentia.</strong></span> <span class='ocrx_word' id='word_1_433' title='bbox 907 4724 992 4772; x_wconf 76' lang='lat' dir='ltr'><strong>Anima</strong></span> <span class='ocrx_word' id='word_1_434' title='bbox 1010 4722 1118 4786; x_wconf 59' lang='grc' dir='ltr'><strong>Πίῳ.</strong></span> <span class='ocrx_word' id='word_1_435' title='bbox 1442 4777 1445 4783; x_wconf 69' lang='grc'><em>,</em></span> 
     </span>
     <span class='ocr_line' id='line_1_45' title="bbox 298 4786 1458 4853; baseline 0.001 -19"><span class='ocrx_word' id='word_1_436' title='bbox 298 4800 349 4850; x_wconf 79' lang='lat' dir='ltr'><strong>cap.</strong></span> <span class='ocrx_word' id='word_1_437' title='bbox 360 4786 384 4834; x_wconf 79' lang='lat'><strong>7.</strong></span> <span class='ocrx_word' id='word_1_438' title='bbox 942 4805 963 4839; x_wconf 83' lang='lat' dir='ltr'><strong>e.</strong></span> <span class='ocrx_word' id='word_1_439' title='bbox 981 4790 1040 4840; x_wconf 83' lang='lat' dir='ltr'><strong>llam</strong></span> <span class='ocrx_word' id='word_1_440' title='bbox 1061 4799 1083 4839; x_wconf 89' lang='lat' dir='ltr'><strong>et</strong></span> <span class='ocrx_word' id='word_1_441' title='bbox 1101 4804 1189 4838; x_wconf 82' lang='lat' dir='ltr'><strong>sensus</strong></span> <span class='ocrx_word' id='word_1_442' title='bbox 1207 4790 1338 4853; x_wconf 79' lang='lat' dir='ltr'><strong>passiones</strong></span> <span class='ocrx_word' id='word_1_443' title='bbox 1350 4789 1404 4839; x_wconf 83' lang='lat' dir='ltr'><strong>lacit</strong></span> <span class='ocrx_word' id='word_1_444' title='bbox 1415 4787 1458 4835; x_wconf 72' lang='lat' dir='ltr'><strong>ld·</strong></span> 
     </span>
     <span class='ocr_line' id='line_1_46' title="bbox 907 4854 1371 4921; baseline 0 -15"><span class='ocrx_word' id='word_1_445' title='bbox 907 4854 1030 4921; x_wconf 72' lang='lat' dir='ltr'><strong>nocctes]</strong></span> <span class='ocrx_word' id='word_1_446' title='bbox 1048 4858 1144 4907; x_wconf 72' lang='lat' dir='ltr'><strong>tristor.</strong></span> <span class='ocrx_word' id='word_1_447' title='bbox 1164 4856 1199 4907; x_wconf 81' lang='lat' dir='ltr'><strong>lte</strong></span> <span class='ocrx_word' id='word_1_448' title='bbox 1215 4858 1302 4908; x_wconf 74' lang='lat' dir='ltr'><strong>Anima</strong></span> <span class='ocrx_word' id='word_1_449' title='bbox 1320 4857 1371 4921; x_wconf 74' lang='lat' dir='ltr'><strong>l,5.</strong></span> 
     </span>
    </p>
   </div>
   <div class='ocr_carea' id='block_1_7' title="bbox 0 0 1626 5775">
    <p class='ocr_par' dir='ltr' id='par_1_7' title="bbox 0 0 1626 5775">
     <span class='ocr_line' id='line_1_47' title="bbox 0 0 1626 5775; baseline 0 0"><span class='ocrx_word' id='word_1_450' title='bbox 0 0 1626 5775; x_wconf 95' lang='lat' dir='ltr'><strong> </strong></span> 
     </span>
    </p>
   </div>
  </div>
 </body>
</html>
