3242 5775
451 646 601 691 sorensos
624 648 796 692 sanctones
820 651 876 694 mn.
893 653 932 694 tr.
1115 688 1119 702 .
1226 643 1285 708 189

197 816 219 857 ιι
249 796 359 858 nescio
387 798 419 859 in
447 806 528 859 tanta
558 798 725 878 frequentia
754 799 902 862 eiusmodi
930 821 1053 877 vocum,
1086 812 1225 885 tanquam
1254 810 1284 870 in

197 897 236 959 rel
257 897 289 958 in
313 907 400 978 prato
424 898 469 959 rel
492 899 523 959 in
544 918 668 960 nemore
699 919 868 978 pomorum.
918 903 1035 965 Passim
1063 914 1153 983 prout
1180 907 1284 971 incidit

197 1000 296 1061 tenda
320 1008 379 1060 est.
410 998 550 1060 Inclamat
563 1000 714 1078 psalmus:
736 1002 866 1068 Iudicate
887 1004 999 1083 pupillo
1023 1013 1053 1065 et
1074 1007 1228 1081 mendico,
1251 1020 1281 1071 et
1293 994 1419 1097 affl„

197 1120 238 1162 em
260 1109 291 1161 et
312 1119 476 1179 pauperem
497 1100 577 1162 iuste
600 1109 737 1174 tractate,
759 1101 883 1163 liberate
904 1123 1082 1184 pauperem,
1109 1116 1139 1167 et
1159 1110 1279 1171 mendi-

197 1202 223 1262 le
245 1220 337 1263 manu
360 1201 544 1281 lpeccatoris
561 1201 666 1262 eruite.
703 1201 777 1263 ltem
799 1203 933 1281 psalmus
956 1208 1193 1285 septuagesimus
1213 1212 1279 1288 pri-

210 1302 325 1364 lustitia
347 1303 490 1364 iudicabit
510 1302 664 1363 mendicos
692 1304 794 1382 populi
825 1314 853 1365 et
875 1306 962 1367 saciet
983 1307 1079 1367 salvos
1102 1309 1179 1369 lilios
1201 1307 1430 1416 pau-{qffqlglqlpb

198 1423 215 1464 ι.
248 1404 286 1465 Et
308 1403 339 1465 in
364 1404 556 1483 sequentibus
578 1405 616 1465 de
639 1403 770 1465 Christo:
794 1404 907 1467 Omnes
929 1406 1066 1468 nationes
1088 1410 1219 1471 servient
1239 1412 1276 1473 ei.
1404 1395 1410 1406 ’
1465 1427 1468 1432 ·

217 1515 313 1565 autem
342 1505 395 1566 uni
423 1507 503 1585 genti
525 1505 660 1566 lutlaicae
687 1506 830 1583 praefuit,
862 1525 901 1567 ne
929 1506 996 1586 'qui
1028 1508 1058 1568 in
1081 1509 1170 1570 Dauid
1193 1520 1279 1590 putet

197 1623 226 1674 n,
246 1605 315 1684 quia
338 1615 370 1666 et
391 1606 439 1667 ille
461 1614 635 1686 susceperat
655 1606 783 1668 humiles
806 1615 837 1668 et
850 1608 1079 1669 necessitatibus
1094 1610 1277 1675 laborantes.

213 1705 413 1779 'bberarerit,
435 1706 545 1785 inquit,
569 1727 585 1767 a
601 1707 721 1786 dynasta
738 1707 922 1782 mendicum,
944 1718 1046 1788 parcet
1067 1710 1203 1771 mendico
1219 1712 1277 1773 ¹⁰et
1289 1708 1369 1815 {8⁸32}-

197 1806 238 1876 ri,
270 1818 301 1868 et
321 1808 437 1868 animas
450 1807 623 1888 'pauperum
652 1809 748 1869 salvas
776 1809 879 1880 saciet,
913 1828 948 1869 ex
969 1828 1067 1871 usura·
1082 1820 1112 1871 et
1133 1810 1277 1873 iniustitia

197 1917 226 1968 ct
245 1927 351 1969 eorum
374 1908 504 1982 animas,
528 1917 557 1969 et
578 1910 757 1970 honoratum
778 1928 888 1970 nomen
911 1929 1014 1971 eorum
1038 1909 1096 1970 ¹¹in
1114 1923 1276 1990 conspectu

197 2028 210 2068 t.
247 2009 338 2070 ltem:
369 2009 546 2071 Avertantur
572 2018 744 2089 peccatores
771 2010 802 2070 in
831 1988 961 2083 interos,
997 2029 1102 2072 omnes
1125 2007 1401 2114 nationesfflgqput

202 2110 241 2171 dei
263 2110 495 2182 obhviscuntur,
518 2112 658 2190 quoniam
685 2129 745 2171 non
774 2111 804 2171 in
834 2112 924 2172 finem
954 2111 1095 2172 oblivioni
1117 2110 1276 2173 habebitur

197 2210 265 2284 icus,
302 2195 458 2273 tolerantia
480 2230 642 2290 pauperum
664 2230 724 2272 non
746 2211 855 2290 peribit
882 2213 912 2273 in
934 2212 1033 2273 finem.
1077 2212 1165 2273 ltem:
1200 2211 1275 2285 Quis

202 2312 268 2374 deris
292 2321 412 2385 noster,
437 2314 488 2391 qui
510 2312 620 2373 habitat
641 2312 672 2373 in
692 2312 834 2386 excelsis,
858 2322 889 2374 et
908 2313 1031 2374 bumiba
1052 2321 1225 2391 prospectat
1246 2312 1277 2373 in

208 2422 234 2475 et
252 2414 284 2474 in
308 2423 405 2486 terra,
435 2413 486 2492 qui
509 2403 633 2474 suscitat
654 2412 821 2476 mendicum
848 2413 886 2474 de
907 2422 1001 2487 terra,
1032 2415 1120 2474 etde
1142 2423 1275 2475 stercore

198 2523 210 2575 t
235 2533 414 2594 pauperem,
448 2514 490 2575 uti
519 2516 624 2575 sedere
651 2533 719 2575 euin
746 2514 833 2576 iaciat
860 2533 927 2576 cum
956 2514 1138 2594 principibus
1161 2514 1274 2594 populi,

197 2617 250 2676 sin
271 2634 368 2694 regno
391 2634 459 2675 suo.
503 2615 553 2676 Sic
580 2626 610 2676 et
636 2624 717 2677 rotro
741 2615 771 2676 in
792 2615 909 2677 Basiliis
930 2615 1028 2687 Anna,
1052 2625 1146 2678 mater
1169 2616 1186 2647 ¹¹
1196 2616 1274 2677 ¹’Sa-

198 2734 225 2790 ι,
244 2717 352 2797 spiritu
375 2716 500 2795 gloriam
523 2717 577 2776 deo
593 2715 736 2795 reddens,
761 2716 836 2792 Qui,
858 2715 967 2796 inquit,
992 2717 1098 2778 excitat
1112 2735 1273 2797 pauperem
1287 2732 1428 2787 isumus.

197 2837 238 2878 na
259 2828 289 2879 et
311 2806 498 2889 mendicum,
523 2817 565 2878 uti
587 2816 691 2878 sedere
714 2836 781 2878 eum
803 2817 890 2879 iaciat
903 2837 969 2879 cum
986 2817 1117 2898 dynastis
1135 2817 1274 2898 ''populi,

197 2920 368 2998 tinregno
392 2939 465 2991 suo,
490 2920 571 2979 etin
594 2919 710 2979 thronis
732 2920 861 2998 gloriae,
883 2919 983 2999 utiquc
999 2919 1182 2999 ¹‘regalibus
1216 2918 1276 2980 Per

197 3039 221 3080 tn
240 3040 310 3082 rero
333 3021 486 3100 quomodo
511 3020 657 3081 invehitur
673 3021 702 3080 in
719 3028 873 3082 vexatores
892 3040 1066 3100 egenorum:
1090 3022 1150 3081 Vos
1166 3031 1413 3095 autem‚tes.1u,ta.

197 3121 230 3181 tid
249 3122 407 3182 incenditis
431 3122 547 3181 vineam
569 3140 680 3193 meam,
715 3132 743 3181 ct
772 3120 900 3200 “rapina
928 3123 1056 3183 mendici
1083 3122 1113 3183 in
1136 3121 1275 3183 domibus

197 3219 235 3283 h?
275 3223 336 3283 Cur
358 3242 412 3284 ros
434 3221 551 3306 laeditis
574 3223 715 3301 populum
738 3241 852 3291 mcum,
883 3231 912 3283 et
940 3225 1043 3284 taciem
1071 3223 1276 3284 mendicorum

197 3322 307 3384 oditis?
350 3324 388 3385 Et
416 3342 537 3385 rursus:
573 3323 627 3383 Vae
655 3324 704 3401 qui
733 3323 867 3383 scribunt
893 3324 1071 3402 nequitiam,
1111 3322 1276 3383 scribentes
1290 3345 1390 3395 nunt.

209 3425 337 3485 scribunt
358 3443 504 3502 nequam,
538 3423 663 3484 uitantes
689 3423 795 3485 iudicia
825 3424 1029 3484 mendicorum
1051 3432 1080 3482 et
1102 3422 1276 3500 diripientes

197 3532 232 3584 da
260 3545 427 3606 pauperum
455 3523 558 3603 populi
589 3526 657 3585 mei.
713 3525 795 3597 Quae
823 3523 929 3583 iudicia
956 3521 1077 3602 pupillis
1106 3540 1226 3601 quoque
1248 3530 1278 3582 et

197 3627 326 3705 tetigit,
350 3637 383 3687 ut
405 3635 435 3686 et
455 3625 533 3704 ipsis
556 3625 655 3704 egenis
680 3625 814 3686 ¹⁵solatii.
854 3624 983 3684 iudicate
997 3623 1127 3702 pupillo,
1150 3632 1180 3683 et
1200 3622 1394 3694 insternunt.

197 3732 232 3785 Ιι
249 3727 383 3800 viduam,
406 3735 436 3787 et
458 3726 572 3798 venite,
595 3726 801 3796 conciliemur,
825 3725 895 3785 dicit
916 3724 1066 3786 dominus.
1104 3724 1157 3784 Cui
1179 3731 1277 3785 tantus

197 3833 234 3887 h
253 3828 283 3889 in
306 3846 426 3888 omnem
448 3826 652 3888 condicionem
676 3825 849 3887 humilitatis
872 3827 1015 3887 creatoris
1044 3833 1105 3898 est,
1136 3824 1200 3885 eius
1223 3823 1280 3884 erit

197 3940 279 4007 m
302 3930 381 4006 quod
398 3948 414 3988 a
429 3928 549 3988 Christo
571 3928 800 4006 repromittitur,
824 3925 860 3987 ad
883 3925 967 3987 cuius
989 3928 1124 3987 allectum
1148 3924 1205 3985 iam
1221 3923 1278 3984 du·

210 4028 346 4105 punem
370 4029 418 4089 ¹⁶ii
441 4029 550 4108 quibus
573 4029 796 4107 repromittitur.
828 4028 902 4089 Nam
926 4036 955 4088 ct
976 4028 1002 4088 si
1024 4035 1112 4105 putas
1134 4025 1278 4086 creatoris

197 4138 234 4189 t!
250 4137 382 4192 terrenas
404 4129 622 4210 promissiones
644 4130 756 4203 luisse,
786 4128 896 4189 Christi
919 4146 988 4188 vero
1011 4127 1170 4199 caelestes,
1202 4125 1279 4186 bene

197 4222 319 4292 tectum
340 4232 452 4293 nulbus
474 4232 594 4292 alterius
618 4250 711 4310 usque
733 4229 830 4290 adbuc
850 4228 897 4290 dei
919 4237 1042 4308 apparet
1062 4226 1121 4288 nisi
1143 4225 1227 4287 cuius
1251 4232 1281 4286 et

197 4342 218 4399 Ι,
232 4330 301 4395 hunc
321 4332 403 4414 quod
426 4341 543 4394 creator
565 4333 609 4392 vel
631 4334 747 4393 minora
769 4330 922 4410 promisit,
944 4337 978 4389 ut
998 4327 1110 4389 facilius
1129 4327 1170 4388 illi
1193 4325 1280 4387 etde

197 4426 271 4495 Ιῖιι
296 4434 416 4497 mem
445 4433 611 4513 quamqui
639 4450 789 4511 nunquam
821 4431 857 4491 de
886 4428 1052 4491 minoribus
1080 4428 1164 4509 prius
1192 4426 1281 4487 iidem

197 4589 347 4640 ΜΒ.
402 4588 427 4638 8.
445 4588 487 4652 qui
505 4587 550 4636 BG.
585 4588 638 4650 quis
656 4586 748 4648 reliqui.
800 4583 825 4632 u.
844 4584 986 4633 liberaverat
1003 4583 1028 4631 B.
1072 4579 1181 4630 liberarit
1204 4595 1232 4637 a,
1253 4593 1283 4626 ee

198 4648 291 4707 Hbs.
347 4656 388 4706 to.
409 4663 495 4706 elom
514 4654 540 4703 B.
601 4654 640 4703 ll.
659 4656 681 4704 in
701 4659 833 4712 conspectu
850 4654 1016 4714 (conspectum
1035 4649 1071 4707 li.)
1098 4649 1174 4711 ipsius
1192 4644 1282 4694 licuhd.

197 4720 300 4784 Ιῇῦι.
352 4722 617 4776 111).8ιωι1ιε1186.
670 4720 709 4769 12.
729 4719 822 4782 populi,
840 4719 921 4782 utique
939 4720 963 4767 in
981 4732 1056 4779 regno
1074 4730 1128 4771 suo,
1148 4721 1171 4761 et
1188 4713 1233 4771 cd„
1254 4724 1284 4757 ea

197 4794 365 4845 nabao.
400 4790 489 4857 populi
509 4790 622 4841 etBGob.
678 4788 716 4837 13.
735 4786 857 4846 regalibus
874 4785 1090 4836 benedictionibus.
1119 4782 1163 4830 Per
1180 4780 1206 4827 B.
1243 4774 1283 4824 14.

197 4858 279 4912 ΙΙΕ
329 4863 370 4912 15.
390 4861 482 4912 solutis
498 4858 558 4909 Petr.
569 4859 711 4908 ciacconius.
734 4855 818 4903 Probat
833 4855 872 4905 Fr.
883 4855 972 4905 lunius.
1026 4850 1066 4900 to.
1084 4850 1117 4898 hii
1138 4847 1175 4896 Co.
