3242 5775
537 631 683 674 eorsnsus
701 625 948 677 ‘vtnsnrmuuos
1260 623 1321 688 ret

159 791 300 858 noverat,
333 788 366 843 ut
387 779 572 843 invisibiliter
594 789 763 863 operatum,
797 783 948 863 quomodo
974 783 1074 846 lumen
1101 786 1166 848 eius
1193 787 1325 867 ignotum

161 904 218 948 urm
244 886 319 965 ipso
341 881 533 963 requirebat?
567 882 630 944 ¹³Et
653 892 749 947 tamen
765 885 935 965 temptavit,
958 895 987 947 et
1008 886 1137 949 sortasse
1157 886 1325 969 adprehen-

160 988 266 1061 isset,
299 986 325 1047 si
347 1002 408 1046 non
431 983 508 1046 idem
530 984 645 1059 Horos,
676 986 724 1065 qni
754 986 839 1048 matri
861 986 925 1050 eius
949 994 1005 1048 tam
1027 1005 1174 1068 prospere
1195 999 1324 1066 venerat,

159 1107 231 1152 nnc
258 1095 323 1149 tarn
353 1086 521 1166 importune
550 1086 626 1148 tiliae
654 1086 835 1150 occurrisset
866 1097 900 1150 ut
928 1087 1015 1150 etiam
1043 1088 1268 1155 ¹*inclamarent
1294 1092 1326 1155 in

159 1211 233 1264 nm,
259 1186 344 1249 lauit
367 1187 467 1266 quasi,
489 1187 582 1249 Porro
600 1187 767 1261 Quiritesll
790 1197 854 1263 aut,
877 1189 979 1251 Fidem
995 1189 1157 1253 enesaunt
1189 1194 1260 1256 inde
1275 1193 1324 1256 in·
1394 1205 1399 1214 “

157 1293 274 1356 unitur
291 1289 342 1351 Iao
358 1289 389 1350 in
406 1287 595 1367 scripturis't
632 1290 673 1351 lta
696 1289 817 1370 depulsa
840 1290 997 1370 quominus
1019 1300 1171 1372 pergeret,
1192 1312 1248 1357 nec
1268 1294 1325 1359 ba·

151 1395 224 1457 bens
247 1389 445 1472 supervolare
465 1406 599 1464 crucem,
622 1391 650 1452 id
673 1400 720 1454 est
739 1392 859 1465 lloron,
882 1392 949 1471 quia
970 1392 1082 1486 nullum
1098 1394 1230 1458 ¹⁸catulti
1243 1396 1324 1461 bau·

152 1496 294 1559 reolum·
315 1492 404 1555 luerit
425 1490 626 1566 ¹⁸exercitata,
651 1500 683 1554 ut
705 1492 843 1554 destituta
860 1493 1022 1557 ¹'Passioni
1037 1494 1078 1556 illi
1093 1514 1164 1558 suae
1178 1496 1209 1559 in
1224 1496 1324 1562 ¹'trion

149 1594 311 1677 mltiplici
335 1603 420 1670 atque
439 1592 607 1672 perplera0,
630 1594 710 1654 omui
729 1593 917 1673 peneresius
932 1595 1030 1676 coepit
1042 1596 1157 1675 adfligi,
1178 1616 1324 1674 maerore,

147 1699 230 1782 qod
254 1710 325 1754 non
344 1702 546 1773 perpetrasset
560 1694 724 1774 inceptum,
748 1703 844 1768 metu,
866 1714 904 1756 ne
926 1695 1031 1759 ¹”sicut
1052 1697 1131 1773 luce,
1153 1697 1194 1760 ita
1216 1708 1244 1761 et
1266 1700 1323 1761 vita

142 1801 329 1867 seruaretur,
358 1794 612 1868 consternatione,
644 1796 733 1858 ”tum
762 1796 936 1876 ignorantia.
984 1797 1045 1860 Nec
1072 1808 1105 1860 ut
1133 1806 1226 1860 mater
1247 1799 1322 1863 eius.

144 1898 190 1962 h
215 1894 336 1958 ”enim
357 1896 449 1956 beon.
481 1896 519 1956 tt
539 1896 612 1958 haec
632 1916 687 1977 pro
710 1897 884 1959 condicione
905 1898 1053 1972 deterius,
1076 1900 1322 1980 insurgente-ad·

144 2001 200 2064 bre
227 2006 264 2060 et
287 1996 347 2058 alio
370 1997 475 2070 fluctu,
497 1996 729 2061 ”conversionis
752 1999 863 2061 scilicet
877 1998 908 2060 in
924 1999 1089 2075 Christum,
1112 2019 1203 2082 aquo
1218 2000 1322 2065 ”vivi-

146 2102 229 2165 iata
256 2100 373 2172 iuerat,
397 2107 426 2159 et
446 2099 476 2159 in
498 2099 574 2161 hanc
594 2100 688 2179 ipsam
711 2100 936 2162 conversionem
959 2110 1148 2181 temperatae.

149 2291 183 2341 li.
202 2289 237 2339 Et
259 2295 342 2336 temen
361 2302 412 2350 eqo.
445 2283 548 2336 e‘amen
567 2292 592 2337 Α.
629 2286 738 2337 estemti
757 2289 781 2338 B.
822 2289 912 2337 Tamen
932 2291 1025 2354 reliqui.
1083 2285 1320 2343 intentamente.

148 2357 284 2408 Rutuli
305 2354 365 2404 Λθθ.
420 2353 458 2403 16.
477 2356 576 2404 exercita
595 2356 638 2404 te.
702 2356 988 2419 rnutpassionrnc.
1042 2356 1081 2407 18.
1100 2357 1175 2407 triola
1195 2357 1320 2422 multipiici
1395 2386 1401 2395 ·

148 2427 267 2491 perplexa
285 2439 305 2473 r„
342 2422 433 2470 trichea
453 2423 592 2485 multiplicis
611 2432 682 2486 etque
701 2423 812 2487 perplexa
828 2424 889 2474 tec.
932 2423 970 2474 19.
989 2424 1010 2473 si
1028 2426 1120 2476 ιιιΑθθ.
1157 2424 1198 2475 20.
1217 2428 1321 2479 eumer.

149 2493 186 2543 tt.
204 2495 275 2543 enim
295 2491 389 2539 scilicet
407 2492 471 2538 leon
489 2507 517 2552 c,
537 2507 566 2538 er
578 2492 691 2540 l'uticunis
703 2493 836 2550 eriberti).
877 2490 917 2541 22.
937 2494 1100 2542 conversionis
1118 2493 1210 2543 scilicet
1227 2495 1321 2547 intre.

151 2558 321 2611 reversionis
338 2558 362 2605 in
380 2559 475 2622 reliqui.
526 2557 566 2607 23.
586 2560 675 2607 vivente
694 2560 805 2609 vivificata
824 2562 848 2609 Α.

183 2689 281 2760 tw]
298 2683 360 2739 ’1αώ
372 2687 512 2756 σωτηρίαν
527 2700 549 2741 et
560 2683 711 2748 lqooouin-
763 2684 849 2753 αὐτὴν
876 2692 924 2755 τῆς
949 2686 987 2746 εἷς
1013 2685 1207 2773 τοῦμπροσθεν
1234 2686 1321 2763 ὁρμῆς

152 2770 299 2828 terpretatur
326 2760 444 2809 Eusebius
471 2762 492 2809 in
523 2762 570 2809 bne
604 2761 658 2809 libri
685 2762 712 2810 lv
763 2754 849 2811 εἰπεῖν
863 2753 932 2809 'Ioui
961 2753 1028 2811 ὅθεν
1044 2776 1075 2810 το
1091 2754 1153 2809 'Ioui
1171 2753 1260 2830 ὄνομα
1275 2778 1319 2829 ye-

153 2831 235 2895 lraoq.
248 2830 388 2878 Demonstr.
399 2822 508 2894 [cape]
527 2823 720 2892 chrysostomos
761 2828 898 2895 pruriebat
910 2823 1084 2897 φάσκουσι.”
1106 2831 1241 2896 luter-pres:
1258 2847 1319 2895 „co-

156 2900 276 2949 unsrun
297 2913 347 2960 rap.
368 2897 397 2945 t:
422 2890 482 2951 „Tb
504 2895 599 2955 Ιησοῦς
624 2888 712 2962 ὄνομα
762 2909 882 2949 ercentem
902 2915 953 2949 eam
978 2915 1007 2949 ne
1031 2901 1146 2951 anterior·
1163 2901 1264 2950 irrueret
1282 2902 1318 2950 ‹li-

154 2965 184 3034 rj
199 2957 410 3084 τόνέθῗῖτίων
429 2963 509 3077 ,qurqi
528 2959 624 3042 1σωτὴρ
642 2961 712 3043 llys·
761 2967 893 3084 Eissetl‘a‘q
912 2968 983 3017 ‘unde
1012 2976 1035 3017 et
1051 2968 1092 3017 iao
1118 2983 1206 3019 nomen
1230 2969 1317 3019 laetum

156 3040 228 3083 τιυί
304 3048 322 3082 rt
345 3047 388 3081 ns:
407 3066 427 3085 „
449 3047 487 3079 αω
506 3047 519 3078 τ
540 3047 556 3077 ν
574 3046 646 3079 σωτν
668 3047 713 3079 ταν
780 3050 851 3085 ιωῃ.

152 3095 269 3178 Ἑβραῖοι
288 3049 423 3165 5r'lryou.u
465 3102 493 3149 Et
520 3049 594 3149 flesse
629 3048 711 3149 rivirum
797 3119 819 3151 n.
845 3102 931 3152 Catulli
962 3101 1124 3169 Laureolum]
1165 3099 1319 3169 Αανρέολον

157 3176 222 3220 mam
243 3170 350 3232 prolenis
374 3183 462 3217 nomen
489 3169 577 3216 indicat
594 3170 711 3230 Apollinis
763 3162 930 3229 ἄσκηθεῖσα;
965 3171 1134 3221 Hellenismus.
1185 3173 1318 3222 Laureolus

157 3240 225 3288 cunr
254 3250 350 3286 versos:
376 3229 504 3300 „depuisa
528 3229 577 3281 τὸν
599 3228 711 3283 πάντων
762 3238 840 3287 tabule
866 3239 910 3287 luit
934 3239 1027 3287 mimica
1054 3240 1084 3288 de
1109 3241 1205 3288 nomine
1234 3241 1319 3291 iudicis

155 3297 257 3352 ἔπιτον
279 3298 347 3353 θεὸν
370 3297 458 3370 ἔμμεν
478 3295 573 3350 'retur‘
605 3304 710 3366 (Rigalt.)
761 3307 801 3370 qni
821 3309 843 3354 in
862 3320 956 3355 crucem
976 3306 1097 3367 agebatur.
1130 3307 1229 3355 Naeuius
1248 3313 1318 3371 poeta

160 3368 186 3420 θ’.
205 3373 318 3436 interprr.
336 3373 367 3421 ati
381 3375 450 3421 iren.
469 3373 486 3431 l,
499 3373 554 3431 qt.
573 3380 596 3421 et
614 3374 642 3421 ad
659 3373 708 3420 lle-
761 3373 904 3423 laureolum
924 3373 1028 3422 subulam
1048 3382 1071 3422 rt
1089 3374 1202 3422 Leontem
1222 3375 1245 3422 in
1264 3389 1317 3423 car·

161 3440 221 3489 neb.
239 3440 336 3488 Saturn.
354 3440 373 3497 l,
383 3440 422 3488 18.
761 3457 815 3490 cere
834 3441 962 3504 scripsisse
980 3442 1063 3498 fertur,
1089 3447 1215 3504 postcom
1236 3440 1317 3489 Catul-

187 3508 205 3555 l
227 3507 305 3556 Porro
316 3501 446 3570 Quirites!l
458 3508 496 3557 Sic
511 3507 584 3557 baiuli
596 3507 710 3556 inclama·
760 3508 799 3557 lus
818 3507 1006 3570 mimographus,
1035 3507 1064 3556 ad
1088 3522 1158 3571 quem
1177 3516 1260 3557 auctor
1277 3523 1317 3556 re·

158 3570 208 3623 lant
226 3575 354 3639 populum,
374 3577 516 3639 utquisque
544 3577 589 3624 sibi
609 3585 709 3630 careret.
761 3577 838 3639 spicit.
874 3575 1031 3624 Meminerant
1055 3575 1172 3624 luvenalis
1191 3575 1239 3624 Set.
1259 3575 1317 3637 vul,

158 3652 182 3688 rs
200 3644 237 3691 eui
255 3643 420 3706 imprudentes
445 3644 562 3691 sarcinam
592 3643 708 3704 impinge·
760 3638 859 3708 [187.],
895 3642 1009 3692 Martialis
1035 3643 1153 3706 lm'plrith.
1178 3643 1259 3707 Epiqr.
1284 3643 1316 3705 l.,

157 3719 212 3758 nst.
237 3709 368 3769 tllbenan.)
411 3712 446 3760 Cr.
471 3711 574 3759 Turnehi
600 3711 709 3759 Adverss.
760 3713 859 3777 Sueten.
878 3710 952 3772 Caliq.
971 3710 1072 3775 cupii.
1091 3709 1250 3770 (Fulcinius.)
1271 3749 1273 3752 .

157 3777 241 3835 put.
280 3778 388 3826 brisson.
405 3778 439 3826 De
458 3778 577 3826 Formnlis
595 3778 654 3835 llll,
668 3777 709 3829 21.
794 3795 817 3829 o.
836 3781 858 3827 in
878 3779 935 3828 trica
955 3779 1080 3841 multiplici
1102 3788 1173 3842 atque
1191 3774 1317 3845 perplexa]

187 3842 202 3889 l.
219 3842 302 3892 fidem
329 3841 459 3910 Caesaris]
478 3846 606 3904 Fortassis,
634 3847 709 3908 inquit
760 3847 874 3909 Perplexa
893 3863 921 3895 uc
939 3846 1103 3911 multipliciter
1129 3847 1246 3896 intricata.
1265 3847 1316 3906 (lli-

158 3906 321 3969 renutrimus,
350 3913 396 3961 boo
421 3914 465 3962 sibi
491 3914 538 3962 rult
563 3915 707 3974 incognitum
759 3915 825 3976 galet
861 3914 987 3964 irenaeus:
1014 3908 1073 3980 „pti
1098 3908 1263 3974 δυνηθεῖσαν
1286 3909 1317 3964 δὲ

160 3974 209 4027 llud
227 3979 378 4038 rocsbnlom,
398 3983 555 4043 quasilloros
573 3981 709 4030 illeoustos
760 3976 899 4030 deodericus
916 3976 965 4029 τὸν
976 3973 1067 4047 ‘'Opor,
1096 3976 1142 4030 διὰ
1167 3975 1198 4030 τὸ
1217 3994 1315 4048 συμπε-

161 4042 290 4096 Pleromatis
310 4048 393 4096 ridens
412 4049 562 4111 Enthymesin
591 4057 653 4097 tanta
672 4058 709 4098 te·
759 4046 876 4114 πλέχθαι
899 4049 936 4114 τῷ
953 4043 1046 4105 πάθει,
1071 4044 1115 4097 καὶ
1161 4045 1227 4110 όνην
1250 4040 1315 4098 eino-

161 4115 256 4165 lrr'rate
273 4117 379 4173 irruere,
398 4117 452 4164 durn
473 4118 551 4165 lumen
564 4117 622 4165 illud
636 4117 709 4166 nmis·
758 4114 921 4183 ληφθεῖσαν
938 4109 987 4172 ἔξω
1006 4111 1088 4166 παντὶ
1103 4133 1124 4184 μ
1139 4131 1181 4198 per
1197 4115 1246 4166 τοῦ
1263 4112 1314 4166 rui-

162 4189 205 4227 un
223 4184 337 4247 erqnirit,
366 4198 419 4232 cum
439 4185 461 4232 in
486 4200 580 4232 summo
599 4185 708 4248 periente
759 4185 828 4238 θους
845 4178 989 4234 ὑποπεσεῖν
1006 4182 1174 4252 πολυμερονς
1194 4179 1315 4235 rainut-

162 4257 201 4295 ton
217 4260 356 4315 superesset
375 4251 439 4299 aliud
464 4254 605 4311 remedium,
633 4253 708 4300 incia·
758 4249 832 4301 πίλου
850 4245 1029 4319 ὑπάρχοντος,
1047 4248 1092 4300 rui
1109 4252 1232 4303 παθεῖν’*
1260 4263 1314 4307 cett.

163 4320 243 4368 saeue
259 4320 335 4368 litiem
356 4319 476 4378 Caesarie,
503 4336 562 4384 quae
582 4336 627 4369 non
647 4321 710 4369 solet
793 4338 817 4385 p.
837 4319 990 4386 temperata]
1015 4322 1151 4398 irenaeus:
1176 4315 1256 4377 „Kal
1284 4313 1316 4369 οὔ

163 4383 270 4446 nplorsri
291 4388 338 4436 nisi
359 4388 383 4435 in
401 4390 475 4436 atroci
495 4404 558 4437 casu.
577 4389 683 4449 (Rigalt.)
758 4381 883 4454 καθάπερ
908 4382 1043 4503 ¹q‘duqrqp
1068 4379 1151 4448 αὐτῆς
1174 4382 1189 4449 ἢ
1220 4382 1314 4455 πρώτη

189 4515 193 4523 Ι
959 4451 1014 4514 tou.
1038 4451 1195 4525 ἱτεροίωσιν
1211 4450 1242 4506 ἒν
1258 4457 1315 4511 τοῖς

163 4519 206 4564 '¹¹¹
229 4523 330 4571 mentri
356 4523 452 4585 quibus,
480 4525 524 4572 nisi
557 4525 708 4587 depravatum
760 4519 879 4573 πάθεσιν
905 4513 991 4589 εἶχεν,
1028 4516 1094 4573 ἄλλα
1125 4517 1311 4585 ἐναντιότητα.

162 4575 291 4634 &luerit
308 4590 342 4639 de
366 4591 462 4638 nomine
481 4590 533 4639 loro
558 4600 599 4640 aut
617 4592 708 4640 lebona.
760 4586 999 4657 ἰπισυμβεβηκέναι
1025 4584 1052 4640 δ’
1073 4586 1141 4660 αὐτῇ
1157 4586 1202 4642 καὶ
1219 4586 1314 4660 ἑτέραν

163 4643 214 4728 itte
232 4657 416 4707 sanctisimum
441 4657 536 4722 aliquod
566 4675 652 4708 nomen
672 4662 708 4709 in·
761 4654 887 4709 διάθεσιν
904 4653 953 4719 τὴν
969 4654 1251 4729 τῆςίτιιστροφῆςέττὶ
1266 4654 1315 4707 τὸν

162 4716 217 4783 Ursi
243 4720 341 4770 debere
365 4725 463 4786 ridetur,
499 4728 565 4776 cuius
598 4730 709 4776 maiestas
761 4720 1000 4787 (oenotrioevrud‘
1043 4731 1178 4795 lnterpres:
1203 4728 1313 4789 „Etuon

163 4784 279 4839 “smoth
292 4790 454 4855 rebenuntius
464 4802 627 4858 erumpentem
639 4802 708 4844 coer·
761 4798 960 4861 quemadmodum
979 4806 1055 4848 nuter
1073 4800 1123 4849 eius
1136 4798 1213 4862 prime
1224 4795 1313 4859 Sophia

163 4858 225 4907 *ll
247 4857 361 4919 (Rigalt.)
396 4863 523 4912 irenaeus:
547 4856 708 4918 „anteana
759 4869 824 4915 leon
842 4865 1027 4918 demutationem
1051 4867 1075 4916 in
1099 4864 1252 4930 passionibus
1270 4864 1312 4912 ba·

181 4941 343 4988 resecuerunt
356 4958 408 4989 orr.
421 4958 454 4993 ru.
467 4961 564 4993 osunen.
584 4951 645 4992 Tum.
656 4950 681 4993 ll.
1130 4948 1162 4999 26

185 4464 212 4496 *⁰-
230 4458 258 4504 ‘n
286 4448 436 4518 scripturis]
471 4455 503 4503 ln
529 4453 626 4505 sacris?
657 4456 708 4504 Non
758 4452 916 4523 Σοφίακαι
