3242 5775
303 547 365 614 394
558 564 660 617 outnrt
682 561 815 608 aserim
836 562 1001 607 rtonnnrts
1024 558 1221 606 ceurennum

301 716 451 780 trinsecus
472 722 606 788 matese,
628 689 726 794 quem¹
739 721 768 775 et
785 714 911 777 Crucem
932 711 1082 792 appellent
1102 719 1133 773 et
1153 710 1297 792 Lytroten
1319 717 1351 774 et
1372 710 1476 795 Carpi-
1516 757 1523 802 3

302 824 378 881 stau.
422 815 466 877 lta
488 815 600 896 Sophia
621 813 754 896 periculo
784 823 918 894 exempta
947 821 978 875 et
1004 812 1088 875 tarde
1113 830 1272 893 persuasa,
1306 813 1479 878 ¹⁵deelinata
1516 863 1523 904 Ι

300 916 527 997 investigatione
543 916 652 997 patris,
675 915 859 994 conquievit,
883 922 1020 977 ettotam
1035 913 1290 988 ¹⁰animationem,
1312 913 1479 996 Enthyme·
1516 973 1520 1004 ι

302 1018 366 1094 sin,
388 1037 455 1081 cum
476 1017 634 1098 passione,
658 1036 733 1096 quae
755 1016 878 1095 insuper
899 1014 1061 1088 acciderat,
1084 1013 1252 1095 exposuitl.
1518 1081 1523 1108 Ξ

196 1137 284 1196 capr.
388 1119 447 1181 Se‘d
469 1120 588 1199 quidam
610 1117 719 1180 exitum
736 1116 867 1197 Sophiae
889 1126 919 1178 et
940 1116 1160 1178 restitutionem
1183 1116 1285 1178 ¹aliter
1307 1117 1481 1181 somniave-
1518 1175 1523 1200 ,

303 1228 383 1284 runt
427 1220 501 1281 Post
527 1219 631 1281 irritos
658 1226 783 1281 conatus
812 1228 842 1280 et
871 1215 938 1298 spei
965 1216 1161 1279 deiectionem
1190 1217 1385 1281 deformatam
1412 1238 1481 1282 eam
1521 1281 1523 1292 ,

303 1321 432 1402 pallore,
455 1321 561 1394 credo,
591 1330 621 1382 et
642 1320 735 1382 macie
756 1327 786 1381 et
807 1320 921 1383 incuria
942 1318 1089 1393 'lormae‚
1117 1318 1161 1381 uti
1182 1337 1258 1399 quae
1279 1329 1394 1399 patrem
1416 1339 1481 1386 non
1517 1375 1523 1416 ,-

305 1422 404 1486 minus
427 1422 602 1502 denegatum
626 1420 745 1482 dolebat
765 1439 853 1500 quam
874 1420 1029 1483 amissum.
1083 1419 1196 1482 Dehinc
1217 1421 1248 1481 in
1269 1420 1319 1483 illo
1342 1440 1482 1485 maerore

306 1542 342 1586 cr
364 1523 524 1603 semetipsa
546 1522 619 1592 sola,
641 1522 720 1584 nulla
743 1539 835 1601 opera
856 1522 1000 1600 coniugii,
1023 1521 1159 1601 concepit
1182 1530 1210 1583 et
1230 1530 1370 1601 procreat
1391 1523 1480 1585 lemi-

304 1643 385 1688 nam.
417 1624 533 1688 hliraris
554 1622 667 1685 'haesi
700 1622 737 1685 Et
758 1623 864 1702 gallina
887 1623 992 1684 sortita
1015 1631 1062 1685 est
1082 1621 1120 1684 de
1141 1641 1198 1685 suo
1220 1636 1358 1704 parere·;
1382 1624 1437 1686 sed
1451 1632 1481 1686 et

304 1725 436 1788 vultures
459 1725 584 1787 seminas
607 1732 720 1786 tantum
741 1724 865 1804 *parere
895 1724 1007 1787 aiuntb.
1062 1723 1099 1785 Et
1126 1732 1223 1786 nmen
1253 1724 1319 1787 sina
1347 1725 1480 1788 masculo

305 1826 432 1900 ‘maten
455 1833 485 1888 et
506 1834 640 1888 metuere
661 1834 833 1905 postremo,
855 1843 893 1886 ne
915 1824 984 1886 finis
1005 1843 1125 1904 quoque
1146 1825 1331 1900 “insisterem
1354 1839 1385 1890 et
1405 1825 1479 1888 hae·
1511 1869 1523 1904 ,2

304 1945 373 1990 rere
395 1927 432 1990 ds
453 1926 569 1989 ratione
591 1945 693 2000 casus,
722 1926 826 1988 curare
847 1926 885 1987 de
907 1925 1113 1988 occultatione.
1158 1927 1298 1989 Remedia
1320 1945 1479 2006 nusquam.
1514 1971 1523 2029 Ι

305 2026 362 2089 Ubi
384 2027 542 2089 animiam
563 2027 732 2107 tragoediae
754 2037 784 2089 et
805 2026 1002 2099 comoediae·,
1035 2026 1182 2106 aquibus
1204 2029 1299 2090 torma
1326 2035 1480 2090 mutuare·
1513 2087 1523 2128 Ξ

306 2127 374 2190 tur‘¹
398 2129 564 2208 exponendi
586 2127 666 2208 quod
688 2129 777 2190 ⁷citra
799 2127 945 2207 pudorem
961 2136 1025 2189 erat
1039 2126 1163 2189 natum?
1190 2128 1267 2191 Dum
1281 2130 1313 2191 in
1327 2128 1413 2191 malis
1429 2148 1479 2192 res
1515 2189 1520 2212 ,

307 2237 369 2303 est,
393 2230 534 2311 suspicit,
557 2229 704 2292 convertit
724 2229 761 2291 ad
783 2234 908 2309 patrem.
941 2228 1001 2291 Sed
1023 2230 1174 2292 incassum
1196 2229 1312 2305 'enisa
1334 2230 1386 2293 οιιι
1400 2232 1480 2294 vires

306 2329 499 2403 deserebant,
531 2331 562 2391 in
591 2348 696 2409 preces
725 2330 887 2392 ¹⁰suceidit.
930 2330 1007 2392 'lota
1028 2330 1116 2391 etiam
1137 2330 1344 2410 propinquitas
1366 2350 1423 2412 pro
1446 2350 1480 2393 ea

307 2430 469 2512 supplicat,
492 2431 537 2493 vel
559 2432 685 2493 maxime
706 2430 779 2492 Nus.
826 2430 988 2504 ¹¹Quidni?
1027 2430 1120 2493 Causa
1143 2431 1211 2493 mali
1233 2430 1331 2493 tanti?
1375 2432 1479 2495 Nullus
1519 2419 1522 2429 ¹

306 2538 405 2593 nmen
437 2531 566 2612 Sophiae
595 2532 691 2594 exitus
718 2531 825 2594 vacuit.
874 2531 986 2594 Omnes
1019 2550 1176 2594 aerumnae
1209 2533 1274 2594 eius
1308 2542 1480 2613 operantur.

140 2643 144 2650 '
233 2665 241 2678 =
307 2630 460 2712 Siquidem
493 2640 523 2694 et
553 2632 601 2694 illa
634 2644 704 2694 tunc
731 2632 909 2695 conflictatio
939 2633 969 2694 in
997 2633 1136 2698 Materiae
1163 2633 1307 2715 originem
1334 2636 1480 2715 pervenit.
1520 2661 1523 2672 ι

1513 1478 1523 1520 d

1511 1579 1523 1621 1

1510 1681 1523 1725 tl

1509 1781 1518 1823 1

309 2816 349 2868 15.
368 2816 680 2870 destruentemque
701 2822 812 2872 Vaticani.
828 2805 877 2870 *de
896 2819 1008 2870 inclinata
1029 2819 1091 2880 deb„
1111 2821 1149 2870 Fr.
1160 2822 1249 2871 lucius.
1294 2821 1333 2872 111.
1352 2823 1481 2874 animatio·

307 2899 372 2945 nem,
391 2884 554 2948 Enthymesin,
573 2902 626 2937 cnm
645 2905 695 2952 epo.
742 2890 912 2940 animationem
931 2889 1069 2952 Enthymesi
1087 2904 1141 2939 eum
1162 2890 1184 2939 G.
1229 2891 1400 2941 animationem
1419 2893 1481 2956 Syn·

307 2953 410 3003 themcsi
429 2968 482 3003 enm
500 2954 544 3004 111.
580 2955 734 3019 Enthymesin
753 2957 777 3006 id
795 2966 833 3007 est
850 2956 1020 3007 animationem
1039 2971 1093 3006 cem
1106 2958 1199 3022 reliqui,
1212 2959 1482 3011 remaneamus.

377 3021 434 3085 Cap.
453 3021 481 3071 Χ.
526 3021 550 3071 1.
572 3023 637 3072 dicit.
672 3023 875 3087 Sompniarerunt
898 3032 954 3088 post
979 3024 1061 3073 irritos
1078 3023 1122 3074 AB.
1175 3023 1199 3073 2.
1218 3026 1318 3088 proprie
1336 3027 1420 3090 utique
1437 3027 1482 3078 AB.

305 3088 606 3140 nuntiantesque
667 3089 691 3140 3.
710 3092 757 3141 boc
773 3092 798 3142 B.
856 3091 881 3141 t.
900 3106 986 3156 parere
1004 3107 1051 3141 ιιοιι
1068 3093 1151 3142 tulero
1168 3092 1209 3142 ed.
1228 3095 1303 3143 codes
1319 3093 1418 3144 meoet
1457 3095 1482 3148 5.

306 3163 404 3204 matres.
429 3155 534 3205 ldetuere
553 3157 589 3207 Fr.
602 3158 690 3207 lucius.
735 3167 820 3209 mater.
850 3159 929 3208 Primo
949 3159 1045 3223 quidem
1065 3160 1202 3209 contristari
1221 3168 1322 3224 propter
1339 3161 1482 3213 inconsum-

305 3223 436 3271 mationem
459 3224 631 3285 generationis,
656 3233 763 3275 metuere
781 3229 828 3287 ed„
848 3243 877 3276 ee
894 3228 996 3276 irenaeo.
1054 3225 1079 3275 6.
1103 3228 1234 3284 insisteret,
1259 3236 1283 3277 et
1305 3227 1408 3279 haerere
1432 3244 1482 3293 epo.

305 3289 436 3350 insisteret,
465 3292 565 3341 haerere
589 3294 644 3342 libri
668 3309 753 3344 omnes.
816 3293 840 3343 i.
865 3295 923 3343 citra
948 3295 994 3354 ed,
1021 3309 1050 3344 ee
1067 3309 1113 3344 urie
1136 3295 1252 3345 Vulcano.
1296 3296 1360 3347 circa
1387 3299 1482 3361 reliqui.

304 3354 329 3437 β.
346 3359 434 3477 ppicssa
452 3360 478 3409 ,1.
530 3359 554 3409 9.
574 3368 599 3408 ιιι
617 3359 654 3408 Fr.
665 3361 753 3411 lunius.
795 3370 819 3412 ct
841 3363 897 3412 libri
914 3376 999 3411 omnes.
1054 3360 1094 3411 10.
1117 3362 1226 3412 succedit
1242 3361 1303 3413 ABG.
1359 3363 1400 3414 11.
1424 3363 1482 3428 quid

304 3438 329 3474 ιιι
402 3461 409 3477 .

307 3558 369 3618 1,s
393 3560 481 3618 ..Orod
509 3563 529 3611 si
555 3561 668 3624 apostolo
694 3562 868 3623 auscultamus,
953 3561 1013 3626 Cap.
1032 3563 1058 3613 ll.
1094 3576 1115 3611 a.
1135 3562 1163 3613 m
1180 3562 1269 3624 gallina
1292 3565 1380 3615 sortita
1397 3573 1435 3616 est
1452 3563 1482 3615 da

307 3627 375 3676 obliti
394 3630 556 3690 posteriorum
576 3631 726 3680 extendamur
743 3632 867 3695 inpriore,
919 3644 964 3680 suo
983 3624 1081 3694 parere]
1099 3629 1136 3681 ct.
1153 3629 1250 3680 aristei.
1268 3631 1329 3681 llist.
1347 3631 1393 3681 dn.
1411 3631 1479 3693 il,2

307 3703 331 3743 et
348 3694 475 3746 meliorum
494 3697 659 3746 donatirornm
677 3706 811 3748 sectatores
834 3700 869 3748 si·
920 3698 981 3747 l’lin.
1000 3697 1028 3747 ll.
1039 3697 1067 3746 N.
1088 3696 1167 3747 libll.
1186 3713 1238 3761 cap.
1250 3696 1282 3748 te
1300 3706 1326 3749 et
1342 3698 1387 3749 60.

308 3763 389 3810 mus.“
954 3766 978 3814 b.
997 3765 1045 3814 Sed
1063 3773 1087 3814 et
1105 3764 1322 3816 vulturesleminas
1335 3774 1485 3832 tantumpr-

919 3846 974 3882 rere
993 3826 1079 3896 aiunt]
1097 3831 1168 3881 tetus
1190 3833 1315 3895 exemplar
1338 3847 1389 3884 non
1411 3834 1485 3885 babet

918 3914 1008 3964 perere.
1045 3900 1090 3959 Qui
1107 3914 1188 3963 perere
1205 3900 1325 3960 inserunt,
1351 3901 1486 3953 Tertullia-

919 3967 987 4017 oieaa
1006 3967 1118 4017 dictionis
1136 3981 1236 4018 acumen
1246 3982 1295 4018 uon
1306 3968 1414 4032 capiunt.
1431 3969 1486 4030 (lli-

920 4034 987 4096 galt.l
1032 4033 1059 4084 ln
1086 4034 1204 4084 ruiturum
1236 4049 1325 4097 genera
1352 4049 1407 4087 mas
1435 4051 1485 4087 non

920 4102 1035 4161 nascitur,
1057 4102 1100 4151 sed
1118 4101 1222 4151 laminae
1240 4116 1334 4153 omues.
1368 4105 1486 4155 Διιιιηιι

919 4176 1016 4219 rentum
1034 4168 1172 4219 antliumm
1191 4183 1235 4219 ore
1253 4170 1335 4220 hiante
1351 4170 1485 4235 excipiunt,

920 4244 944 4286 et
969 4237 1006 4285 sic
1032 4244 1101 4286 rento
1128 4237 1178 4285 rice
1210 4238 1311 4287 seminis
1341 4237 1485 4303 inplentur.

920 4304 1008 4353 ductor
1025 4304 1147 4353 helianus.
1164 4303 1324 4364 (Rhenanus.)

954 4386 974 4420 c.
982 4371 1120 4432 tragoediae
1131 4379 1154 4420 et
1164 4369 1316 4436 comoediae}
1327 4372 1426 4425 Etenim
1434 4371 1486 4423 illic

341 4431 365 4480 b.
384 4431 515 4499 exposuit]
541 4436 634 4485 irenaei
653 4436 788 4500 interpres:
806 4437 869 4496 „de-
920 4446 1048 4488 narrantur
1066 4439 1167 4501 expositi
1186 4439 1289 4490 inientes
1313 4440 1345 4491 de
1362 4440 1485 4504 petendis

307 4500 420 4563 posuisse
439 4502 565 4563 pristinam
592 4504 748 4554 intentionem
767 4518 821 4555 eum
840 4520 869 4555 ea
920 4513 944 4555 et
962 4506 1055 4556 lurtiris
1073 4505 1223 4570 amplexibus
1241 4508 1299 4557 nati.
1343 4507 1412 4559 lleee
1428 4521 1485 4560 earo

307 4581 369 4630 quae
388 4568 506 4618 acciderat
525 4571 638 4634 passione
656 4585 684 4620 er
701 4572 742 4621 illa
761 4573 869 4636 stuporis
919 4562 1019 4636 ἄζυγος
1037 4573 1067 4622 de
1083 4587 1129 4623 suo
1148 4582 1285 4638 pepererat.
1305 4574 1418 4637 (Rigalt.)

308 4634 494 4685 admiratione.“
536 4637 570 4686 lie
587 4637 660 4688 verbo
686 4654 799 4703 erpoaere
822 4654 868 4702 pro
953 4641 977 4691 d.
996 4641 1074 4690 torma
1100 4637 1262 4708 mutuaretur]
1288 4641 1390 4704 Forma,
1405 4643 1431 4695 id
1448 4651 1487 4695 est

309 4702 421 4765 deponere
439 4711 555 4768 usurpato
569 4706 598 4754 cl.
612 4705 702 4756 adnott.
714 4707 744 4756 ad
756 4707 789 4756 lte
801 4706 869 4758 Orat.
919 4707 1013 4757 nodus.
1055 4708 1168 4759 Ceterum
1191 4708 1307 4763 taeittine
1329 4711 1485 4776 reposuerim

309 4782 362 4833 erp.
374 4769 413 4820 15.
919 4774 1041 4836 normam
1060 4775 1237 4829 mutuaretur.“

342 3874 365 3920 g.
393 3861 552 3911 universitatis
578 3863 644 3913 illins
671 3873 695 3914 et
721 3866 869 3916 extrInsecns

308 3924 402 3990 custos}
423 3929 455 3977 lte
474 3929 596 3979 emendari
616 3931 679 3981 hune
698 3932 786 3982 locum.
817 3933 868 3982 lre·

308 4007 397 4043 naeus:
416 3988 463 4050 „ei
477 3989 516 4061 μὴ
536 3995 569 4062 τῇ
586 3993 747 4067 στηριζούσῃ
765 3993 811 4048 καὶ
828 3991 868 4048 ἐκ·

307 4053 355 4113 τὸς
379 4061 427 4110 τοῦ
458 4053 493 4130 ἆῤ
512 4056 579 4122 vitoe
603 4062 738 4130 μεγέθους
764 4062 869 4133 pudeo·

309 4123 393 4195 ooaiep
424 4123 459 4178 τὰ
491 4128 541 4179 oia
571 4129 699 4200 συνέτυχε
722 4127 868 4201 δυνάμει.“

307 4195 445 4260 interpres:
472 4201 537 4257 „uisi
556 4202 586 4257 ei,
610 4216 671 4264 quae
696 4204 821 4253 confirmat
846 4211 869 4252 et

307 4270 372 4312 extra
391 4265 575 4317 inenarrabilem
589 4270 775 4329 magnitudinem
786 4277 868 4319 custo-

309 4329 343 4378 dit
361 4334 449 4391 omnia,
468 4337 614 4385 occurrisset
633 4337 738 4386 uirtuti.“
