3242 5775
242 623 304 718 692
498 659 600 717 oorurr
622 661 753 707 serrum
773 644 939 704 monearis
962 656 1158 701 rsnrumnnr

242 817 407 884 substantia
428 814 514 876 lesos
537 832 571 875 ex
594 812 726 885 duabus,
757 829 794 872 ex
816 827 904 871 carne
926 817 957 871 et
983 807 1105 887 spiritu,
1143 805 1298 867 “minora
1322 786 1443 885 quae-³

165 959 170 976 .
244 920 327 991 dam,
350 927 383 979 ut
404 916 546 978 electrum
567 932 603 975 ex
625 930 702 974 auro·
721 920 751 972 et
771 915 923 989 argentm,
953 918 983 970 et
1009 908 1112 987 incipit
1133 925 1190 968 nee
1211 925 1316 967 aurum
1340 925 1421 976 esse,

243 1021 273 1082 id
296 1017 501 1096 suspiritus,
524 1019 814 1092 nequeargentum‚
845 1009 875 1071 id
898 1019 1052 1081 estuare,
1086 1010 1155 1070 dum
1178 1007 1302 1069 aiterum
1326 1007 1422 1068 altero

226 1105 391 1190 mutatur,
424 1124 454 1177 et
480 1115 601 1177 tertium
628 1114 699 1193 quid
727 1112 862 1173 affinitur.
911 1110 1015 1189 Neque
1044 1128 1116 1188 ergo
1139 1108 1213 1169 deus
1237 1108 1293 1169 erit
1315 1108 1423 1180 lesus3

246 1237 345 1294 sermo
368 1218 446 1278 enim
469 1215 557 1276 desiit
579 1233 660 1287 esse,
689 1213 739 1292 qui
761 1231 829 1274 oaro
851 1212 946 1274 faetus
970 1220 1032 1272 est:
1067 1210 1191 1288 ¹³neque
1220 1210 1312 1269 homo
1336 1227 1425 1281 ear03

246 1335 315 1381 earo
338 1317 416 1380 enim
439 1334 499 1377 non
521 1316 644 1395 proprie
666 1322 728 1385 est,
753 1311 849 1391 ¹⁰quia
872 1330 972 1372 sermo
995 1312 1059 1372 suit.
1091 1311 1187 1371 itaer
1202 1318 1330 1387 utroque
1346 1328 1425 1370 neu·

185 1455 192 1472 ·
247 1428 326 1481 trum
349 1427 411 1488 est;
444 1417 523 1478 aliud
544 1416 632 1494 longe
654 1413 774 1476 tertium
796 1419 844 1474 est
865 1432 952 1492 quam
975 1421 1143 1490 utrumque.
1188 1411 1245 1472 Sed
1270 1410 1349 1470 enim
1372 1410 1422 1470 in-

247 1518 382 1580 venimus
404 1517 486 1578 iUum
508 1515 621 1577 dimoto
645 1522 676 1575 et
702 1515 790 1574 deum
819 1521 850 1574 et
875 1512 1027 1574 homiuem
1056 1513 1237 1591 expositum,
1270 1512 1337 1589 ipso
1366 1510 1427 1570 hoe

103 1610 238 1711 affin&
248 1618 362 1699 psalmo
384 1624 578 1695 suggerente,
607 1614 754 1687 Quoniam
777 1614 852 1675 deus
873 1613 965 1674 homo
988 1622 1075 1675 natus
1098 1621 1145 1674 est
1166 1613 1195 1673 in
1219 1611 1283 1683 ilia,
1313 1611 1426 1671 ¹⁷aedi·

141 1745 149 1766 =
248 1719 345 1781 floavit
366 1736 431 1779 eam
453 1716 602 1777 voluntate
624 1716 736 1795 patris3
758 1723 839 1775 certe
862 1732 1073 1793 usquequaque
1096 1714 1186 1774 filium
1210 1713 1257 1773 dei
1280 1720 1310 1772 et
1332 1712 1426 1771 titium

249 1818 398 1892 hominis,
426 1835 493 1878 oum
515 1815 604 1877 deum
627 1825 656 1877 et
677 1816 845 1889 homiuem,
876 1814 942 1875 siue
965 1814 1054 1875 dubio
1078 1813 1239 1875 seeundum
1270 1823 1429 1891 utramque

184 1985 194 2002 ,
250 1918 446 1982 substantiam
468 1916 499 1977 in
520 1934 574 1977 sua
596 1916 780 1996 proprietate
802 1915 977 1987 distantem,
1010 1915 1077 1994 quta
1106 1933 1201 1992 neque
1224 1931 1324 1974 sermo
1349 1911 1428 1973 atiud

251 2035 339 2099 mam
366 2006 457 2091 deus,
490 2035 587 2096 neque
614 2034 683 2078 earo
712 2016 789 2077 aliud
819 2033 908 2095 quam
936 2016 1037 2080 homo.
1088 2015 1138 2075 Sic
1159 2024 1187 2075 et
1210 2013 1367 2093 apostotus
1391 2013 1429 2073 de

125 2123 378 2197 nomm-utraque
401 2116 465 2179 eius
488 2116 653 2178 substantia
675 2115 773 2176 dooet
826 2115 883 2188 Qui
905 2117 1000 2177 taetus
1023 2123 1085 2187 est,
1115 2116 1224 2193 inquit,
1255 2133 1290 2175 ex
1314 2114 1430 2174 semine

118 2292 126 2303 .
151 2216 355 2280 tirannio.
392 2217 448 2279 Hie
469 2217 525 2279 erit
546 2217 637 2278 homo
660 2225 691 2278 et
710 2215 789 2277 filius
811 2216 959 2289 hominis,
982 2216 1031 2295 qui
1055 2215 1192 2276 delinitus
1214 2223 1261 2276 est
1282 2215 1359 2277 filius
1383 2214 1430 2275 dei

253 2316 417 2380 seeundum
438 2317 605 2397 spiritum·
630 2317 685 2378 Hie
707 2317 764 2379 erit
785 2316 860 2378 deus
882 2327 912 2379 et
934 2335 1050 2400 sermo,
1082 2317 1129 2377 dei
1152 2316 1240 2396 tilius.
1287 2315 1431 2376 Videmus

214 2417 216 2482 i
253 2418 400 2499 duplicem
422 2425 548 2489 statum.
571 2436 631 2479 non
654 2419 828 2488 contusum.
852 2416 906 2478 sed
921 2418 1128 2489 coniunctum,
1152 2417 1183 2477 in
1205 2437 1263 2478 una
1285 2435 1429 2495 persona,

207 2503 215 2582 t¹
253 2517 342 2582 taum
364 2527 395 2580 et
414 2517 566 2579 hominem
588 2517 698 2579 Iesum.
732 2518 801 2579 ”Ue
824 2517 944 2579 Christo
967 2526 1065 2578 autem
1090 2517 1254 2579 1⁹ditierod.
1291 2517 1330 2577 Et
1351 2517 1427 2577 adeo

255 2618 335 2680 salva
357 2626 404 2679 est
426 2618 581 2696 utriusque
602 2620 769 2698 proprietas
793 2617 992 2689 substantiae,
1026 2627 1059 2678 ut
1087 2626 1116 2679 et
1138 2619 1261 2696 spiritus
1284 2635 1334 2678 res
1359 2635 1433 2678 suas

256 2716 350 2797 egerit
370 2716 400 2777 iu
423 2716 491 2791 illo,
513 2718 542 2780 id
565 2726 612 2780 est
633 2719 757 2781 virtutes
780 2728 817 2780 et
832 2736 922 2798 opera
945 2718 1095 2796 staigos,
1126 2727 1155 2779 et
1176 2737 1245 2779 earo
1267 2717 1430 2796 passiones

257 2834 328 2879 suas
351 2818 449 2878 iuncta
471 2817 526 2893 sit,
549 2819 686 2880 esuriens
708 2818 765 2880 sub
788 2818 921 2894 diabolo,
944 2819 1049 2879 sitiens
1065 2818 1121 2879 sub
1138 2815 1330 2891 Samaritide,
1353 2817 1432 2877 flens

256 2916 426 2991 Lazarum,
449 2919 533 2981 anxia
556 2938 651 3000 usque
672 2919 709 2981 ad
731 2927 875 2994 mortem,
899 2920 1025 2999 denique
1047 2929 1074 2981 et
1091 2928 1278 2981 mortuaest.
1316 2918 1436 2991 Quodsi

257 3018 376 3080 tertium
400 3018 470 3098 quid
493 3029 591 3093 esset,
625 3039 661 3081 ex
683 3029 810 3100 utroque
832 3022 1003 3094 confusum,
1038 3031 1070 3081 ut
1098 3020 1254 3090 electrum,
1287 3030 1433 3081 nontam

259 3117 398 3180 distincta
419 3118 595 3181 documenta
616 3128 755 3199 parerent
775 3121 930 3200 utriusque
945 3121 1137 3183 substantiae.
1173 3121 1232 3181 Sed
1255 3129 1285 3182 et
1308 3121 1437 3200 spiritus

150 3220 157 3231 ‘
259 3218 384 3282 earnalia
407 3230 438 3281 et
458 3238 527 3280 caro
549 3219 722 3300 ”spiritalia
745 3223 854 3301 egisset
876 3241 910 3283 ex
927 3221 1135 3290 translatione.
1158 3221 1236 3282 ²¹aut
1251 3240 1347 3301 neque
1364 3241 1433 3282 ear·

259 3318 335 3381 nalia
357 3337 454 3399 neque
475 3319 634 3399 spiritalia,
662 3321 716 3383 sed
738 3323 843 3385 tertiae
864 3323 988 3384 alieuius
1017 3324 1129 3383 formae
1150 3321 1216 3383 ”ex
1239 3322 1438 3395 confusione3

261 3420 352 3482 immo
380 3428 432 3482 aot
459 3438 559 3482 sermo
586 3429 724 3484 mortuus
758 3431 842 3484 esset
868 3432 919 3485 aut
943 3441 1013 3484 earo
1044 3431 1159 3483 mortua
1188 3441 1247 3482 uon
1278 3432 1379 3496 esset,
1411 3417 1437 3484 si

260 3538 359 3582 senno
382 3539 546 3583 conversus
568 3531 652 3583 esset
672 3522 703 3583 in
725 3541 860 3596 oamem3
881 3535 933 3585 aut
946 3542 1015 3585 earo
1031 3525 1109 3584 enim
1125 3523 1300 3584 immortalis
1316 3524 1440 3597 fuisset,

260 3629 311 3682 aut
325 3639 425 3683 sermo
440 3622 586 3684 mortalis.
621 3623 681 3685 Sed
703 3624 771 3702 quia
792 3623 975 3686 substantiae
998 3623 1100 3685 ambae
1123 3624 1152 3684 in
1176 3632 1255 3685 statu
1270 3642 1327 3685 suo
1343 3643 1441 3702 quae·

262 3738 320 3799 que
340 3720 508 3783 ”distincte
530 3722 670 3800 agebant,
698 3724 765 3784 ideo
787 3724 846 3786 iilis
868 3733 899 3786 et
920 3743 1028 3804 operae
1051 3733 1081 3785 et
1103 3724 1199 3785 exitus
1222 3723 1268 3784 sui
1292 3742 1439 3786 occurre-

148 3834 249 3885 runte.
263 3829 344 3881 mut.
376 3820 464 3882 Disce
486 3820 575 3898 igitur
596 3839 662 3881 oum
677 3821 854 3886 Nicodemo:
878 3825 954 3898 Quia
976 3826 1055 3905 quod
1077 3824 1135 3885 ²*in
1158 3842 1246 3886 earne
1261 3833 1364 3886 natum
1381 3833 1441 3899 est,

263 3922 332 3980 ¹earo
356 3928 418 3992 est,
440 3926 471 3980 et
491 3918 570 3997 quod
594 3918 631 3981 de
653 3921 778 4001 spiritu,
800 3925 923 4005 spiritus
947 3934 1004 3986 est.
1037 3925 1138 4005 Neque
1161 3945 1229 3987 caro
1252 3925 1381 4004 spiritus
1396 3927 1439 3998 fit,
1462 3991 1464 3995 ,

265 4034 361 4094 neque
383 4018 506 4096 spiritus
521 4037 601 4080 earo.
633 4021 668 4082 ln
689 4041 750 4084 uno
771 4024 859 4104 plane
881 4044 948 4086 esse
968 4035 1107 4105 possunt.
1140 4026 1183 4087 Ex
1200 4025 1246 4087 his
1262 4026 1347 4088 lesus
1364 4045 1441 4088 eon-

135 4133 254 4186 suetan
265 4117 357 4191 stitit,
380 4136 415 4178 ex
438 4136 526 4180 earne
547 4119 656 4193 homo,
689 4141 725 4185 ex
748 4124 855 4203 spiritu
876 4125 966 4199 deus,
996 4135 1084 4204 quem
1106 4135 1177 4188 tuno
1198 4126 1321 4204 angelus
1344 4146 1381 4188 ex
1404 4144 1440 4188 ea

191 4332 193 4337 Α
266 4268 306 4317 tt.
325 4283 351 4317 ex
371 4270 470 4319 mixtura
489 4274 513 4321 t.
532 4275 596 4323 test.
647 4273 685 4323 tt.
704 4289 782 4340 neque
801 4292 866 4338 caro,
886 4277 908 4327 id
928 4286 964 4328 est
983 4280 1070 4337 homo;
1090 4293 1145 4327 caro
1165 4279 1227 4326 enim
1247 4280 1280 4339 d„
1300 4280 1443 4329 cumFuinio

266 4335 357 4385 Ursino.
383 4402 387 4411 ⁸
418 4337 456 4388 16.
476 4343 515 4402 qoi
535 4342 567 4402 d„
587 4357 638 4392 cunt
657 4343 736 4392 Fuioio
753 4343 844 4394 Ursino.
905 4345 944 4394 17.
969 4355 992 4395 et
1011 4346 1202 4395 aedificarunt.
1222 4348 1285 4396 tent.
1352 4345 1391 4396 18.
1409 4347 1442 4394 de

264 4403 553 4465 quotlttrtstod.1.eid.
616 4408 653 4458 ts.
678 4410 764 4459 differo
782 4413 842 4462 ned.
862 4413 935 4473 teta,
961 4421 1007 4463 tres
1030 4415 1139 4464 Vaticani.
1183 4414 1277 4461 dissero
1297 4413 1354 4464 aar.
1399 4413 1440 4463 20.

264 4469 398 4532 spiritualia
416 4474 442 4522 A.
467 4473 562 4538 Utique.
614 4474 655 4525 21.
673 4487 715 4526 sut
731 4479 764 4540 d„
784 4494 835 4529 cem
852 4481 932 4530 Fuioio
950 4480 1040 4530 Ursino.
1087 4491 1111 4529 nt
1128 4482 1215 4530 ABubc.
1233 4482 1297 4530 Laid.
1350 4480 1393 4531 22.
1412 4495 1443 4530 ss

265 4552 309 4586 om.
328 4539 394 4587 oded.
448 4537 490 4589 2³.
507 4542 635 4615 distinctae
653 4547 704 4596 ote.
756 4544 797 4595 tt.
816 4548 846 4597 de
863 4549 978 4598 Latinius.
1459 4546 1467 4561 ’

300 4651 320 4685 ο.
340 4648 365 4686 ut
390 4638 505 4689 etsctrum
529 4655 556 4691 ex
581 4657 640 4693 suro
667 4652 692 4695 et
714 4642 826 4711 argento]
912 4663 932 4696 e.
952 4650 1061 4698 esuriens
1085 4649 1130 4698 sub
1155 4649 1261 4705 diabolo,
1285 4650 1371 4698 sitiens
1394 4649 1444 4699 sub

265 4702 302 4753 Gt.
321 4705 376 4753 Adr.
396 4706 508 4769 Uermoq.
527 4709 633 4772 eap25.
876 4714 1028 4773 Samaritide,
1047 4718 1107 4764 tiens
1127 4714 1253 4782 Lazarum]
1272 4717 1370 4766 Eisdem
1390 4717 1447 4767 tere

298 4771 324 4848 d.
343 4771 377 4822 Ue
390 4774 486 4824 Christo
505 4784 583 4826 sutem
602 4775 709 4844 differo]
728 4778 760 4829 Ue
778 4781 825 4831 hoc
876 4783 954 4832 serbis
973 4786 1046 4832 utitor
1065 4785 1097 4832 Ue
1117 4786 1194 4833 Carne
1213 4785 1269 4833 Chr.
1288 4799 1340 4849 cap.
1351 4784 1376 4834 9.

264 4850 329 4887 euim
348 4854 401 4904 cap.
419 4856 489 4907 sequ.
