3242 5775
306 631 378 680 „vm
782 627 873 672 inosx
893 626 1003 673 emori.

304 785 387 843 Baiae,
411 782 475 848 quod
500 797 548 833 nou
573 782 725 844 cogitaverat,
753 780 867 830 domiuus
916 780 1059 846 baptizandi
1080 780 1216 834 baeretici
1235 782 1274 834 Be
1290 783 1461 848 Praeseriptb

341 853 462 916 suggessit
478 851 535 900 Λᾶν.
554 848 625 899 liare
644 849 681 908 lll,
692 848 734 899 39.
951 857 995 899 ret.
1009 847 1049 899 12.
1071 849 1109 900 Be
1129 849 1210 915 Bapt.
1225 851 1269 902 15.
1288 851 1325 902 ne
1342 852 1444 904 euers.

307 920 442 974 Balaridem
465 918 587 982 illyricum
615 933 628 967 ν
651 916 765 966 llolossis
788 929 867 980 usque
918 916 1042 982 Baptieare
1073 918 1155 968 dehet
1176 920 1321 985 episcopus
1338 929 1362 971 et
1377 923 1459 986 presius

343 989 372 1039 ιᾶ
392 987 555 1038 liacedouiaux
574 999 601 1036 ex
612 985 707 1035 somnio
718 984 868 1034 dominatum
952 986 985 1034 Bc
1005 985 1078 1050 Bapt
1092 985 1137 1036 l‘l.

343 1056 477 1105 beluina
495 1053 538 1105 46.
919 1053 1036 1117 Baptirari
1056 1053 1193 1118 quosdam
1215 1070 1264 1119 pro
1285 1060 1384 1109 munais
1403 1058 1460 1107 liele

307 1125 429 1188 Beptirma
447 1122 559 1173 vicarium
577 1122 643 1171 arni
663 1119 760 1186 quidam
779 1120 867 1183 prolu-
952 1129 1059 1171 surrect.
1080 1121 1180 1172 Cernis
1201 1123 1247 1174 48.

343 1200 421 1243 tumui
446 1191 612 1239 existimarunt
637 1189 667 1239 ad
691 1200 760 1251 spem
784 1201 868 1236 resur·
919 1189 1042 1239 Barnabse
1062 1190 1141 1241 titulo
1164 1192 1263 1242 citatur
1280 1192 1357 1256 Epist.
1372 1193 1458 1244 adde.

343 1259 457 1310 rectionis
477 1259 510 1307 Be
529 1258 665 1306 liernrrect
685 1255 769 1306 Carnis
786 1253 829 1305 48.
953 1271 1025 1321 quam
1050 1258 1120 1321 opud
1150 1259 1283 1310 ecclesias
1309 1270 1484 1326 receptam·

308 1355 343 1366 -
361 1327 565 1378 inremissionem
577 1325 719 1374 delictorum
729 1323 785 1372 Λᾶν.
797 1322 868 1376 ldarr.
954 1327 1047 1375 nuntiat
1069 1325 1105 1375 Be
1125 1326 1220 1377 Pudie.
1231 1327 1277 1379 20.

345 1396 364 1455 1,
381 1394 424 1445 28,
920 1392 1031 1458 Besilidis
1050 1393 1173 1444 haeresis
1195 1395 1232 1445 Be
1253 1397 1388 1448 Besurrett.
1396 1395 1460 1448 61ιί

309 1490 344 1501 -
361 1469 440 1512 servat
464 1460 569 1509 llaroiou
600 1460 670 1509 morti
704 1466 746 1509 aut
768 1457 869 1522 repudio
954 1461 1008 1510 Λᾶν.
1028 1461 1104 1510 0mn.
1120 1461 1235 1513 Haeret.
1253 1465 1277 1513 1.

344 1531 401 1581 Λᾶν.
419 1528 491 1579 llarc
509 1527 546 1588 tt,
568 1527 605 1576 11.
920 1527 981 1578 baxa
999 1528 1068 1592 Syria
1088 1528 1126 1578 ne
1147 1531 1215 1580 Pell.
1234 1531 1263 1582 4.

309 1607 367 1664 post
389 1597 510 1661 Bsptiema
542 1593 685 1645 eucharistie
714 1593 870 1644 exhibebitur
920 1598 1017 1646 Bertnm
1036 1597 1171 1648 bominem
1192 1599 1256 1664 quid
1279 1601 1351 1650 iaciat
1362 1599 1460 1650 bislee

345 1665 472 1729 baptisatis
496 1664 519 1712 in
545 1663 662 1728 primitiva
688 1661 788 1713 ccclesia
812 1661 869 1710 Λᾶν.
954 1664 984 1724 ll,
997 1663 1036 1712 10.

344 1733 417 1783 llere.
434 1732 471 1792 lv,
481 1730 522 1780 34.
920 1730 1024 1784 Bessos
1035 1732 1221 1795 appellabatur
1232 1737 1311 1800 penis
1323 1737 1384 1802 apud
1393 1735 1460 1798 inens

310 1802 456 1866 Baptismate
466 1797 574 1848 maculas
584 1798 663 1847 carnis
673 1811 800 1861 respersae
810 1810 870 1860 pec·
954 1799 988 1850 Λᾶ
1006 1799 1069 1849 Nate
1089 1799 1108 1856 l,
1119 1799 1149 1851 8.

345 1868 442 1920 nitentia
462 1866 520 1916 dilui
539 1879 613 1930 posse
631 1865 665 1914 lie
684 1865 766 1915 Pudic.
781 1863 822 1914 12.
921 1867 1022 1916 Belenns
1047 1867 1205 1920 Noricorum
1231 1871 1299 1922 deas
1317 1871 1428 1936 Apolli
1443 1871 1460 1918 tl

310 1936 457 2001 Baptiemate
480 1933 566 1983 sordes
592 1932 737 1993 abluentur,
762 1932 870 1982 maculae
954 1935 1016 1986 ltere
1027 1935 1056 1993 lt,
1066 1934 1091 1985 8.

345 2020 401 2055 sero
428 2002 542 2066 martyrio
571 2001 728 2051 candidantur
764 2000 797 2050 οο
823 2000 870 2049 Ριν-
920 2002 970 2052 Beli
988 2004 1120 2066 progenies
1141 2019 1156 2055 a
1177 2006 1239 2056 ll'ilo
1260 2007 1298 2057 [ie
1315 2008 1404 2058 rattt

346 2073 392 2123 dic.
407 2071 432 2122 9.
922 2070 1009 2120 Bellica
1027 2072 1142 2121 mechine
1163 2068 1263 2124 nomeu
1284 2091 1298 2125 a
1316 2079 1407 2140 scorpio
1419 2075 1462 2123 bale

311 2143 336 2192 in
354 2140 499 2204 baptismate
517 2151 562 2202 por
579 2136 734 2186 simulacrum
744 2136 871 2193 morimur,
954 2139 1009 2188 Λᾶν.
1028 2139 1100 2189 blarc.
1114 2140 1162 2200 lll,
1177 2141 1220 2193 14.

345 2210 389 2258 sed
406 2220 451 2271 per
467 2206 589 2256 veritatem
603 2205 751 2260 resurgimus
763 2205 786 2253 iu
798 2218 870 2254 carne
921 2206 1050 2256 Bellonarii
1084 2208 1160 2270 nigro
1194 2211 1286 2262 hebitu
1316 2209 1462 2263 utebanturlr

346 2276 380 2325 lle
399 2275 533 2324 Resurrect.
553 2273 637 2323 Cernis
654 2273 696 2322 47.
956 2274 1014 2324 Pell.
1025 2274 1050 2323 4.

311 2344 427 2408 Baptismi
452 2355 512 2406 equa
530 2340 584 2390 ielix
603 2348 789 2399 sacromentum,
815 2340 870 2403 quie
921 2366 952 2378 -
971 2343 1087 2404 sangnine
1106 2344 1283 2397 initiabantur
1301 2348 1401 2414 Apuli.

346 2411 434 2461 ablutis
454 2409 550 2459 ‹leliotis
568 2409 684 2473 pristinae
704 2407 828 2469 caecitatis
846 2408 869 2456 iu
921 2410 1057 2459 Benedictio
1077 2410 1161 2461 divine
1182 2414 1220 2463 Λᾶ
1243 2416 1321 2466 Uxor.
1332 2417 1394 2472 ll,b.

345 2481 416 2529 sitam
435 2486 556 2527 aeternam
575 2476 707 2526 liberamur
724 2474 870 2538 BeBapti.
922 2479 1034 2527 -inter
1057 2479 1106 2528 ries
1133 2481 1200 2531 nihil
1228 2484 1301 2534 aliud
1326 2495 1462 2550 quamuis

313 2573 345 2584 -
368 2548 429 2597 ratio
460 2546 483 2595 in
511 2543 597 2609 quibes
620 2552 808 2606 recognoscetur
836 2542 870 2592 ne
956 2548 1461 2604 cursumutuasalutatiohdr.llarcil.lt

346 2615 414 2679 Bapt
433 2613 457 2663 4.
717 2620 719 2624 “
921 2613 1115 2664 benedictionem
1144 2631 1159 2665 e
1184 2618 1298 2671 domino
1324 2623 1365 2688 qui
1383 2618 1461 2683 accipi

313 2682 435 2747 Baptismo
446 2694 517 2729 omne
528 2686 623 2743 tempus
633 2680 713 2730 habile
721 2679 871 2742 venantio.
956 2682 1010 2732 Λᾶν.
1029 2681 1100 2731 idere.
1114 2682 1148 2743 ll,
1160 2684 1203 2735 16.

314 2751 466 2813 eBaptismo
491 2749 581 2809 egressi
606 2748 715 2811 peruncti
738 2755 794 2796 sunt
812 2747 869 2796 olim
923 2748 1076 2811 Benignitatis
1099 2759 1229 2813 paternae
1250 2755 1334 2820 legem
1351 2758 1461 2809 cinon

348 2818 405 2866 Λᾶν.
424 2817 495 2865 ltere
515 2813 602 2874 tutu.
956 2831 1040 2865 omnes
1058 2819 1169 2870 extendit
1188 2822 1253 2874 Λᾶν.
1274 2825 1349 2877 blarc.
1358 2825 1391 2884 tt',
1400 2825 1429 2874 16

314 2888 338 2936 in
356 2884 479 2949 baptismo
504 2898 560 2932 caro
584 2881 725 2947 spiritaliter
743 2881 872 2934 mundetur
923 2883 1050 2936 Berenices
1070 2890 1151 2948 magia
1173 2889 1210 2939 Be
1230 2894 1334 2945 hn.5·t.

348 2954 381 3004 llo
400 2953 466 3014 Bept.
485 2950 508 2998 4.
923 2953 1068 3015 -reginae
1087 2954 1126 3004 leo
1149 2970 1307 3012 mensuetus
1325 2964 1359 3014 Be
1371 2958 1441 3013 teet

314 3022 366 3072 sine
385 3019 507 3082 Baptismo
535 3017 623 3066 nemini
648 3024 785 3080 competere
804 3017 870 3066 salu·
923 3020 1029 3070 Berosus
1047 3021 1191 3075 Chaldaeus
1213 3029 1375 3093 Apologlb

347 3097 394 3138 tem
414 3087 447 3136 Be
466 3085 533 3148 bapt.
551 3083 592 3133 20.
922 3088 1021 3152 Beryllis
1040 3104 1132 3153 aquosa
1148 3098 1271 3159 meten-ia,
1291 3092 1459 3151 numum

314 3157 462 3221 Baptismum
482 3153 591 3202 diabolus
610 3153 633 3202 in
651 3152 702 3202 suis
720 3161 814 3203 exercet
837 3152 871 3201 lle
956 3158 1034 3206 nitore
1052 3157 1085 3206 be
1103 3158 1150 3209 dn.
1162 3161 1188 3211 0.

348 3226 416 3288 Bopt.
434 3223 459 3272 5.
922 3225 1047 3274 Bethsaida
1077 3228 1176 3288 piscina
1205 3246 1295 3298 usquc
1322 3235 1351 3285 ed
1372 3232 1457 3283 airu

313 3318 346 3330 ..
365 3289 496 3355 ingressuri
515 3288 664 3338 orationihus
682 3288 784 3350 crebris,
810 3288 870 3337 ieiu·
956 3293 1044 3342 Christi
1068 3297 1180 3345 curondo
1218 3301 1395 3353 invaletudines
1411 3299 1456 3347 lieri

347 3363 393 3411 niis
413 3368 437 3409 ct
454 3357 669 3421 geniculationihus
688 3358 724 3406 usi
744 3364 800 3406 sunt
812 3357 869 3406 olim
956 3360 1025 3410 desiit
1043 3371 1100 3424 post
1117 3363 1255 3418 Christum
1275 3372 1334 3421 Λᾶν.
1352 3370 1396 3421 lad.
1404 3366 1431 3417 11

348 3430 381 3479 Be
399 3429 467 3491 bapt
486 3425 525 3475 20.
922 3429 1083 3478 Biaeotbanati
1101 3429 1132 3478 ab
1144 3432 1238 3485 inieris
1251 3439 1350 3488 exulant
1360 3430 1456 3487 beleb?-

313 3507 368 3562 post
379 3497 525 3560 Baptismum
545 3499 683 3557 susceptum
700 3491 793 3541 luvacro
810 3507 870 3557 quo·
922 3497 995 3546 biblia
1009 3498 1032 3545 in
1042 3496 1149 3559 linguam
1159 3501 1288 3556 Groecam
1298 3506 1409 3557 tuusne
1418 3506 1455 3563 04

346 3566 436 3616 tidieno
462 3579 506 3627 per
529 3570 602 3612 totam
627 3560 801 3609 hebdomadum
827 3561 870 3609 ab·
957 3564 1003 3627 log.
1018 3564 1056 3613 18.

347 3636 482 3683 stinnerunt
501 3631 534 3680 Be
553 3629 647 3680 Corona
666 3627 689 3677 3.
921 3632 1081 3681 Bibliothecae
1108 3636 1176 3698 opud
1203 3637 1341 3706 Serapium
1364 3632 1455 3691 entus

313 3700 450 3765 Baptismus
474 3700 571 3749 lonnnis
597 3712 624 3746 ex
650 3697 695 3745 deo
724 3695 779 3746 Λᾶν.
797 3696 869 3746 llere.
955 3701 1055 3764 Apolog.
1070 3700 1107 3750 16.

346 3770 383 3827 tv,
403 3768 443 3817 ³8.
920 3767 1070 3832 Blaepbemia
1090 3783 1154 3833 quae
1170 3775 1282 3826 omuino
1294 3770 1454 3829 vtraelabrlir

313 3860 345 3870 -
364 3850 393 3883 an
414 3835 446 3883 sit
464 3832 615 3882 necessarius
633 3831 720 3893 quibus
738 3832 798 3882 sides
811 3834 869 3883 satis
956 3835 997 3884 lol.
1011 3835 1049 3884 14.

347 3909 384 3951 est
402 3902 435 3949 lle
453 3901 519 3963 Bapt.
536 3897 576 3947 13.
921 3903 1087 3966 Blasphemiao
1103 3904 1285 3961 formidandus
1296 3904 1454 3963 senestuti

313 3995 346 4004 —
364 3969 497 4029 obsignatio
516 3973 554 4014 eet
570 3964 624 4012 ildei
643 3980 704 4028 queo
715 3965 774 4015 fides
786 3983 799 4016 o
809 3983 868 4031 pee-
955 3971 1026 4022 ldorc.
1037 3972 1073 4029 lll,
1083 3970 1123 4021 28.

347 4036 445 4085 nitentis
463 4034 510 4082 lide
538 4032 649 4095 incipitur
673 4041 696 4082 et
713 4035 868 4085 commende·
921 4039 1014 4089 Btsstus
1040 4040 1179 4090 haereticus
1210 4044 1365 4099 ludaismuu
1387 4046 1455 4094 leta!

348 4113 386 4152 tur
405 4102 437 4150 lle
456 4101 585 4149 Paenitent
600 4099 623 4149 6.
954 4107 1027 4156 voluit
1044 4107 1161 4158 inducere
1179 4111 1241 4162 Λᾶν.
1263 4114 1336 4166 0mu.
1354 4108 1437 4164 tinet

313 4170 422 4219 -olim
447 4168 582 4218 celebratus
606 4169 629 4217 in
656 4169 694 4218 die
718 4170 823 4233 paschae
847 4179 870 4220 et
920 4176 1045 4238 Bombpcis
1062 4179 1167 4225 stamina
1185 4180 1248 4231 Λᾶν.
1269 4182 1413 4241 ldarcl,ll.

347 4243 498 4302 pentecostes
516 4235 653 4301 Apologd.
919 4244 984 4293 Bona
1010 4244 1061 4303 deo,
1080 4244 1157 4293 Fnuni
1182 4247 1248 4307 iilia,
1268 4266 1364 4301 summa
1380 4250 1454 4307 trip

312 4305 470 4369 Baptismus,
488 4320 533 4355 noc
549 4304 634 4363 semel,
653 4305 695 4354 sed
714 4314 758 4366 ter,
777 4306 805 4356 ad
817 4307 867 4356 sin·
955 4312 1033 4361 dicitia
1051 4310 1085 4360 Λᾶ
1103 4312 1211 4369 Nattll,
1222 4316 1251 4367 9.

347 4372 400 4434 gnie
433 4375 527 4422 nornine
559 4375 581 4422 iu
612 4388 729 4435 personas
760 4375 868 4436 singulus
920 4374 1451 4437 Bonituscrontorisaeternsnda.ldcrcll²

347 4441 402 4489 Λᾶν.
421 4442 488 4489 Pras.
506 4440 546 4490 26.
920 4447 1034 4496 Bonitetis
1057 4449 1182 4510 periectas
1208 4461 1249 4502 est
1271 4462 1350 4505 totum
1367 4450 1452 4503 hed·

310 4533 345 4543 -
363 4523 410 4557 non
435 4509 489 4557 ideo
513 4517 539 4557 ut
563 4508 702 4572 delinquere
720 4510 867 4570 desinamus,
953 4516 1061 4577 redigere
1080 4516 1103 4565 in
1122 4518 1233 4569 salntem
1252 4523 1309 4573 Λᾶν.
1330 4508 1450 4581 ttsrctss,

346 4578 387 4626 sed
400 4577 454 4640 quio
468 4576 591 4635 desiimus,
610 4578 722 4639 quonism
740 4579 785 4627 iam
799 4580 866 4629 cordi
918 4609 951 4618 -
970 4583 1057 4645 gradus
1072 4586 1196 4636 secundus
1208 4584 1248 4639 cst
1259 4592 1283 4640 in
1294 4592 1451 4645 extraneas!

347 4646 388 4694 loti
407 4659 490 4693 sumus
509 4644 542 4691 lle
561 4645 691 4694 Paenitent.
710 4645 732 4695 6.
953 4653 975 4700 in
986 4654 1214 4717 proximosprirnus
1222 4667 1263 4709 est
1271 4658 1327 4709 Λᾶν.
1335 4644 1449 4708 tiocli-¹²

308 4737 343 4749 —
362 4722 412 4770 ter,
444 4712 546 4775 emplius
576 4712 664 4777 aliquid
691 4714 866 4778 respondentes
919 4719 1037 4769 Bonorum
1068 4724 1238 4785 quorundum,
1266 4729 1337 4778 sicuti
1359 4732 1381 4775 et
1399 4718 1449 4771 fl*

345 4795 415 4845 qnam
434 4780 545 4829 dominus
564 4781 587 4828 in
612 4782 733 4844 evangelio
752 4782 865 4833 determi-
951 4802 1013 4848 rum,
1032 4788 1194 4842 intolerabilis
1221 4806 1262 4846 est
1287 4782 1449 4859 mrgstublt

344 4851 406 4899 nevit
424 4849 458 4899 lle
476 4848 569 4898 Corona
588 4848 611 4900 3.
953 4856 1051 4906 Patieut.
1068 4856 1090 4906 1.
