3242 5775
583 649 731 724 manneus
753 680 897 728 emata.
919 680 922 691 ·
1255 667 1317 733 681

159 835 267 907 filium,
300 841 328 893 et
352 831 449 893 omnia
472 830 591 893 tradidit
617 830 647 891 in
675 848 763 893 manu
790 829 872 903 eius,
903 830 954 909 qui
982 830 1133 895 ¹²credidit
1153 831 1189 894 ‘in
1216 832 1319 909 fllium,

160 936 249 998 babet
269 934 356 995 vitam
380 941 544 1007 aeternam;
573 933 704 1011 quinon
726 931 878 994 ¹³credidit
898 931 929 993 in
950 931 1011 993 filio
1033 932 1096 1005 dei,
1125 950 1187 996 nou
1208 934 1320 998 videbit
1403 934 1409 945 '

158 1038 262 1109 deum,
295 1034 347 1095 sed
371 1034 412 1095 ira
436 1034 483 1095 dei
506 1033 635 1095 manebit
662 1051 753 1113 super
779 1051 857 1095 eum.
909 1032 1003 1106 Quem
1020 1025 1129 1097 ιι*νθῑο
1152 1023 1329 1099 Samaritidi

159 1134 313 1201 ostendit?
344 1136 375 1197 Si
391 1135 543 1207 blessiam,
565 1135 613 1213 qui
636 1134 743 1196 dicitnr
757 1132 907 1207 cbristus,
930 1134 1020 1197 filium
1042 1135 1142 1217 utique
1164 1136 1236 1212 ¹⁸ae,
1258 1146 1469 1206 aculeatas-q.

159 1248 289 1321 patrem,
313 1236 541 1309 demonstravit,
564 1237 613 1314 qui
635 1244 665 1296 et
685 1235 753 1297 alibi
776 1234 928 1308 Christus,
951 1235 998 1297 dei
1019 1235 1113 1310 filius,
1142 1255 1204 1300 non
1224 1246 1319 1319 pater,

159 1342 255 1402 dictus
278 1347 334 1400 est.
378 1338 489 1399 Exinde
510 1336 679 1416 discipulis,
701 1337 797 1407 Meum
821 1344 883 1411 est,
904 1336 1013 1416 inquit,
1035 1346 1069 1401 ut
1088 1338 1192 1402 faciam
1213 1341 1439 1403 volumnum.

161 1452 250 1503 tatem
272 1441 336 1502 eins
358 1440 408 1519 qui
431 1458 477 1500 me
499 1439 592 1512 misit,
616 1446 648 1499 ut
668 1456 873 1500 consummem
893 1456 968 1517 opus
983 1438 1057 1502 eiua.
1092 1439 1130 1501 Et
1144 1440 1180 1502 ad
1194 1441 1321 1505 ludaeos

160 1545 197 1605 de
218 1541 368 1623 paralytici
390 1539 529 1600 sanitate:
560 1539 647 1600 Pater
674 1557 758 1600 meus
786 1558 881 1619 usque
908 1539 997 1602 modo
1026 1549 1178 1620 operatur,
1212 1551 1242 1605 et
1262 1550 1430 1623 egerenti.

161 1663 280 1725 operor.
324 1642 411 1703 Pater
440 1650 468 1701 et
497 1659 568 1719 ego,
602 1640 679 1701 filius
708 1639 786 1701 dicit.
837 1641 968 1719 Denique
993 1649 1116 1721 propter
1142 1642 1200 1705 boc
1224 1644 1319 1725 magia

160 1746 259 1807 ludaei
281 1745 361 1807 illum
385 1742 549 1803 interlicere
570 1741 720 1813 volebant,
749 1760 809 1803 non
833 1741 970 1804 ¹⁸tantum
999 1739 1077 1822 quod
1099 1733 1228 1807 solveret
1248 1745 1318 1808 eab-

159 1848 270 1918 batnm,
294 1845 347 1906 sed
369 1845 447 1923 quod
470 1852 582 1923 patrem
605 1862 692 1903 snum
706 1843 793 1904 deum
808 1842 929 1914 diceret,
951 1862 1079 1923 aequans
1094 1863 1128 1906 se
1142 1844 1210 1910 deo.
1238 1846 1322 1910 'l'unc

161 1967 232 2026 ergo
255 1946 370 2007 dicebat
390 1946 425 2006 ad
449 1964 518 2017 eos,
547 1944 624 2005 Nihil
645 1944 722 2005 lilius
746 1946 841 2005 lacere
869 1952 1007 2025 potesta
1029 1945 1204 2025 semetipso,
1234 1947 1470 2015 ”murano-n.

162 2049 284 2110 ¹‘videat
311 2057 423 2127 patrem
452 2046 622 2119 facientem3
653 2065 727 2124 quae
754 2043 832 2106 enim
864 2045 912 2107 ille
940 2046 1022 2120 lacit,
1055 2049 1157 2109 eadem
1185 2054 1215 2111 ct
1241 2049 1320 2113 utin·

160 2151 239 2212 lacit.
282 2150 368 2210 Pater
391 2149 467 2209 enim
490 2147 583 2225 diligit
604 2147 712 2220 lilium,
740 2153 770 2207 et
797 2147 896 2208 omnia
922 2147 1135 2212 demonstrarit
1161 2149 1218 2224 illi,
1246 2169 1322 2232 quae

161 2252 210 2312 ille
233 2251 344 2323 ¹⁹lecit,
367 2258 397 2310 et
417 2249 529 2310 maiora
550 2248 643 2308 ”istis
667 2266 757 2326 opera
779 2247 990 2310 demonstravit
1010 2249 1068 2323 illi,
1099 2259 1133 2324 ut
1152 2270 1207 2313 voa
1229 2251 1321 2314 mire-

162 2353 245 2415 mini.
290 2351 445 2424 Quomodo
475 2350 552 2410 enim
582 2349 704 2410 suscitat
727 2357 863 2410 mortuos
891 2359 921 2410 et
945 2349 1085 2425 viviticat,
1118 2352 1159 2414 ita
1186 2362 1217 2415 et
1243 2353 1321 2415 lilius

162 2474 238 2534 quos
260 2452 321 2514 vult
340 2452 500 2512 ²¹vivificat.
534 2451 635 2529 Neque
650 2450 728 2518 enim
749 2458 834 2530 pater
856 2450 977 2523 iudicat,
998 2452 1051 2514 scd
1073 2472 1162 2517 omne
1182 2454 1322 2518 iudicium

162 2557 242 2617 dedit
263 2555 339 2629 lilio,
362 2553 403 2615 uti
427 2572 531 2613 omnes
553 2553 701 2612 honorent
722 2550 830 2624 lilium,
852 2550 930 2612 sicut
943 2552 1090 2616 honorant
1102 2565 1226 2635 patrem.
1264 2556 1322 2630 Qui

161 2677 223 2718 non
244 2658 372 2717 honorat
392 2655 499 2727 lilium,
522 2672 582 2714 non
605 2653 731 2714 honorat
751 2660 880 2731 patrem,
902 2652 951 2731 qui
973 2654 1062 2716 filium
1085 2657 1175 2720 misit.
1218 2659 1322 2734 Amen,

161 2778 248 2820 amen
276 2758 341 2818 dico
371 2756 470 2828 vobis,
499 2755 578 2833 quod
607 2755 656 2833 qui
685 2753 766 2815 audit
794 2772 948 2816 sermones
975 2754 1088 2818 ”meos
1117 2767 1148 2820 et
1174 2759 1266 2821 credit
1294 2760 1322 2823 ei

162 2862 212 2941 qni
234 2879 281 2922 me
304 2858 398 2931 misit,
426 2857 514 2919 babet
534 2856 621 2918 vitam
644 2865 808 2930 aeternam,
838 2864 867 2917 et
894 2854 924 2917 in
945 2855 1083 2921 indicium
1106 2878 1167 2922 non
1187 2860 1322 2939 ”veniet

161 2963 215 3023 sed
238 2961 344 3022 transit
364 2959 385 2991 ²⁴
394 2961 429 3019 de
451 2966 546 3019 morte
568 2958 597 3019 in
619 2959 716 3019 vitam.
759 2959 852 3018 Amen
875 2958 940 3020 dico
969 2959 1069 3034 vobis,
1097 2962 1204 3042 ”quod
1226 2967 1324 3030 veniet

162 3065 235 3124 bora
257 3081 313 3141 qna
335 3061 444 3121 mortni
466 3060 585 3120 audient
605 3078 706 3121 vocem
728 3059 778 3119 lilii
801 3059 858 3133 dei,
881 3069 909 3120 et
929 3058 1021 3122 ”cum
1037 3063 1191 3140 audierint,
1214 3066 1321 3129 virent.

162 3163 342 3225 sicutenim
371 3172 454 3242 pater
481 3161 570 3221 babet
598 3161 686 3221 vitam
714 3170 862 3221 aeternam
890 3163 1106 3242 asemetipso,
1139 3166 1177 3227 ita
1208 3170 1243 3228 et‘
1262 3167 1322 3230 filio
1348 3186 1351 3193 ·

164 3265 244 3325 dedit
265 3265 353 3324 vitam
375 3273 523 3323 aeternam
545 3261 681 3322 ”habere
703 3260 732 3321 in
756 3261 935 3341 semetipso,
963 3271 993 3323 et
1020 3263 1159 3328 iudicium
1181 3267 1323 3330 dedititii

164 3370 259 3428 lacere
280 3366 310 3426 in
333 3373 494 3443 potestate,
523 3363 617 3440 ²⁸quia
639 3362 716 3422 filius
739 3361 869 3422 hominis
898 3370 961 3435 est,
987 3383 1042 3442 per
1063 3385 1179 3428 carnem
1201 3369 1323 3443 scilicet,

163 3470 241 3528 sicut
262 3477 291 3527 et
311 3466 388 3530 filins
418 3467 479 3538 dei,
512 3483 566 3543 per
594 3463 730 3542 spiritum
757 3462 831 3524 eius.
873 3461 976 3521 Adbuc
1002 3458 1104 3530 adicit,
1136 3456 1197 3533 Ego
1226 3466 1475 3541 autemnam*

165 3569 258 3628 babeo
281 3569 374 3629 maius
397 3586 482 3645 quam
505 3566 623 3625 loannis
647 3564 863 3637 testimonium
897 3578 985 3639 opera
1014 3557 1108 3631 enim,
1139 3574 1213 3636 quae
1239 3563 1323 3635 pater

165 3670 238 3730 mibi
267 3669 346 3730 dedit
372 3685 593 3737 consummare,
626 3665 674 3725 illa
702 3665 764 3743 ipsa
792 3663 829 3724 de
856 3682 905 3724 me
932 3660 1131 3722 testimonium
1159 3657 1323 3738 perhibent,

165 3772 245 3850 quod
267 3790 313 3832 me
334 3780 417 3850 pater
440 3769 569 3856 miserit;
601 3776 629 3827 et
651 3765 700 3845 qni
722 3785 769 3826 me
792 3764 872 3825 misit
897 3771 996 3844 pater,
1028 3761 1093 3840 ipse
1123 3759 1324 3822 testimonium

164 3875 238 3934 dixit
260 3872 295 3933 de
316 3892 373 3933 me.
418 3870 604 3946 Subiungens
627 3877 740 3940 antem,
768 3866 869 3945 Neque
896 3884 995 3928 vocem
1026 3864 1090 3927 eius
1117 3861 1241 3925 audistis
1263 3879 1321 3922 un·
1334 3889 1434 3945 pom,

165 3994 268 4053 quam,
303 3993 398 4052 neque
424 3975 547 4033 formam
576 3969 639 4029 eius
665 3968 798 4040 vidistis,
832 3967 984 4028 confirmat
1010 3975 1090 4026 retro
1118 3971 1324 4043 dompetram,

165 4077 217 4137 sed
239 4076 328 4135 tilium
351 4075 459 4145 luisse,
483 4073 531 4152 qui
554 4071 705 4132 videbatur
720 4077 750 4131 et
764 4069 944 4130 audiebatur.
979 4063 1436 4146 Denique”dicit,Ego1„v‚43‚

170 4230 300 4278 12.credd
318 4231 353 4277 cd.
415 4226 545 4276 ld.crcdn
564 4228 600 4274 cd.
661 4223 771 4273 tt.vero
790 4222 870 4272 cm.d.
890 4222 952 4271 lud.
1014 4218 1112 4268 15.sed
1130 4220 1155 4268 t.
1173 4218 1237 4268 Lmd.
1284 4217 1324 4267 16.

166 4309 244 4346 tamen
263 4298 326 4360 qttod
346 4295 448 4343 solveret
467 4296 490 4342 ll.
532 4292 860 4342 consummantum.
922 4288 961 4338 tt.
985 4288 1043 4337 nihil
1068 4285 1238 4336 uiuidum.
1287 4285 1326 4335 18.
1405 4293 1407 4299 “

167 4367 302 4414 uidetitcd.
363 4363 400 4411 19.
421 4364 517 4411 lacttrl.
537 4363 599 4409 leid.
658 4359 822 4408 tuismet.
864 4358 907 4406 isla
927 4358 998 4406 luat.
1018 4356 1080 4404 leid.
1139 4353 1177 4402 21.
1203 4353 1326 4402 vivificabit

166 4419 1327 4489 sm2Mmmmmmmmtmwmmwmt

166 4501 475 4561 dfflmfflmfflm
528 4487 1326 4553 Mmmmmwmmmbffldffinmmb

167 4571 228 4617 im
270 4557 1325 4630 mmmmm.ffiamwmmdm.ffl4mfflnmmfflm

167 4632 771 4700 mfflffldffl.fflfflmdffld

166 4780 283 4835 temperat
311 4771 386 4834 ipsam
406 4768 623 4828 inmrrogadonem.
658 4767 720 4829 Spo·
773 4766 812 4827 qui
838 4779 885 4813 non
910 4762 1043 4822 crodmari,
1069 4741 1090 4811 ei
1114 4761 1251 4822 confingere
1277 4771 1325 4806 non

168 4829 1325 4901 mmmfflmmmm·mwmmmwmmm

168 4906 879 4968 rmNJmffiwwmmm,mm
