3242 5775
276 570 318 635 56
531 582 631 633 untur!
654 581 787 625 suerrum
809 579 975 622 ruobertus
998 578 1196 622 ‘tumuerunt
1310 563 1317 572 ‚

275 753 355 798 novo
377 750 495 813 semper
516 749 551 793 ac
571 749 649 792 noro
672 728 773 791 titudo·
802 725 1037 790 consecrationis
1063 725 1216 804 cuiusque.
1268 723 1345 798 Quis
1374 724 1452 788 deus

176 851 178 856 ·
276 853 388 905 novus,
421 832 479 894 nisi
506 830 620 893 salsus?
663 831 707 892 Nc
728 830 887 892 Saturnum
916 828 1034 907 quidem
1061 834 1141 887 tanta
1169 826 1258 887 bodie
1287 825 1452 906 antiquitas

277 935 365 996 deum
393 931 547 1012 probabit,
579 932 646 1010 quia
669 939 698 991 et
718 929 800 991 illum
829 930 944 991 novitas
973 926 1130 1006 aliquando
1159 926 1351 1005 produxerit,
1383 944 1453 990 oum

276 1034 405 1114 primum
433 1033 626 1094 consecravit.
675 1032 713 1093 dt
738 1030 819 1092 enim
845 1031 908 1091 vira
936 1037 966 1090 et
994 1045 1132 1107 germana
1164 1027 1302 1089 divinitas
1330 1045 1388 1088 nec
1415 1027 1454 1089 do

276 1134 406 1195 novitate
428 1146 484 1193 nec
504 1133 541 1193 de
564 1139 726 1205 vetustate,
749 1132 803 1193 sed
825 1131 862 1192 de
885 1148 938 1190 sua
960 1129 1083 1190 veritate
1098 1128 1265 1190 conseruit.
1294 1128 1362 1190 Non
1377 1127 1453 1190 'be-

277 1233 328 1294 bet
350 1221 466 1312 tempus
488 1231 657 1307 aeternitas.
702 1232 798 1294 Omne
820 1231 899 1292 enim
921 1238 1039 1309 tempus
1062 1229 1126 1308 ipsa
1155 1227 1210 1290 est.
1256 1228 1343 1301 Quod
1372 1227 1453 1303 lecit,

276 1334 337 1413 pati
360 1352 420 1394 non
442 1342 550 1412 potest
595 1333 684 1395 Caret
704 1340 798 1394 aetate
821 1331 900 1410 quod
922 1349 982 1390 non
1010 1329 1197 1390 licet'nasci.
1240 1328 1319 1390 Deus
1348 1329 1377 1391 si
1406 1335 1455 1392 cet

277 1443 377 1508 vetus,
400 1453 460 1495 nou
482 1434 554 1505 erit,
577 1434 603 1494 si
626 1441 670 1493 est
692 1450 804 1504 novus,
828 1431 967 1492 nonfuit.
1001 1430 1120 1490 Novitas
1135 1429 1250 1491 initium
1266 1429 1456 1504 testificatur,

276 1543 409 1597 vetustas
430 1535 519 1595 linem
542 1533 747 1594 comminatur.
792 1531 872 1592 Deus
894 1540 992 1593 autem
1015 1538 1074 1591 tam
1103 1530 1216 1592 alienus
1243 1529 1280 1590 ab
1308 1530 1396 1591 initio
1424 1537 1457 1592 ot

280 1635 339 1695 fine
361 1644 409 1695 est
430 1653 516 1712 quam
538 1653 555 1693 a
578 1641 729 1713 tempore,
751 1631 863 1693 arbitro
886 1640 916 1692 et
937 1637 1099 1692 metatore·
1119 1630 1196 1692 initii
1219 1639 1248 1692 et
1268 1631 1346 1692 finis.

165 1745 263 1802 c¹1³·11·
366 1734 434 1797 Scio
457 1734 577 1813 quidem
604 1753 662 1813 quo
684 1751 776 1795 sensu
797 1751 907 1793 novum
929 1732 1017 1793 deum
1039 1730 1185 1803 iactitent,
1218 1732 1370 1810 agnilione
1392 1729 1457 1792 uti-

279 1853 347 1916 que.
391 1834 450 1896 Sed
472 1842 502 1895 et
523 1836 618 1913 ipsam
640 1833 780 1895 novitatis
803 1832 1002 1912 cognitionem
1031 1833 1245 1911 percutientem
1272 1833 1363 1893 rudes
1386 1831 1454 1893 ani·

278 1953 343 1997 mas
365 1935 519 2014 ipsamque
540 1934 702 1995 naturalem
724 1932 863 1995 novitatis
898 1932 1110 2012 gratiositatem
1133 1932 1213 1994 volui
1234 1941 1457 2012 repercutere·,

281 2044 311 2096 et
332 2036 401 2096 binc
422 2036 479 2096 iam
503 2036 539 2096 de
561 2035 663 2114 ignoto
685 2033 742 2095 deo
760 2052 932 2112 provocare.
965 2032 1070 2112 Utique
1093 2034 1172 2095 enim
1194 2052 1281 2112 quem
1303 2032 1458 2112 agnitione

281 2155 389 2197 uorum
413 2143 584 2215 opponunt,
606 2136 739 2214 ignotum
762 2143 831 2195 ante
853 2133 1030 2214 agnitionem
1054 2134 1268 2196 demonstrant.
1310 2137 1372 2213 Age
1395 2132 1456 2213 igi-
1479 2125 1483 2130 ’

281 2245 344 2309 tur,
368 2236 403 2296 ad
425 2235 518 2298 lineas
541 2254 660 2298 rursum
684 2244 714 2297 et
735 2235 765 2296 in
780 2234 934 2314 graduml’.
970 2234 1120 2295 Persuade
1135 2235 1222 2296 deum
1237 2235 1371 2313 ignotum
1387 2253 1459 2297 esso

280 2336 427 2416 potuisse.
471 2337 592 2398 Invenio
613 2336 701 2416 plane
722 2336 833 2416 ignotis
855 2336 938 2397 deis·
966 2354 1032 2396 aras
1063 2336 1255 2414 prostitutas,
1285 2335 1338 2396 sed
1360 2333 1459 2398 turca

282 2436 447 2498 idololatria
476 2446 532 2497 est.
586 2438 659 2498 ltem
686 2438 808 2499 incertis
837 2436 895 2498 diis
904 2435 929 2508 ³,
960 2436 1014 2495 sed
1043 2435 1217 2515 superstitio
1241 2436 1375 2497 Romana
1397 2444 1458 2498 est.

282 2536 377 2597 Porro
400 2536 504 2597 incerti
525 2536 571 2596 dei
594 2537 796 2620 minusqnoti,
830 2546 862 2598 ut
890 2536 988 2597 minus
1018 2536 1108 2610 certi,
1138 2544 1168 2596 et
1194 2535 1321 2615 proinde
1348 2537 1459 2616 ignoti,

283 2653 339 2714 qua
362 2636 459 2697 minus
482 2636 564 2697 certi.
610 2636 705 2709 Quem
734 2637 851 2699 titulum
879 2637 1056 2698 incidemus⁰
1084 2655 1126 2713 ex¹
1148 2635 1264 2699 duobus
1293 2637 1350 2698 deo
1373 2637 1458 2700 blar-

283 2734 404 2796 ciouis?
437 2735 615 2815 Utrumque,
638 2737 761 2816 opinor,
785 2746 815 2799 et
837 2756 917 2799 nuuc
937 2737 1051 2799 incerto
1074 2745 1104 2798 et
1118 2746 1198 2798 retro
1221 2738 1334 2816 ignoto.
1372 2738 1461 2801 Sicut

285 2836 363 2897 euim
386 2836 518 2915 ignotum
542 2856 609 2898 eum
631 2838 700 2900 lecit
721 2838 794 2901 deus
823 2846 912 2900 notus
940 2845 1072 2912 creator,
1100 2838 1141 2899 ita
1164 2845 1194 2899 et
1214 2838 1360 2901 incertum
1383 2840 1460 2903 deus

286 2946 394 2998 certus.
432 2937 491 2999 Sed
513 2956 572 2998 nou
596 2938 757 3017 evagabor,
780 2940 823 3002 uti
845 2939 955 3013 dicam,
978 2939 1058 3000 Deus
1075 2939 1116 3000 ¹si
1138 2940 1257 3018 ignotus
1279 2940 1335 3001 luit
1355 2940 1459 3004 latuit·

284 3055 360 3127 ¹que,
382 3035 463 3098 illum
485 3038 567 3116 regio
590 3038 768 3102 latebrarum
791 3039 993 3111 obumbravit,
1024 3058 1102 3101 nora
1131 3040 1230 3119 utiquc
1259 3048 1289 3101 et
1317 3040 1384 3119 ipsa
1411 3041 1463 3105 'ct

286 3135 403 3215 ignota,
434 3145 464 3198 ct
485 3137 620 3200 similiter
642 3157 721 3201 nunc
742 3159 860 3220 quoque
881 3141 1008 3212 incerta,
1038 3148 1118 3201 certe
1145 3140 1288 3203 immensa
1309 3140 1409 3221 alique
1430 3149 1462 3204 et

286 3237 381 3298 maior
402 3237 583 3300 ³indubitate
613 3258 649 3302 eo
677 3258 764 3319 quem
792 3241 965 3316 abscondit,
999 3241 1052 3302 sed
1081 3240 1210 3301 breviter
1235 3259 1402 3320 proponam
1431 3250 1463 3305 et

285 3336 461 3418 plenissime
482 3358 646 3420 exsequar,
668 3339 875 3420 praescribens
897 3341 985 3403 deum
1005 3341 1137 3420 ignorari
1151 3341 1224 3403 ⁴nec
1242 3342 1380 3421 potuisse
1401 3361 1461 3406 no·

286 3438 366 3500 mine
388 3440 598 3519 magnitudinis
617 3459 677 3527 nec
699 3441 839 3502 debuisse
860 3441 981 3502 nomine
1002 3441 1207 3520 benignitatis,
1229 3443 1407 3521 praesertim
1429 3445 1462 3506 in

286 3550 412 3618 duoque
434 3540 642 3618 praelatiorem
664 3551 769 3603 nostm
785 3549 929 3604 creatore.
962 3542 1021 3603 Sed
1044 3543 1183 3621 quoniam
1204 3542 1408 3605 animadverto
1430 3543 1463 3606 iu

286 3635 462 3715 quibusdam
485 3639 522 3699 ad
544 3641 669 3703 lormam
691 3641 834 3704 creatoris
855 3643 1010 3722 provocari
1034 3650 1174 3722 oportere
1199 3643 1297 3705 omnis
1320 3642 1368 3705 dei
1390 3644 1463 3707 nori

286 3787 378 3842 ‘labec
394 3796 491 3852 tempus
508 3790 552 3840 AB.

286 3923 304 3972 4
330 3856 470 3972 uoffiepzfllx.
507 3857 529 3905 l.
547 3856 568 3906 ei
586 3873 630 3907 oet.
647 3861 682 3910 bc.
733 3858 758 3910 2
776 3868 800 3910 et
817 3876 861 3911 om.
877 3862 913 3911 bc.
964 3859 989 3911 3.
1007 3860 1139 3912 indubitate
1157 3864 1181 3912 d.
1215 3861 1350 3913 indubiteto
1366 3864 1462 3929 religet

322 4039 342 4072 e.
361 4036 421 4070 noro
439 4035 537 4082 semper
561 4037 589 4072 ec
615 4038 676 4073 noro
700 4022 783 4093 titulo]
810 4027 851 4077 Sic
935 4028 959 4078 b.
978 4028 1008 4078 ad
1018 4029 1095 4079 lineos
1105 4044 1200 4089 rursum
1214 4037 1237 4078 st
1247 4029 1271 4079 iu
1282 4025 1405 4095 gradun]
1423 4030 1461 4081 Gt.

180 4109 187 4119 ·
288 4089 390 4152 Apolog.
408 4087 505 4150 eapte
531 4092 606 4151 „sori
623 4095 721 4143 ocooei
738 4094 850 4144 Ceeserie
901 4110 977 4159 supra
994 4097 1023 4145 ed
1043 4096 1130 4159 cep.8.

287 4170 385 4206 scenam
409 4156 531 4218 congiario
555 4156 683 4208 diuidundo
706 4162 849 4225 praesidem
935 4178 957 4212 c.
976 4163 1063 4225 ignotis
1082 4160 1144 4226 deis]
1165 4162 1349 4226 inscriptionem
1359 4177 1416 4213 eree
1428 4164 1464 4214 ita

288 4224 345 4273 tis.“
900 4239 1041 4293 conceptum
1061 4231 1136 4280 luisse
1154 4232 1242 4281 notent
1261 4230 1419 4293 Hieroopmm
1437 4231 1464 4283 iu

322 4307 345 4355 d.
364 4301 496 4368 censetur]
515 4280 551 4354 Cl.
562 4305 652 4356 eduott.
668 4308 848 4362 edbscorooe
901 4312 953 4358 ΜΡ·
964 4296 988 4346 2·
1007 4297 1081 4360 Ellssl·
1092 4299 1222 4347 ⁸t¹Tl¹⁰m²
1241 4296 1301 4346 ⁰¹¹⁵
1319 4297 1405 4346 ΜΔΕ
1423 4297 1464 4349 ΕΤ

289 4372 391 4437 cop-13.
900 4363 1034 4412 EVROPAE
1054 4364 1091 4413 ΕΤ
1109 4364 1234 4415 AFRICAE
1259 4364 1318 4414 DllS
1337 4363 1464 4417 lGNOTlS

323 4478 344 4513 e.
364 4465 454 4514 arbitro
473 4471 497 4514 et
514 4461 644 4532 metatore]
662 4456 848 4521 Cl.ednou.ed
900 4430 1292 4564 mgPfflfcplqusssspfflgffiltjrl
1319 4499 1337 4548 Α
1364 4496 1386 4547 ΙΙ
1420 4495 1463 4549 28.

289 4531 849 4597 mennoapr,deponendorum.
900 4532 1176 4615 cunicmundi
1196 4535 1248 4616 es
1296 4534 1301 4545 ¹
1339 4533 1346 4546 ⁹
1393 4533 1402 4560 ’

290 4597 316 4659 V,
328 4597 367 4647 12
386 4597 478 4662 pil-'3²-
934 4644 955 4679 e.
974 4631 1069 4682 titulum
1088 4604 1234 4699 incidemus]
1252 4630 1352 4694 bpolug.
1368 4631 1464 4696 σηοω

324 4691 383 4754 Cep.
401 4691 439 4740 lx.
475 4705 496 4739 a.
514 4688 683 4759 repercutere]
702 4693 739 4745 Cl.
758 4696 850 4748 adoott,
900 4697 1035 4759 „imagines
1059 4700 1191 4751 inscribitis
1214 4708 1238 4751 et
1260 4701 1342 4750 titulus
1357 4701 1465 4751 inciditis

290 4757 319 4806 ed
338 4758 372 4808 lle
391 4758 472 4808 Pridie.
491 4757 577 4821 cepi.
900 4763 925 4813 in
943 4767 1136 4816 eeternitutem.“
