3242 5775
734 615 753 648 0

651 683 797 728 inversus
821 684 964 730 emuna.
1127 702 1131 712 .
1331 672 1393 736 689

216 827 218 830 ’
239 833 296 894 lius
319 833 354 893 avi
377 842 509 912 patrem,
534 843 563 894 et
586 853 685 894 sermo
709 834 745 894 ad
768 832 881 895 deum?
924 834 991 913 lpsa
1014 853 1132 915 quoque
1154 836 1282 900 clausula
1304 854 1395 900 evan·

216 933 284 1012 gelii
307 943 430 1012 propter
452 934 521 1012 quid
545 935 697 1012 consignat
720 935 792 995 haee
815 933 941 1012 scripta,
964 935 1038 1008 nisi,
1061 935 1098 998 Ut
1119 938 1264 1011 credatis,
1288 938 1392 1019 inquit,
1407 947 1527 998 taxati.

216 1036 317 1096 lesum
341 1035 489 1095 Christum
512 1035 603 1095 lilium
626 1034 698 1096 dei?
729 1036 821 1114 lgitur
843 1054 1034 1116 quaeeunque
1057 1056 1092 1099 ex
1112 1019 1162 1100 bis
1183 1039 1334 1118 putaveris
1357 1039 1393 1102 ed
1425 1085 1429 1092 a

217 1135 503 1196 demonstrationem
528 1135 661 1196 eiusdem
684 1137 776 1215 patris
799 1144 829 1196 et
842 1134 912 1196 tilii‘
931 1137 1076 1216 proficere
1093 1138 1144 1199 tibi
1161 1157 1265 1218 posse,
1288 1140 1395 1202 adver·

217 1255 271 1296 sus
295 1236 472 1296 definitivam
496 1236 636 1314 evangelii
660 1237 836 1297 sententiam
853 1237 968 1298 niteris.
1005 1238 1070 1299 Non
1092 1239 1160 1299 ideo
1184 1240 1262 1301 enim
1286 1242 1396 1321 scripta

175 1373 177 1377 -
216 1346 302 1409 sunt,
327 1345 359 1396 ut
380 1348 495 1414 patrem
518 1338 621 1398 eredas
644 1337 760 1398 ⁹lesurn
785 1337 950 1411 Christum,
975 1338 1027 1399 setl
1051 1348 1084 1400 ut
1105 1339 1208 1401 lilium.

302 1438 429 1516 Propter
451 1457 542 1498 unum
565 1438 690 1517 Philippi
714 1458 884 1499 sermonem
918 1448 947 1500 et
969 1439 1081 1501 domini
1103 1440 1334 1521 responsionem
1356 1441 1394 1503 ad
1409 1445 1529 1503 capnt*

217 1557 285 1599 eum
309 1539 459 1599 ¹videmur
480 1539 601 1599 loannis
625 1540 805 1618 evangelium
829 1539 1070 1613 ²deeueurrisse,
1093 1559 1131 1602 ne
1154 1550 1200 1603 tot
1220 1540 1395 1607 'manifeste
1457 1584 1460 1588 -

215 1640 407 1719 pronuntiata
436 1647 465 1698 et
492 1648 558 1699 ante
587 1648 617 1699 et
644 1650 746 1718 postea
778 1659 856 1701 unus
890 1659 990 1700 serrno
1024 1640 1190 1714 subvertat,
1230 1643 1394 1704 seeundum

217 1740 316 1799 omnia
339 1740 440 1816 potius
464 1759 550 1818 quam
574 1741 717 1800 adversus
741 1741 856 1813 omnia,
895 1741 981 1801 etiam
1010 1743 1153 1803 adversus
1183 1760 1256 1803 suos
1285 1760 1394 1804 sensus

215 1840 469 1918 interpretandus.
516 1840 651 1900 Ceterum
676 1850 708 1903 ut
730 1842 784 1902 alia
813 1842 960 1919 evangelia
990 1860 1051 1903 non
1080 1843 1287 1921 interponam,
1318 1823 1395 1921 bure

215 1942 385 2000 ‘nativitate
408 1939 554 2000 (lominica
577 1941 681 2002 ⁶tirlem
705 1944 894 2015 eontirmant,
923 1942 1032 2003 sultieit
1054 1943 1139 2003 “eum
1161 1943 1212 2021 qui
1235 1942 1316 2004 nasei
1339 1942 1394 2004 ba·

216 2042 307 2102 bebat
328 2061 362 2102 ex
386 2039 498 2119 virgine
522 2042 558 2101 ab
581 2042 647 2120 ipso
671 2042 839 2103 annuntiari
863 2043 967 2121 angelo
984 2043 1075 2104 tilium
1092 2042 1139 2103 dei
1155 2042 1394 2129 determinatum.

217 2142 348 2221 Spiritus
371 2141 418 2201 dei
441 2144 628 2220 superveniet
650 2145 679 2203 in
709 2154 753 2215 te,
787 2153 816 2204 et
845 2143 936 2204 virtus
966 2143 1103 2204 altissimi
1131 2142 1319 2205 obumbrabit
1347 2152 1524 2215 lettaniae.

215 2253 374 2323 propterea
398 2244 476 2320 quod
500 2251 638 2303 nascetur
660 2263 695 2303 ex
719 2255 746 2304 te
769 2244 938 2316 ⁷sanetum,
962 2244 1114 2304 vocabitur
1137 2244 1215 2305 filius
1238 2244 1295 2306 (lei.
1331 2244 1394 2305 Vo-

216 2344 280 2404 lent
302 2343 418 2421 quidem
442 2353 471 2402 et
492 2343 540 2403 bie
569 2344 784 2420 argumentari,
820 2344 871 2405 sed
902 2344 1010 2412 veritas
1038 2344 1226 2423 praevalebit.
1270 2344 1394 2423 Nempe,

217 2444 371 2522 inquiunt,
395 2443 473 2503 tilius
496 2444 543 2504 dei
566 2444 639 2505 deus
663 2454 725 2515 est,
750 2455 779 2505 et
802 2444 896 2506 virtus
912 2445 1047 2506 altissimi
1063 2445 1226 2506 altissimus
1242 2454 1298 2506 est.
1334 2445 1397 2506 Nee

217 2545 310 2624 pudet
332 2544 399 2604 illos
422 2544 532 2604 inicere
555 2544 667 2622 ⁸quod,
692 2546 717 2604 si
741 2553 838 2617 esset,
872 2545 1014 2624 seriptum
1036 2546 1152 2610 luisset.
1197 2546 1293 2618 Quem
1316 2544 1395 2606 enim

218 2644 389 2716 verebatur,
414 2653 528 2703 utnon
552 2654 652 2724 aperte
675 2646 895 2723 pronuntiaret,
925 2646 1004 2707 Deus
1027 2646 1231 2725 superveniet,
1255 2653 1285 2706 et
1307 2645 1395 2706 altis·-

219 2746 314 2805 simus
338 2744 526 2805 obumbrabit
548 2744 600 2805 tel
644 2745 751 2806 Dicens
775 2754 890 2816 autem,
923 2746 1051 2825 Spiritus
1080 2746 1145 2820 dei,
1175 2746 1232 2807 etsi
1253 2744 1395 2826 'spiritus

219 2847 284 2920 dei,
309 2855 405 2906 tamen
430 2864 488 2906 non
513 2838 624 2906 directo
648 2847 735 2907 deum
759 2848 915 2909 nominans
949 2847 1117 2927 portionem
1145 2846 1238 2908 totius
1267 2843 1396 2926 intellegi
1469 2873 1477 2883 .

217 2948 326 3019 voluit,
351 2966 425 3025 quae
448 2965 569 3007 cessura
593 2957 655 3007 erat
677 2949 706 3008 in
723 2950 773 3010 filii
790 2968 910 3010 nomen.
943 2949 998 3010 Hic
1020 2948 1144 3028 spiritus
1168 2947 1214 3008 dei
1238 2948 1316 3009 idem
1340 2946 1397 3008 erit

217 3067 328 3109 sermo.
364 3048 472 3106 ¹⁰Sieut
494 3049 571 3107 enim
595 3047 704 3109 loanne
726 3051 852 3121 (licente,
875 3050 980 3110 Sermo
1000 3068 1068 3110 earo
1085 3049 1205 3110 ¹¹laetus
1222 3058 1276 3122 est,
1300 3045 1392 3127 ¹²spi·
1408 3064 1501 3116 torni,

219 3150 309 3210 ritum
334 3167 451 3227 quoque
475 3148 670 3226 intellegimus
694 3151 891 3211 inmersione
907 3151 1071 3221 sermonis,
1095 3149 1133 3209 ita
1157 3158 1187 3209 et
1208 3148 1257 3210 bie
1278 3166 1394 3209 sermo-
1419 3136 1427 3145 ⁰
1491 3142 1494 3152 '

220 3269 289 3310 nem
312 3269 430 3327 quoque
453 3250 641 3326 agnoscimus
664 3251 693 3308 in
716 3251 837 3310 nomine
860 3251 994 3328 spiritus.
1029 3250 1101 3309 Nam
1125 3257 1153 3308 et
1175 3248 1296 3326 spiritus
1320 3247 1395 3308 sub-

220 3351 327 3410 stantia
351 3359 397 3410 est
419 3349 579 3421 sermonis,
603 3357 631 3409 et
654 3368 753 3409 sermo
778 3350 910 3428 operatio
932 3350 1063 3428 spiritus,
1082 3357 1117 3408 et
1132 3348 1191 3408 duo
1207 3365 1299 3406 unum
1315 3355 1396 3407 sunt.

221 3451 359 3511 Ceterum
384 3451 471 3510 alium
494 3450 621 3509 loannes
644 3449 831 3526 profitebitur
860 3467 978 3508 earnem
1001 3450 1125 3518 laetum,
1158 3445 1246 3506 alium
1275 3445 1397 3524 angelus

220 3570 338 3611 carnem
363 3552 509 3621 loturum,
538 3549 563 3608 si
587 3568 646 3608 non
671 3559 699 3608 et
722 3549 845 3627 spiritus
869 3567 968 3608 sermo
992 3558 1055 3619 est,
1089 3555 1118 3606 et
1140 3563 1240 3605 sermo
1263 3544 1396 3623 spiritus.

222 3652 306 3711 Sicut
328 3670 398 3728 ergo
423 3669 522 3710 sermo
545 3650 592 3710 dei
614 3667 672 3708 non
697 3658 743 3709 est
765 3649 830 3727 ipse
853 3648 936 3708 ouius
960 3656 1023 3719 est,
1053 3647 1093 3706 ita
1121 3664 1176 3706 nec
1198 3643 1338 3724 spiritus,
1368 3652 1399 3706 et

222 3753 248 3811 si
273 3745 345 3811 ileus
369 3751 464 3811 dictus
487 3760 547 3822 est,
581 3768 641 3809 non
666 3748 791 3808 ¹³tamen
815 3747 878 3826 ipse
907 3756 953 3808 est
981 3746 1065 3807 euius
1088 3754 1135 3806 est
1156 3745 1262 3806 dietus.
1313 3744 1397 3805 Nulla
1448 3774 1453 3779 ·

222 3872 272 3913 res
296 3853 417 3912 alicuius
441 3852 505 3930 ipsa
529 3860 575 3911 est
591 3850 681 3927 'euius
706 3856 760 3910 est.
810 3848 901 3909 Plane
930 3867 996 3909 oum
1026 3846 1095 3926 quid
1125 3865 1160 3907 ex
1188 3846 1254 3924 ipso
1278 3853 1340 3918 est,
1369 3851 1399 3905 et
1500 3841 1502 3844 ’

223 3954 266 4015 sio
289 3954 353 4014 eius
377 3962 437 4022 est,
462 3953 532 4012 dum
555 3971 589 4011 ex
612 3953 677 4028 ipso
701 3950 755 4021 sit,
788 3957 889 4028 potest
911 3948 967 4008 tale
990 3949 1059 4027 quid
1084 3966 1151 4010 esse
1173 3946 1259 4026 quale
1281 3952 1312 4006 et
1332 3945 1399 4024 ipse

224 4073 339 4132 eiquo
364 4063 411 4113 est
434 4063 462 4113 et
484 4054 567 4114 cuius
592 4061 646 4111 est.
691 4051 728 4109 Et
751 4050 816 4110 ideo
841 4049 963 4127 spiritus
988 4048 1108 4122 ¹⁴deus,
1136 4057 1165 4108 et
1187 4065 1288 4108 sermo
1312 4046 1398 4118 deus,
1465 4126 1471 4137 ‚

224 4155 291 4233 quia
315 4174 350 4214 ex
372 4155 446 4225 deo,
470 4173 529 4213 non
554 4162 650 4213 tamen
674 4152 736 4230 ipse
760 4170 796 4211 ex
820 4145 956 4229 quo'est.
1002 4148 1117 4220 ¹⁶Quod
1140 4148 1216 4209 deus
1238 4147 1301 4221 dei,
1331 4155 1398 4208 tan-
1433 4208 1439 4213 ,

224 4307 247 4356 9.
268 4309 291 4355 in
311 4308 389 4356 lesum
408 4307 451 4355 ΑΒ.
471 4307 534 4354 Laid.

295 4375 352 4436 Cap.
373 4375 447 4422 xxti.
494 4372 513 4420 l,
533 4373 639 4419 ridemus
659 4373 693 4421 cd.
749 4369 1053 4419 recenserentur.
1106 4365 1129 4415 3.
1149 4365 1401 4415 manifestantem.

225 4441 491 4490 annumerem.
541 4441 563 4487 5.
584 4441 697 4498 irlemd,
718 4455 769 4487 cum
786 4440 866 4488 Fulvio
888 4437 977 4485 Ursino.
1025 4434 1048 4483 6.
1068 4435 1131 4482 euim
1149 4433 1193 4482 tu.
1213 4433 1275 4482 leirl.
1316 4431 1339 4480 ¹1.
1358 4446 1401 4479 vo·

226 4511 318 4558 cabitur
337 4518 434 4556 sanetus
452 4512 476 4555 Α.
496 4509 559 4556 leid.
623 4506 646 4555 8.
671 4507 735 4568 quod
753 4530 786 4539 —
804 4530 839 4539 -
862 4506 987 4552 verebatur
1010 4518 1053 4551 om.
1068 4505 1094 4550 A.
1114 4500 1177 4549 leid.
1239 4500 1263 4550 9.
1288 4499 1401 4562 spiritum

226 4578 263 4624 dei
283 4595 302 4626 r.
339 4578 439 4637 spiritns
458 4575 495 4622 uer
516 4576 575 4621 tleus
594 4576 626 4636 d,
647 4590 698 4622 enm
716 4575 795 4621 l'ulur'o
807 4571 896 4621 llrsino.
946 4570 985 4619 10.
1003 4569 1070 4617 Sicut
1087 4569 1124 4617 erl.
1142 4569 1215 4628 teta,
1235 4575 1281 4616 tres
1291 4567 1401 4640 Vaticani:

227 4646 267 4692 Sie
284 4645 377 4707 reliqui.
435 4642 471 4689 ll.
492 4643 579 4689 lactum
599 4642 712 4690 nteit
761 4639 798 4688 12.
818 4640 958 4702 spirituso.
1012 4634 1052 4684 13.
1071 4635 1135 4684 euim
1153 4636 1176 4683 Δ.
1196 4636 1261 4684 teta.
1305 4631 1343 4680 il.
1363 4630 1401 4679 (let

227 4713 287 4760 deus
306 4720 329 4760 et
347 4725 428 4759 sermo
448 4711 485 4758 dei
504 4710 564 4758 deus
584 4712 615 4768 rt,
635 4709 699 4756 Feta.
711 4708 816 4756 tlrsinur.
871 4706 908 4753 15.
929 4703 997 4762 Quod
1016 4706 1036 4752 si
1055 4704 1087 4762 d„
1109 4702 1256 4752 confutatio
1276 4700 1368 4748 llrrino.

263 4813 279 4859 t.
301 4813 531 4860 demonstrationem
551 4809 658 4857 eiusdem
677 4810 752 4872 patris
771 4816 794 4857 et
811 4801 867 4870 tilii]
897 4805 949 4854 lloe
975 4810 1012 4855 est
1034 4803 1098 4868 quod
1122 4811 1192 4866 pater
1215 4809 1239 4849 et
1256 4799 1321 4848 tilius
1339 4797 1402 4846 idem

229 4880 286 4928 sint.
319 4880 510 4943 breviloquentia
529 4877 686 4941 Septimianae.

261 4966 419 5008 Tsuruutrrnr
435 4977 486 5007 err.
499 4975 645 5006 sumtuum.
665 4960 729 5004 Tom.
739 4959 766 5003 ll.
941 4933 945 4941 Ι
1217 4949 1251 4999 44
