3242 5775
285 649 346 713 164
528 661 630 714 ouum
653 659 784 705 ὀἜΡΤῙΙΙΙ
804 657 971 703 nonsnrrs
994 656 1192 708 TEMTULUAM
1219 700 1222 704 ,

282 819 428 877 consonat
448 811 528 892 quod
548 828 610 873 nou
632 809 857 889 apostolorum,
879 807 949 870 ’sed
970 808 1068 870 Lucae
1088 806 1242 871 retertur?
1278 807 1339 870 dut
1359 808 1388 870 si
1401 825 1456 872 not

282 916 381 977 statim
403 914 500 974 Lucae
522 912 721 992 deputandum
744 918 792 970 est
814 928 873 989 quo
889 909 1019 970 Marcion
1042 907 1150 982 utitur,
1174 909 1242 989 quia
1264 919 1372 971 nostro
1388 927 1456 972 con·

284 1022 387 1092 sonat,
411 1013 522 1075 scilicet
543 1011 707 1074 adulterato
731 1011 819 1072 ctiam
841 1010 917 1071 circa
938 1009 1069 1082 titulum,
1091 1009 1241 1087 ⁴,ceterurn
1257 1010 1456 1091 apostolom

284 1124 340 1178 cst
372 1116 433 1177 iam
456 1132 527 1193 ergo
551 1121 581 1174 et
602 1120 757 1184 nostrum,
780 1110 860 1190 quod
883 1110 924 1172 iili
940 1118 1102 1183 consonat,
1134 1129 1229 1191 aeque
1254 1110 1456 1191 apostolorvm

285 1224 347 1290 est,
371 1216 424 1276 sed
446 1214 642 1276 adulteratum
663 1213 700 1274 de
724 1212 808 1273 titulo
832 1229 962 1291 quoque.

163 1335 262 1394 cren.
369 1315 461 1378 Funis
484 1315 572 1393 'ergo
595 1312 747 1374 ducendus
770 1320 834 1374 est·
857 1312 1073 1385 contentionis,
1110 1311 1175 1389 pari
1202 1311 1273 1373 binc
1301 1311 1372 1373 iude
1392 1311 1456 1380 nisu

284 1418 453 1480 fluctuante.
490 1415 553 1494 Ego
576 1432 675 1475 meum
699 1414 765 1475 dico
787 1431 905 1486 verum,
927 1412 1058 1474 Marcion
1080 1430 1177 1474 suum.
1214 1412 1278 1491 Ego
1304 1412 1456 1474 Marcionis

287 1519 401 1580 affirmo
423 1516 634 1588 adulteratum,
662 1514 793 1575 Marcion
815 1532 924 1574 meum.
970 1512 1044 1585 Quis
1068 1513 1224 1574 internos
1247 1512 1451 1588 determinabit,

287 1619 347 1681 nisi
376 1618 521 1697 temporis
549 1617 643 1688 ratio,
675 1615 702 1675 ei
730 1613 939 1695 praescribens
966 1613 1169 1676 auctoritatem
1205 1614 1286 1694 quod
1314 1613 1456 1695 muqder,

287 1720 486 1801 reperieturb,
508 1725 538 1779 et
559 1718 586 1776 ei
607 1716 813 1797 praeiudicans
835 1714 1015 1776 vitiationem
1038 1714 1119 1795 quod
1139 1715 1293 1795 posterius
1310 1715 1452 1777 ¹revincta

289 1819 362 1883 turi
397 1820 431 1881 iu
453 1825 594 1898 quantum
617 1817 696 1877 euim
719 1815 824 1878 iaisum
847 1815 1000 1895 corruptio
1022 1824 1070 1877 est
1084 1816 1162 1890 veri,
1185 1816 1216 1878 in
1239 1825 1353 1878 tantum
1373 1833 1456 1897 prae-:-

290 1922 374 1983 cedat
394 1937 518 1981 necesse
540 1926 587 1979 est
608 1918 713 1979 veritas
729 1917 846 1978 salsum.
883 1916 970 1978 Prior
985 1916 1042 1978 erit
1056 1936 1105 1978 res
1121 1915 1278 1998 passione,
1301 1925 1332 1979 et
1344 1913 1454 1979 meter'!

290 2016 497 2083 aemulatione.
539 2018 676 2098 Alioquin
698 2035 785 2098 quam
808 2015 988 2091 absurdum,
1021 2025 1070 2089 ut,
1099 2017 1124 2078 si
1154 2025 1293 2079 nostrum
1314 2016 1456 2097 antiquit

290 2120 533 2202 probaverimus,
555 2118 713 2181 Marcionis
736 2136 806 2178 vero
829 2118 999 2204 posterius,
1033 2127 1062 2180 et
1082 2126 1220 2179 nostrum
1242 2128 1311 2181 ante
1331 2118 1456 2180 vidcetu

290 2222 396 2285 falsum
418 2239 505 2300 quarn
527 2219 664 2282 habuerit
686 2218 723 2279 dc
743 2218 867 2279 veritate
888 2218 1057 2291 materiam,
1081 2228 1111 2281 ct
1125 2219 1283 2281 Marcionis
1306 2227 1375 2281 ante
1395 2235 1456 2280 rre-

293 2323 380 2384 datur
400 2321 627 2384 aemulationem
646 2338 661 2381 a
677 2327 782 2380 nostro
799 2326 953 2399 expertum
969 2338 1056 2398 quam
1072 2329 1103 2382 et
1117 2320 1244 2395 editum,
1267 2328 1297 2381 et
1311 2317 1456 2400 postremo

291 2423 322 2485 id
344 2423 442 2484 verius
465 2420 650 2482 existimetur
671 2420 750 2500 quod
772 2427 821 2480 est
842 2419 956 2491 serius,
978 2429 1049 2499 post
1071 2430 1171 2494 totac
1192 2429 1272 2483 tanta
1294 2421 1353 2482 iam
1375 2435 1456 2501 open

293 2531 381 2601 atquc
402 2522 578 2583 documenta
599 2520 783 2582 Christianae
805 2519 959 2598 religionis
982 2521 1100 2583 saecuto
1123 2522 1214 2590 edita,
1238 2540 1313 2600 quac
1336 2521 1384 2583 edi
1404 2519 1456 2598 uti·¹

294 2639 350 2700 que
378 2638 439 2681 non
467 2620 638 2699 potuissent
666 2621 732 2682 sine
759 2620 900 2700 evangeiii
922 2621 1061 2695 veritate,
1095 2621 1201 2689 idest
1227 2629 1296 2683 ente
1325 2617 1456 2706 evangeff

293 2721 456 2783 veritatem.
499 2719 586 2793 Quod
609 2739 679 2799 ergo
701 2721 832 2801 pertinet
852 2721 889 2782 ad
910 2720 1093 2799 evangelium
1115 2720 1235 2782 interim
1255 2722 1370 2793 Lucae,
1391 2731 1456 2802 qm

294 2829 382 2895 tenus
404 2821 573 2883 communio
596 2821 660 2883 eius
681 2821 759 2882 inter
780 2839 838 2882 nos
861 2829 892 2882 et
910 2822 1088 2884 Marcionem
1110 2823 1148 2883 de
1169 2823 1291 2884 veritate
1311 2797 1456 2904 discepd

294 2923 369 2984 adeo
392 2923 541 3003 antiquius
563 2922 711 2984 Marcione
733 2922 881 3002 estquod
909 2932 957 2983 cst
983 2923 1146 2985 secundum
1174 2942 1248 2997 nos,
1284 2924 1377 2987 utet
1402 2912 1456 3005 ιμ’

294 3022 337 3086 illi
351 3023 481 3086 Marcion
503 3023 659 3103 aliquando
676 3023 859 3097 crediderit·,
883 3041 949 3085 cum
972 3032 1001 3085 et
1021 3025 1176 3103 pecuniam
1198 3024 1350 3105 inprime
1371 3023 1456 3089 oren

295 3123 364 3184 ndei
386 3123 545 3185 catholicae
568 3123 708 3186 ecclesiae
730 3123 871 3197 contulit,
893 3124 1056 3203 proiectam
1071 3143 1141 3186 mox
1156 3144 1222 3187 cum
1238 3125 1324 3206 ipso,
1346 3132 1456 3215 poster

295 3242 384 3303 quarn
405 3223 435 3283 in
456 3224 605 3285 haeresim
628 3243 712 3286 suam
734 3243 750 3286 a
772 3232 876 3285 nostra
897 3225 1020 3286 veritate
1035 3225 1186 3286 ³descivit.
1221 3226 1301 3299 Quid
1321 3210 1456 3302 nuum¹

294 3323 467 3402 negaverint
486 3324 674 3386 Marcionitae
702 3324 828 3405 primam
857 3324 934 3405 apud
956 3344 1014 3385 nos
1036 3325 1125 3387 iidem
1150 3325 1215 3388 eius
1238 3327 1381 3390 adversus
1401 3324 1456 3413 est

297 3424 403 3487 stuiam
426 3443 543 3504 quoque
564 3423 684 3505 ipsius?
728 3424 821 3500 Quid,
845 3425 872 3487 si
893 3444 948 3486 uec
969 3426 1126 3504 epistulam
1148 3427 1347 3506 agnoverint?
1451 3420 1456 3427 ¹

295 3525 466 3587 Antitheses
487 3544 549 3607 uon
575 3526 666 3588 modo
694 3527 824 3589 fatentur
849 3525 1023 3599 Marcionis,
1052 3528 1106 3588 sed
1133 3535 1164 3588 et
1183 3527 1382 3607 ‘praeferunt-

295 3626 344 3687 bis
364 3625 437 3685 mihi
458 3624 596 3704 probatio
619 3627 738 3689 sufficit.
784 3624 817 3686 Si
839 3627 918 3688 enim
940 3626 970 3688 id
993 3622 1174 3706 evangelium
1197 3630 1278 3707 quod
1298 3629 1397 3693 Lucae

295 3725 391 3787 iertvu
410 3744 506 3806 penes
528 3744 584 3788 uos
617 3728 789 3800 (viderimus
819 3745 857 3788 an
884 3734 913 3789 et
939 3746 1033 3808 penos
1055 3729 1264 3806 Marcionem),
1297 3730 1396 3811 ipsum
1439 3718 1454 3817 .¹

298 3827 379 3909 quod
399 3827 530 3889 Marcion
558 3845 613 3907 per
633 3827 803 3889 Antitheses
832 3846 902 3889 suas
929 3828 1027 3908 arguit
1053 3837 1086 3891 ut
1114 3829 1324 3910 interpolatum
1354 3851 1370 3894 e
1396 3726 1456 3915 p:

296 3927 459 3989 tectoribus
478 3927 617 3989 Iudaismi
640 3929 676 3990 ad
699 3929 996 4008 concorporationem
1017 3929 1091 4008 legis
1113 3939 1143 3992 et
1163 3928 1456 4017 prophetarum}

298 4027 387 4090 ctiam
402 4027 552 4090 Christum
572 4029 641 4092 inde
655 4030 869 4109 contingerent,
890 4029 992 4109 utique
1012 4047 1074 4092 non
1096 4032 1247 4126 potuisset
1267 4050 1393 4112 arguere
1410 4030 1456 4127 ἢ

299 4179 325 4231 3.
342 4181 363 4229 ei
381 4176 489 4232 meent.
540 4182 565 4233 4.
584 4190 691 4233 ceterum
709 4184 742 4244 d,
761 4197 791 4232 ec
807 4183 921 4234 emendet.
937 4159 1140 4236 Petri‘diocconiv'.
1183 4191 1321 4236 ceterorum
1338 4134 1456 4261 cotim}

299 4248 427 4379 megin.
446 4313 482 4364 lii.
519 4315 542 4365 1.
560 4330 617 4378 crgo
636 4331 680 4366 om.
694 4332 715 4368 c.
750 4323 788 4366 cet
804 4330 862 4379 ergo
882 4316 1006 4367 ducendus
1024 4318 1132 4368 boorent.
1172 4317 1195 4368 2.
1214 4319 1352 4369 revincetur
1367 4248 1456 4371 iord¹3³

299 4387 347 4431 tur.
371 4382 397 4431 ln
416 4389 530 4444 qnantum
551 4383 573 4432 c.
591 4386 698 4434 coercet.
749 4383 774 4432 3.
792 4383 878 4434 desciit
895 4386 946 4435 otc.
987 4385 1059 4435 desiit
1082 4387 1188 4437 boorent
1239 4386 1264 4437 4.
1282 4382 1456 4453 proterenti!

300 4449 381 4498 esto.
415 4449 499 4500 neto
516 4450 653 4500 Pedanius.
1434 4464 1456 4519 ,1

336 4579 394 4645 Cep.
412 4579 449 4630 lv.
476 4596 498 4628 e.
515 4581 590 4631 Funis
608 4579 861 4650 crgoducendneeet]
911 4585 1044 4648 scriptione
1061 4585 1242 4637 Haereticorum
1261 4600 1334 4652 capp.
1349 4585 1384 4638 20
1401 4578 1456 4649 «Ι

302 4646 337 4697 be
355 4648 400 4697 bac
417 4648 539 4698 locutione
557 4650 589 4698 ci.
606 4650 697 4699 ednott.
716 4651 744 4700 ed
762 4650 795 4700 Dc
813 4651 861 4701 Pu·
912 4659 936 4700 et
955 4651 997 4701 ³1.
1440 4652 1456 4681 ῡ·

302 4715 349 4765 dic.
368 4713 455 4777 caph
907 4757 911 4764 .
946 4734 967 4768 c.
987 4727 1012 4768 ut
1036 4727 1059 4770 et
1083 4720 1136 4783 ipse
1161 4718 1195 4768 iili
1219 4718 1326 4768 Marcion
1344 4696 1456 4855 ὠή

336 4781 360 4830 b.
379 4782 400 4831 ei
419 4780 587 4845 praescribens
611 4784 777 4833 auctoritatem
796 4785 861 4848 quod
913 4783 1054 4852 crediderit]
1091 4788 1127 4838 ct.
1152 4786 1185 4835 De
1209 4786 1356 4851 Praescript.
1380 4786 1400 4837 M

302 4849 423 4930 eutiqeiue
449 4844 607 4916 ¹reperietur]
653 4850 689 4900 ci.
725 4851 760 4900 be
787 4852 861 4902 Prec·
912 4866 966 4917 cap.
977 4851 1002 4902 3.
1036 4854 1092 4904 hdr.
1110 4853 1224 4904 Marcion.
1241 4852 1316 4904 ttut.
1334 4853 1426 4919 cepi.
1439 4848 1456 4899 'u
