3242 5775
292 663 354 724 150
540 672 642 725 omum
665 670 796 716 asariam
818 669 984 714 moaanris
1006 668 1200 714 rrarnaamar

290 824 420 900 sentus,
442 823 528 903 quasi
549 822 644 885 sollus
666 821 795 895 ventris,
817 839 878 883 non
893 819 984 881 etiam
1004 816 1077 894 viri,
1100 827 1131 882 et
1150 818 1251 902 ipsum
1273 828 1407 882 ventrem
1426 818 1464 883 ad

290 926 382 989 Dauid
409 923 541 1003 redegit,
574 923 611 986 ad
636 923 802 1004 principem
830 921 948 1001 generis
977 928 1007 982 et
1034 920 1160 982 lamiliao
1188 919 1343 1000 ¹⁰patrem.
1390 919 1465 984 Nam

291 1028 359 1108 quia
379 1026 443 1087 viro
466 1026 608 1105 deputare
629 1043 689 1087 nou
710 1032 829 1105 poterat
849 1022 988 1101 virginis,
1016 1039 1085 1083 eum
1114 1030 1247 1084 renuam
1269 1020 1349 1102 patri
1368 1019 1466 1101 depu·

290 1129 372 1190 tavit.
415 1126 485 1187 “lta
507 1144 582 1205 quae
604 1124 635 1186 io
657 1124 776 1187 Christo
798 1142 875 1185 nora
897 1121 1055 1202 dispositio
1077 1121 1227 1183 invenitur
1254 1120 1363 1194 bodie,
1394 1120 1469 1184 naec

292 1228 349 1290 erit
369 1244 456 1306 mam
479 1233 550 1287 tuno
570 1233 687 1287 creator
713 1223 921 1305 pollicebatur,
954 1222 1094 1301 religiosa
1122 1231 1152 1284 et
1178 1221 1276 1284 fidelia
1296 1221 1391 1311 Dauid
1412 1239 1465 1303 ap-

291 1327 423 1408 pellans,
454 1326 557 1406 ¹²quae
578 1335 664 1387 eraut
685 1325 811 1399 Christi,
841 1324 908 1404 quia
930 1322 1065 1384 Christus
1087 1341 1122 1384 ex
1145 1321 1254 1396 David,
1286 1321 1379 1384 immo
1402 1320 1467 1403 ipsa

292 1427 349 1490 erit
370 1445 439 1489 caro
461 1426 526 1489 eius
549 1425 690 1506 religiosa
710 1436 741 1488 et
767 1426 865 1488 fidelia
885 1423 993 1498 Dauid,
1023 1422 1107 1485 ¹³iam
1135 1431 1236 1485 sancta
1263 1422 1411 1503 religione
1438 1428 1471 1484 at

293 1527 387 1590 fidelis
410 1546 447 1590 ex
467 1527 699 1590 resurrectione.
741 1527 815 1589 Nam
837 1534 867 1587 et
886 1524 1000 1587 Nathan
1021 1524 1167 1604 propbeta
1189 1524 1220 1585 in
1242 1524 1368 1604 ¹‘prima
1384 1523 1466 1586 “ba-

197 1614 283 1719 bffi·
297 1628 449 1690 siliaruml
477 1629 696 1707 professionem
724 1627 761 1688 ad
782 1625 872 1688 David
900 1625 969 1686 lacit
995 1624 1125 1686 ¹“semini
1155 1625 1230 1687 eius.
1282 1625 1373 1700 Quod
1401 1624 1468 1700 orit,

292 1729 405 1809 inquit,
428 1748 465 1791 ex
485 1737 589 1791 ventre
611 1728 743 1809 “ipsius
786 1728 851 1789 Hoc
872 1726 899 1787 si
922 1726 953 1787 in
975 1725 1167 1787 Salomonem
1188 1725 1363 1806 simpliciter
1384 1726 1465 1788 edis·

294 1847 394 1905 seres,
416 1830 512 1891 risum
533 1828 606 1891 mihi
624 1830 761 1891 incuties.
814 1826 968 1890 videbitur
989 1828 1067 1888 enim
1088 1825 1181 1890 David
1202 1827 1359 1908 peperisse
1380 1826 1464 1904 Sain-

293 1947 424 1992 monem.
465 1930 511 1991 hu
533 1939 563 1990 et
583 1927 633 1992 hic
653 1929 787 1992 Christus
809 1929 991 2008 significatur
1013 1946 1047 1988 ex
1070 1946 1106 1989 eo
1128 1937 1230 1990 ventre
1252 1946 1357 1990 semen
1378 1923 1466 1990 barii

294 2032 345 2111 qui
368 2043 450 2093 esset
472 2050 508 2092 ea
528 2030 636 2106 David,
663 2030 694 2091 id
720 2038 765 2091 est
790 2027 924 2091 blariaei
969 2028 1073 2101 ¹⁸Quia
1102 2036 1133 2090 et
1159 2028 1263 2090 aedem
1296 2028 1345 2091 dei
1373 2027 1464 2108 magia

294 2131 430 2194 Christus
453 2131 659 2193 aedificaturus
682 2137 782 2203 esset,
804 2129 956 2191 bominem
978 2128 1091 2190 scilicet
1112 2136 1262 2203 sanctum,
1285 2129 1317 2190 in
1335 2148 1395 2208 quo
1410 2145 1465 2209 pn·
1484 2185 1487 2212 i

194 2223 199 2239 '
294 2231 371 2294 tiore
394 2230 503 2311 templo
527 2230 730 2293 ”inhabitaret
751 2228 799 2291 dei
815 2230 953 2310 spiritus,
975 2228 1034 2290 ”in
1050 2229 1099 2290 dei
1113 2229 1205 2290 lilium
1223 2229 1317 2308 magis
1333 2228 1467 2292 Christi!

294 2332 449 2395 habendus
472 2340 555 2394 esset
575 2351 663 2412 quam
685 2330 827 2412 Salomon
850 2331 926 2393 lilius
948 2329 1050 2391 David.
1083 2329 1216 2408 benique
1238 2338 1269 2390 et
1289 2330 1419 2392 thronm
1438 2329 1481 2394 ha.

295 2451 400 2494 aarum
422 2439 452 2492 et
473 2449 597 2511 regnum
618 2432 649 2494 in
670 2450 775 2494 aarum
796 2431 890 2511 magis
906 2431 1025 2492 Christo
1048 2431 1187 2511 competit
1202 2448 1290 2509 quam
1306 2419 1487 2506 Salomoni,ff

175 2600 180 2611 ¹
294 2532 450 2612 temporali
477 2532 591 2593 scilicet
617 2532 691 2612 regi.
739 2532 827 2594 ²¹Sed
856 2540 886 2594 et
912 2551 930 2593 a
952 2531 1071 2593 Christo
1101 2531 1307 2592 misericordia
1334 2532 1383 2594 dei
1411 2547 1481 2594 nna.

295 2631 455 2705 abscessit,
489 2631 642 2698 Salomoni
672 2651 742 2694 vero
770 2634 861 2695 etiam
887 2633 931 2694 ira
957 2632 1005 2694 dei
1034 2633 1160 2693 accessit
1185 2641 1256 2712 post
1276 2617 1487 2712 luxuriamini,¹

295 2731 504 2794 idololatriam.
548 2732 709 2794 Suscitavit
731 2734 809 2795 enim
832 2734 874 2794 illi
895 2734 984 2794 Satan
1006 2733 1151 2794 ²'hostem
1173 2732 1357 2794 idumaeum.
1400 2733 1487 2806 Cana

297 2850 368 2913 crgo
390 2832 464 2894 nihil
485 2832 594 2896 bonam
615 2834 815 2913 compotatio
837 2835 1043 2907 Salomonem,
1074 2834 1179 2896 sedin
1201 2833 1369 2909 Christum,
1391 2835 1487 2899 ceant

297 2936 356 2996 erit
376 2934 452 2996 ratio
469 2934 747 3015 interpretationum
761 2946 950 3009 nostrarum,
972 2935 1039 3014 ipso
1062 2936 1150 2997 etiam
1172 2935 1251 2997 exitu
1274 2953 1375 2997 rerum
1397 2953 1485 3019 prosp

296 3036 385 3097 bauto
407 3054 481 3116 quas
502 3036 533 3096 in
555 3034 705 3097 Christum
732 3045 856 3117 apparet
881 3036 1077 3116 praedicatas.
1127 3036 1165 3096 Et
1191 3035 1230 3097 ita
1252 3035 1283 3096 in
1305 3036 1364 3097 boc
1385 3042 1484 3111 oruata

298 3144 398 3199 sancta
421 3145 452 3197 et
473 3135 569 3198 fidelia
590 3135 693 3198 David.
736 3137 823 3199 Hunc
844 3137 917 3199 deus
940 3137 1141 3200 testimonium
1168 3137 1338 3198 nationibus
1357 3114 1487 3219 posui&

297 3256 359 3299 non
381 3237 488 3312 barid3
515 3237 681 3317 principem
709 3245 740 3299 at
760 3238 956 3318 imperantem
984 3238 1172 3312 nationibus,
1200 3256 1261 3298 non
1282 3237 1394 3317 David,
1421 3236 1487 3320 qdr

297 3338 354 3400 soli
371 3339 474 3400 lsradli
496 3338 660 3420 imperarit
697 3337 847 3401 Christum
869 3340 959 3401 hodie
980 3339 1117 3401 invocant
1131 3338 1285 3413 nationes,
1308 3358 1384 3419 quae
1404 3354 1486 3405 aaut

296 3439 387 3503 ”non
413 3441 564 3513 sciebant,
598 3448 628 3502 et
653 3440 756 3520 populi
782 3442 820 3502 ad
841 3440 862 3472 ²¹
871 3440 1021 3502 Christum
1050 3441 1139 3502 hodie
1160 3440 1352 3518 confugiunt,
1385 3454 1487 3521 quens

297 3551 379 3603 retro
401 3542 587 3620 ignorabant.
629 3541 696 3602 Non
718 3549 818 3620 potest
839 3543 969 3602 futurum
992 3540 1079 3603 ”dici
1101 3541 1180 3620 quod
1203 3540 1285 3602 vides
1307 3541 1383 3603 lieri.
1475 3556 1487 3653 p

163 3659 282 3718 casaur.
384 3642 435 3702 Sic
456 3650 512 3703 nec
533 3641 612 3704 illam
633 3641 823 3704 iniectionem
850 3649 930 3702 tuam
958 3649 1047 3722 potes
1076 3641 1183 3703 sistere
1211 3641 1248 3702 ad
1277 3642 1487 3735 differentia-q

300 3757 341 3811 10.
365 3767 466 3825 patrem.
504 3760 563 3810 liam
582 3761 637 3823 qnia
655 3762 705 3810 viro
724 3761 840 3824 deputare
864 3775 912 3811 non
938 3769 1033 3825 poterat
1060 3756 1172 3822 ricuidis,
1203 3774 1257 3811 aum
1282 3768 1389 3810 ventrem
1411 3746 1487 3825 patrii

299 3828 420 3892 deputarit
452 3830 520 3879 abed.
549 3829 679 3877 Corrieusis
706 3830 773 3880 tiber.
841 3838 950 3894 patrem:
984 3831 1039 3892 quia
1073 3831 1121 3878 viro
1152 3829 1268 3891 deputare
1298 3843 1347 3878 noa
1379 3832 1486 3895 potam,

299 3897 396 3958 virginis
414 3895 564 3945 renirem'C.
612 3897 638 3944 ht
656 3897 764 3947 Laururt.
782 3902 817 3946 ert
841 3897 933 3958 redegit
957 3898 1091 3960 principem
1116 3898 1212 3958 generis
1236 3891 1382 3959 paraenet
1404 3896 1475 3946 lani·

301 3964 348 4012 liae
371 3964 426 4026 quia
450 3965 499 4012 riro
523 3962 641 4026 deputare
672 3979 719 4014 noa
743 3971 839 4028 poterat
864 3965 962 4026 uirginis
986 3971 1100 4012 ventrem.
1143 3965 1225 4028 ltaque
1253 3969 1305 4013 cett.
1372 3963 1414 4013 ll.
1440 3950 1487 4015 ba!

301 4044 362 4095 quaa
380 4032 404 4079 ia
422 4031 519 4080 Christo
538 4056 570 4066 -
586 4054 622 4066 -
639 4032 700 4085 baec,
716 4034 761 4081 erit
778 4035 810 4094 d,
831 4048 861 4082 aa
878 4033 990 4082 emendat.
1008 4032 1084 4080 Fuluii
1102 4031 1187 4081 Ursini.
1234 4031 1318 4094 ltaque
1335 4029 1360 4079 ia
1378 4026 1487 4117 (ΖΜ

302 4122 386 4134 --
404 4099 484 4147 hodia.
513 4098 640 4147 {laeserit
664 4099 757 4164 reliqui.
811 4099 851 4149 lb.
875 4115 936 4163 quae
961 4107 1013 4147 arat
1037 4100 1092 4161 quia
1111 4100 1216 4148 christus
1235 4112 1263 4147 ex
1281 4097 1349 4147 david
1367 4094 1481 4151 baud-

304 4164 343 4214 1³.
361 4165 409 4216 iam
428 4169 451 4216 d.
486 4174 533 4214 tam
543 4167 636 4230 reliqui,
648 4168 782 4217 utbaureut.
824 4167 864 4217 14.
883 4167 1124 4230 primaCo.laurent.
1160 4167 1238 4230 primo
1258 4168 1280 4215 b.
1316 4166 1426 4215 secundo
1437 4164 1487 4219 abab

214 4241 223 4259 ⁸
304 4232 343 4282 15.
360 4233 516 4284 basilicarum
534 4235 641 4284 Laurent.
700 4233 738 4284 16.
757 4248 841 4284 seman
859 4244 925 4283 tuum
951 4234 1016 4299 quod
1034 4249 1054 4283 a.
1115 4233 1154 4283 Π.
1173 4242 1213 4283 tuo
1232 4249 1253 4283 a.
1313 4231 1353 4283 18.
1372 4234 1487 4292 Quian,

302 4303 335 4362 d,
354 4317 405 4351 aum
421 4303 501 4352 Fuluio
521 4301 612 4350 braina.
665 4301 704 4351 lb.
726 4302 843 4351 habitarat
859 4303 967 4351 baurim.
1011 4301 1051 4351 2⁰.
1071 4310 1093 4350 et
1112 4302 1136 4351 in
1155 4302 1194 4350 dei
1212 4302 1236 4351 d.
1282 4299 1324 4350 21.
1343 4301 1393 4350 Sed
1409 4308 1435 4351 et
1451 4294 1487 4351 ι’

301 4367 331 4416 lit
347 4370 455 4419 beurent.
495 4369 543 4418 Sed
561 4370 653 4433 reliqui.
706 4367 747 4417 22.
766 4371 789 4418 id
814 4376 851 4419 est
875 4370 969 4419 hostem
987 4387 1007 4420 a.
1059 4368 1101 4419 23.
1124 4369 1265 4435 nesciebant
1282 4368 1391 4418 Laurent-
1434 4350 1487 4441 ἢ

302 4435 375 4485 deum
392 4437 465 4485 hodia
482 4437 589 4486 baurim.
641 4435 682 4486 25.
701 4436 747 4485 dici
766 4438 928 4487 ombaureat.
1478 4450 1487 4531 Ξ

335 4536 360 4586 b.
378 4537 403 4586 in
422 4537 498 4601 prima
513 4532 668 4602 basiliarum]
686 4537 716 4587 Et
728 4535 864 4587 bicbama·
914 4537 999 4598 libros,
1027 4538 1067 4602 qui
1091 4537 1212 4586 Samuelis
1235 4534 1411 4598 inscribantur,
1435 4548 1487 4627 “d

304 4604 413 4670 iiuapro
431 4606 572 4654 anctoritate
591 4613 673 4653 marat.
716 4603 816 4666 bepono
835 4619 864 4655 ax
914 4605 991 4655 cunda
1010 4606 1179 4668 duosllegum.
1204 4604 1292 4653 Errant
1310 4605 1350 4667 qui
1369 4604 1487 4673 iram

303 4673 381 4736 prima
411 4672 517 4722 aditione
543 4679 566 4720 el
593 4670 661 4721 libris
688 4672 807 4720 veteribus
838 4674 864 4722 iu
913 4672 1053 4722 basiliarum
1080 4673 1177 4735 lagnon
1213 4684 1267 4721 nam
1299 4669 1368 4720 lacus
1392 4670 1487 4745 “W

301 4743 378 4805 prima
395 4741 542 4791 basiliarum.
574 4737 633 4788 Nam
651 4738 762 4798 basilias,
780 4754 863 4802 regna,
914 4740 991 4803 prima
1011 4741 1152 4791 basiliarum
1178 4740 1240 4789 libro
1263 4738 1373 4788 secundo
1391 4744 1480 4791 anm

304 4808 328 4857 id
346 4816 384 4861 ast
401 4821 529 4870 regnorum
555 4806 630 4856 libros
655 4807 678 4856 ia
703 4807 763 4856 duan
782 4816 863 4870 partes
914 4808 954 4870 qui
979 4807 1088 4858 Samueli
1113 4808 1279 4858 inscribuntur
1303 4820 1358 4870 cap.
1373 4804 1399 4858 7.
1427 4804 1487 4873 (11ηΙ

304 4877 449 4941 dividebant,
466 4889 568 4940 quarum
585 4875 664 4939 prima
677 4873 738 4925 duna
753 4875 868 4939 capiebat⁴
914 4873 1018 4934 lunius.)
