3242 5775
322 650 385 714 236
577 660 677 712 uotam
701 657 833 702 sarraun
855 659 1019 703 reonsnrrs
1042 661 1238 706 marescum

315 813 442 878 retentio
465 809 564 872 delicti
587 808 714 870 iudicem
736 807 824 869 deum
848 809 984 888 sapiunt,
1005 809 1123 874 ²¹huius
1145 812 1203 873 erit
1224 812 1351 892 spiritus
1373 815 1477 874 sonat!

316 933 377 976 non
398 911 665 992 blasphemandus,
693 927 754 969 nou
776 909 932 971 remissuri
954 910 1067 975 scilicet
1092 912 1325 993 blasphemiam,
1360 913 1442 974 sicut
1464 927 1477 972 a

316 1034 406 1095 supra
428 1032 489 1075 non
511 1013 681 1090 negandus,
706 1011 833 1072 occisuri
856 1011 968 1074 scilicet
989 1013 1076 1075 etiam
1098 1013 1129 1075 iu
1150 1014 1327 1092 gehennam.
1378 1009 1477 1086 Quod

317 1125 347 1178 et
366 1114 581 1193 blasphemiam
596 1112 731 1174 Christus
746 1132 763 1173 a
779 1121 914 1174 creatore
935 1114 1056 1188 avertit,
1079 1114 1230 1194 quomodo
1254 1115 1477 1177 adversariusa

317 1217 429 1279 venerit
450 1235 511 1277 non
540 1215 613 1276 scio.
668 1215 727 1274 dut
753 1214 779 1273 si
807 1221 837 1274 et
863 1233 918 1294 per
945 1215 1018 1277 haec
1044 1215 1230 1279 severitatem
1260 1217 1328 1280 eius
1355 1213 1477 1290 inruens

315 1336 377 1379 non
399 1316 555 1379 remissuri
577 1314 789 1394 blasphemiam
805 1322 835 1375 et
850 1315 977 1377 occisuri
994 1316 1081 1378 etiam
1103 1317 1133 1378 in
1148 1318 1330 1397 gehennam,
1354 1307 1477 1400 superdss¹

316 1428 349 1480 ut
371 1428 400 1480 et
421 1418 499 1479 illius
522 1417 631 1479 diversi
655 1416 701 1476 dei
723 1416 844 1495 impune
867 1424 896 1476 et
911 1416 1034 1497 spiritua
1049 1417 1286 1499 blasphememur,
1309 1427 1341 1480 et
1355 1399 1477 1508 Chrth

316 1529 456 1599 negetur,
480 1527 510 1580 et
531 1519 604 1580 nihil
627 1518 748 1579 intersit
768 1519 805 1579 de
829 1517 907 1579 cultu
931 1518 995 1581 eius
1017 1518 1091 1580 dere
1106 1529 1293 1599 contemptu,
1318 1528 1349 1581 et
1362 1515 1477 1594 sicutfl'·¹

317 1629 489 1701 contemptu
511 1620 590 1681 nulla
611 1638 725 1700 poena,
754 1619 794 1680 ita
817 1627 847 1680 et
868 1620 905 1680 de
926 1620 1005 1681 cultu
1028 1620 1106 1681 nulla
1134 1622 1282 1700 speranda
1305 1621 1346 1682 sit
1366 1601 1477 1698 morou}

233 1733 236 1740 '
317 1720 507 1783 2²Perductos
530 1721 565 1782 ad
587 1729 753 1800 potestates
775 1720 916 1799 prohibet
946 1721 982 1782 ad
1009 1721 1274 1801 interrogationem
1296 1722 1422 1801 cogitare

197 1834 303 1929 tppiptt.
317 1824 523 1902 responsione.
569 1824 695 1884 Sanctus
718 1823 814 1894 onim,
838 1822 947 1901 iuquit,
970 1822 1093 1902 spiritus
1115 1817 1233 1885 docebit'
1253 1842 1309 1885 vos
1331 1822 1394 1903 ipsa
1413 1821 1432 1882 h

233 1915 238 1928 '
271 1919 276 1930 '
317 1922 416 2004 ”quid
430 1924 527 2003 eloqui
543 1924 685 1985 debeatis.
720 1924 752 1984 Si
775 1923 923 1985 eiusmodi
943 1923 1150 1985 documentum
1173 1924 1318 1986 creatoris
1340 1931 1400 1997 est,
1436 1919 1444 1934 “

165 2024 374 2133 ¹¹1&unp-merit
396 2034 425 2086 et
446 2037 637 2105 praeceptum
666 2024 750 2086 cuius
779 2024 945 2103 praecessit
971 2026 1146 2103 exemplum.
1190 2025 1308 2088 Balaam
1329 2023 1422 2105 proph
1453 2107 1457 2120 Ι

221 2113 246 2122 “
310 2120 347 2189 ¹io
374 2126 516 2189 Arithmis
548 2126 709 2188 arcessitus
737 2145 754 2186 a
783 2144 853 2204 rege
880 2125 985 2187 balach
1018 2126 1055 2187 ad
1086 2127 1320 2189 maledicendum
1348 2126 1409 2188 isra

317 2247 383 2290 cum
406 2247 464 2307 quo
487 2227 634 2307 proelium
656 2227 765 2300 inibat,
795 2226 883 2288 simul
905 2227 1011 2305 spiritu
1040 2227 1232 2307 implebatur3
1261 2247 1324 2289 nou
1344 2228 1418 2306 adq

317 2339 437 2391 venerat
458 2328 710 2400 maledictionem,
740 2328 793 2389 sed
816 2347 904 2407 quam
925 2328 966 2390 illi
988 2329 1052 2407 ipsa
1074 2327 1147 2389 hora
1169 2329 1293 2407 spiritus
1316 2345 1389 2409 sugg
1461 2395 1464 2400 ,

317 2430 554 2491 benedictionem
582 2429 807 2509 pronuntiabat,
840 2438 907 2490 ante
935 2431 1091 2509 protessus
1119 2429 1197 2509 apud
1225 2431 1345 2491 nuntios
1372 2429 1393 2461 ²¹
1443 2425 1453 2442 ‘

318 2549 388 2591 mox
409 2531 496 2592 ctiam
519 2531 598 2609 apud
624 2531 738 2609 ipsum,
772 2531 802 2592 id
825 2549 858 2591 se
879 2530 1140 2609 pronuntiaturum
1161 2531 1239 2610 quod
1262 2531 1336 2594 deus
1358 2530 1402 2591 ori
1435 2527 1443 2542 '

317 2631 512 2692 ”indidisset
567 2631 629 2692 llas
662 2641 732 2693 sunt
759 2651 853 2692 novae
881 2632 1031 2693 doctrinae
1059 2631 1127 2692 novi
1156 2631 1284 2706 Christi,
1318 2649 1431 2711 quaso

317 2732 415 2793 famuli
440 2732 583 2794 creatoris
604 2731 799 2793 initiaverunt
834 2732 910 2793 Ecce
931 2733 1017 2811 plane
1039 2732 1188 2793 diversum
1211 2733 1377 2814 exemplum
1396 2731 1421 2794 ll

317 2841 347 2896 et
359 2833 477 2895 Christi.
508 2834 625 2914 bloyses
641 2833 804 2895 rixantibus
820 2832 961 2895 iratribus
977 2834 1054 2895 ultro
1069 2833 1228 2896 intercedit
1239 2833 1299 2896 ”et
1313 2833 1399 2896 iniuri

205 2916 301 3020 ffiffi,
318 2936 463 3014 increpat:
487 2935 566 3008 Quid
587 2935 755 3015 proximum
778 2942 861 2995 tuum
877 2932 1030 3013 percutis?
1066 2934 1105 2995 Et
1124 2936 1247 2997 reicitur
1267 2935 1304 2997 ab
1326 2936 1391 2998 illo:

319 3046 347 3097 te
369 3036 552 3098 ”constituit
573 3037 748 3115 magistrum
776 3044 828 3096 aut
855 3035 981 3097 iudicem
1009 3054 1101 3115 super
1128 3035 1210 3098 nos?
1254 3006 1477 3199 chrismal}

319 3137 487 3216 postulatus
509 3156 526 3197 a
548 3137 674 3216 quodam
697 3145 729 3197 ut
750 3136 829 3198 inter
850 3136 931 3197 illum
954 3148 984 3198 et
1005 3138 1125 3198 tratrem
1141 3137 1235 3217 ipsius
1250 3137 1318 3201 ¹'de
1333 3137 1407 3199 divid

211 3250 215 3258 '
317 3238 497 3301 haereditate
520 3246 727 3317 componeret,
752 3257 873 3317 operam
896 3256 995 3311 suam,
1020 3238 1189 3316 etquidem
1212 3247 1272 3300 tom
1293 3238 1401 3320 probae
1451 3316 1454 3321 Ι

318 3358 385 3412 sae,
408 3339 571 3417 denegavit.
604 3339 665 3400 lam
688 3358 759 3418 ergo
781 3339 888 3400 melior
902 3339 1019 3418 bloyses
1034 3358 1119 3400 meus
1136 3340 1254 3401 Christo
1278 3348 1345 3413 tuo,
1366 3342 1407 3401 tro

318 3441 381 3519 paci
404 3442 543 3515 studens,
576 3440 701 3502 iniuriae
724 3458 895 3502 occurrens.
940 3439 1000 3502 Sed
1021 3440 1099 3501 enim
1123 3441 1227 3520 optimi
1250 3449 1280 3503 et
1301 3438 1391 3502 noni
1429 3437 1436 3451 '

204 3537 368 3631 Lffl’dei
390 3543 541 3615 Christus,
579 3541 684 3614 ”Quis
713 3560 776 3614 me,
811 3542 922 3620 inquit,
956 3540 1082 3603 iudicem
1111 3542 1265 3604 constituit
1292 3558 1384 3622 super
1408 3500 1477 3721 71

316 3643 409 3703 Aliam
432 3661 533 3703 vocem
556 3643 754 3704 excusationis
782 3641 915 3703 invenire
943 3660 1003 3703 non
1032 3642 1129 3721 potuit
1156 3661 1193 3703 ne
1221 3662 1256 3704 ea
1279 3650 1410 3706 uteretur
1464 3706 1469 3713 ,

317 3743 471 3823 improbus
494 3743 539 3804 vir
560 3752 590 3804 et
611 3744 719 3822 impius
740 3745 832 3804 irater
860 3752 1041 3805 assertorem
1068 3743 1225 3822 probitatis
1253 3753 1341 3824 atque
1371 3710 1477 3823 phul

318 3845 517 3906 excusserant.
551 3843 684 3922 [lenique
705 3844 841 3923 probavit
862 3844 968 3905 malam
982 3863 1101 3916 vocem,
1125 3843 1235 3906 utendo
1256 3864 1307 3920 ea,
1329 3854 1360 3909 et
1380 3842 1477 3907 malt!

251 3958 260 3977 t
317 3947 442 4018 lactum,
472 3945 552 4025 pacis
573 3945 651 4005 iuter
672 3947 778 4007 iratres
800 3946 1023 4025 componendae
1044 3945 1278 4008 ”declinatione
1320 3948 1379 4008 Aut
1397 3958 1477 4033 tuq

318 4046 388 4124 quid
421 4046 541 4126 indigne
569 4046 669 4107 tulerit
695 4047 753 4109 lroc
775 4047 1008 4127 dictolugatum
1029 4047 1168 4126 hloysen,
1200 4046 1328 4127 ideoque
1348 4045 1379 4109 in
1398 4029 1477 4109 aad

318 4148 382 4226 pari
410 4148 639 4227 disceptantium
667 4149 789 4211 fratrum
824 4148 917 4209 voluit
950 4147 1018 4209 illos
1046 4149 1328 4210 commemoratione
1354 4136 1477 4215 eamd

319 4249 389 4310 dicti
411 4247 606 4310 contudisse?
639 4249 729 4311 Plane
744 4250 794 4310 ita.
827 4248 923 4327 ³¹lpse
945 4250 1026 4310 enim
1048 4258 1119 4311 tunc
1139 4251 1236 4312 luerat
1257 4249 1289 4310 in
1302 4222 1477 4333 herred

319 4349 386 4411 talia
408 4349 555 4423 audierat,
578 4349 700 4428 spiritus
723 4350 835 4412 scilicet
855 4351 1010 4411 creatoris.
1043 4350 1119 4411 Puto
1135 4351 1192 4413 iam
1207 4350 1295 4412 alibi·
1314 4348 1387 4412 satis
1399 4354 1477 4465 ortt!¹

318 4499 358 4550 21.
379 4502 447 4551 cuius
464 4501 507 4550 BC.
550 4499 591 4550 22.
610 4502 741 4565 productos
762 4503 921 4553 l'oticoaorum
938 4504 1005 4553 alter.
1048 4502 1089 4552 23.
1109 4504 1166 4567 qaid
1183 4503 1265 4569 eloqui
1282 4503 1389 4553 dabatis
1451 4558 1465 4565 Η

318 4569 374 4633 quid
394 4569 535 4631 eloquimini
553 4568 659 4618 debeatis
678 4569 702 4619 ll.
744 4572 801 4635 quid
825 4570 956 4633 loquamini
977 4571 1136 4621 Vaticanorma
1153 4572 1220 4621 alter.
1279 4570 1320 4621 at.
1338 4570 1417 4634 rapio·

318 4635 360 4686 25.
379 4636 509 4695 indixisset.
536 4636 600 4684 llaec
618 4635 642 4684 B.
695 4635 735 4687 26.
761 4646 785 4688 et
810 4638 889 4688 card.
941 4637 981 4687 tt.
1006 4638 1147 4701 magistrum
1170 4639 1293 4689 constitnit
1315 4638 1343 4689 B.
1397 4634 1437 4689 28.

318 4704 445 4753 dividunda
464 4720 491 4763 e,
511 4720 541 4753 ea
558 4706 630 4753 altero
653 4706 767 4756 Vaticano.
802 4704 930 4756 dividunda
947 4707 1039 4770 reliqui.
1092 4704 1134 4756 29.
1153 4706 1197 4765 Qai
1216 4707 1239 4758 b.
1287 4704 1329 4757 30.
1346 4704 1407 4756 decli

319 4787 373 4821 uem
392 4771 432 4819 BG.
485 4770 526 4821 31.
545 4772 565 4821 si
584 4772 698 4834 ipaelld.
1459 4772 1471 4809 ‘-

351 4871 375 4921 h.
393 4868 551 4951 arcesserat]
570 4873 744 4939 Temptaverat.
962 4889 984 4924 e.
1002 4874 1050 4924 iam
1068 4869 1138 4940 alibi]
1155 4874 1235 4940 Supra
1252 4889 1306 4941 ott·
1317 4872 1364 4939 ¹⁶02
1441 4828 1477 4951 14
