3242 5775
316 619 379 688 688
565 636 666 689 onmrr
687 634 817 681 snm
838 611 1003 681 mondum
1026 635 1222 680 emron-unt

315 797 402 870 pater
420 794 518 849 autem
539 803 661 849 manens
682 784 713 847 in
733 803 782 848 me
802 785 871 848 lacit
892 802 992 865 opera.
1040 784 1097 846 Per
1123 802 1213 865 opera
1243 801 1317 865 ergo
1340 786 1476 849 virtutum

318 895 349 951 et
368 888 457 950 rerba
478 887 629 951 doctrinae
649 905 771 949 manens
792 887 823 949 in
850 886 911 947 lilio
938 896 1023 967 pater
1047 905 1102 967 per
1130 904 1165 947 ea
1190 885 1310 948 ridetur
1331 905 1390 967 per
1411 907 1477 968 quae

317 998 432 1061 manet,
454 995 483 1050 et
503 1007 557 1069 per
579 1005 645 1051 eum
666 988 697 1049 in
718 1006 777 1069 quo
798 995 914 1060 manet,
936 1006 971 1050 ex
991 986 1050 1049 lroc
1070 988 1137 1068 ipso
1159 996 1324 1069 apparente
1342 990 1477 1070 proprie·

179 1099 377 1160 re.1n‚rotate
397 1090 551 1169 utriusque
571 1106 735 1170 personae,
757 1089 827 1151 dum
848 1088 935 1164 dicit,
956 1088 1019 1168 Ego
1042 1106 1108 1151 sum
1123 1090 1153 1150 in
1168 1097 1270 1169 patre,
1294 1099 1326 1151 et
1348 1099 1436 1171 pater
1454 1091 1478 1152 ir

180 1208 301 1253 nunu.
317 1211 376 1256 me.
408 1193 502 1272 Atque
517 1191 607 1265 adeo,
629 1190 762 1266 Credite.
784 1190 834 1252 ait.
867 1187 967 1263 uuirt
1000 1190 1046 1252 lle
1066 1200 1177 1269 patrem
1200 1188 1294 1252 esse?
1329 1190 1401 1253 Non
1416 1200 1478 1272 puto

241 1307 298 1355 totu
320 1293 460 1373 sciptum
482 1310 568 1366 esse,
596 1292 666 1367 sed,
695 1292 771 1365 Quia
792 1310 847 1370 ego
870 1292 900 1352 in
921 1300 1021 1371 patre,
1053 1301 1083 1353 et
1103 1301 1186 1372 pater
1207 1291 1237 1352 in
1266 1310 1334 1364 me,
1369 1293 1399 1354 si
1427 1313 1478 1373 quo

317 1396 434 1469 miuus,
455 1393 501 1456 rel
521 1401 643 1474 propter
664 1410 754 1473 opera
776 1393 905 1467 credite,
934 1392 1090 1472 cautique
1112 1411 1201 1472 opera
1223 1409 1278 1472 per
1300 1412 1381 1473 quae
1402 1405 1479 1475 pater

210 1522 217 1534 ·
317 1497 349 1559 in
368 1495 447 1568 lilio,
468 1513 529 1556 non
549 1493 632 1568 risu,
654 1493 707 1557 aed
730 1512 822 1556 sensu
842 1493 1005 1556 ridebatur.

185 1619 308 1679 capus.
400 1596 474 1658 Post
493 1595 660 1676 Philippum
682 1604 712 1657 et
731 1604 821 1657 totam
845 1595 1038 1658 substantiam
1068 1594 1250 1674 quaestionis
1283 1593 1378 1657 istius
1414 1615 1479 1677 quae

318 1698 459 1763 inlinens
482 1696 639 1777 evangelii,
669 1696 890 1777 'perseverant'
918 1697 949 1758 in
971 1696 1075 1759 eodem
1098 1714 1205 1774 genere
1228 1697 1400 1772 sermonis,
1428 1717 1480 1778 quo

180 1815 306 1870 nutura
319 1807 405 1882 pater
425 1806 455 1861 et
473 1798 552 1861 lilius
573 1797 604 1859 in
618 1816 671 1860 sua
685 1797 864 1878 proprietate
878 1797 1127 1877 ’distinguuntur
1160 1797 1346 1860 Paracletum
1368 1818 1481 1879 quoque

318 1921 335 1964 a
355 1910 439 1982 patre
460 1918 494 1961 se
514 1897 748 1980 postulaturum,
770 1917 836 1960 oum
858 1898 1042 1961 ascendisset
1062 1899 1097 1959 ad
1117 1908 1246 1979 patrem,
1270 1906 1299 1960 et
1321 1901 1482 1963 missurum

204 1982 208 1992 ¹
318 1999 504 2082 repromittit,
527 2006 557 2062 et
570 1999 686 2080 quidem
706 2000 804 2062 elium.
833 2000 891 2063 Sed
905 2000 962 2062 iam
976 2000 1184 2080 praemisimus
1199 2001 1353 2080 quomodo
1365 2002 1482 2064 alium‘.

207 2085 473 2208 wedowo,
505 2100 548 2163 lle
568 2119 636 2162 meo
658 2107 771 2175 sumet,
801 2100 911 2180 inquit,
939 2102 1015 2165 sicut
1043 2102 1107 2181 ipse
1135 2101 1172 2163 de
1192 2101 1295 2181 patris.
1343 2103 1387 2165 lta
1411 2122 1482 2165 con·

318 2221 412 2268 nexus
440 2202 533 2283 patris
560 2202 591 2263 in
618 2202 678 2263 lllio
706 2211 737 2263 et
763 2202 815 2265 lilii
843 2203 873 2264 in
900 2203 1048 2282 paracleto
1078 2211 1139 2264 tres
1162 2202 1250 2263 efficit
1271 2204 1480 2275 cohaerentes,
1523 2197 1525 2296 l

307 2305 442 2369 'alterum
470 2323 506 2366 ex
534 2304 637 2365 altero.
692 2303 750 2377 Qui
781 2309 843 2365 tres
871 2322 962 2366 uuum
992 2313 1077 2376 sunt,
1113 2322 1172 2364 uon
1202 2322 1295 2378 unus,
1331 2306 1481 2387 quomodo

205 2421 308 2477 totto
320 2408 429 2470 dictum
457 2413 519 2479 est,
550 2405 613 2484 llgo
640 2413 671 2466 et
690 2411 774 2486 pater
800 2422 891 2467 unum
912 2424 1031 2478 sumus,
1060 2404 1095 2466 ad
1125 2404 1307 2466 substantiae
1331 2408 1482 2484 unitatem,

318 2526 379 2570 non
400 2507 437 2568 ad
459 2506 573 2568 numeri
595 2506 836 2586 singularitatem.
879 2506 1024 2570 Percurre
1045 2505 1154 2581 adhuc,
1184 2519 1213 2569 et
1239 2506 1377 2570 invenies
1400 2526 1481 2589 quen

203 2617 433 2691 to.xr‚1.patsem
448 2607 552 2669 credis
584 2607 659 2682 (vice
685 2607 777 2688 patris
804 2608 915 2670 dictum
943 2617 973 2669 et
999 2618 1111 2688 patrem
1133 2607 1290 2687 agricolam
1311 2607 1434 2689 'utique
1454 2610 1481 2671 in

320 2717 397 2772 terra
418 2716 450 2771 tu
471 2716 557 2787 putas
579 2707 701 2785 luisse),
723 2708 801 2771 lrunc
821 2714 946 2772 rursus⁰
967 2708 998 2769 in
1020 2708 1107 2794 caelis
1130 2728 1145 2769 a
1168 2710 1228 2770 lilio
1250 2709 1390 2789 agnosci,
1418 2728 1479 2772 cunr

170 2808 389 2881 10.xrn‚u.illuo
408 2808 570 2889 respiciens
592 2808 753 2888 discipulos
776 2828 849 2872 suos
870 2810 945 2891 patri
966 2809 1110 2871 *tradidit
1165 2809 1225 2900 Sed
1253 2819 1283 2871 et
1310 2810 1337 2872 si
1367 2812 1398 2872 in
1427 2812 1479 2872 isto

221 2913 295 2959 Μ·
320 2911 471 2992 evangelio
493 2929 553 2973 non
573 2910 639 2972 'est
657 2911 832 2984 revelatum,
855 2912 934 2981 lleus
948 2930 1049 2983 meus,
1072 2912 1109 2973 ad
1131 2911 1199 2991 quid
1214 2930 1261 2973 me
1276 2910 1481 2993 dereliquisti?

195 2964 312 3020 milm-

197 3017 300 3120 mbffisk
320 3021 368 3086 et,
394 3011 497 3084 Pater,
526 3012 556 3072 in
583 3011 642 3073 tuis
670 3011 805 3073 manibus
834 3013 951 3093 depono
978 3014 1112 3093 spiritum
1141 3031 1256 3086 meum,
1286 3023 1387 3081 tamen
1414 3022 1480 3094 post

321 3113 568 3175 resurrectionem
590 3111 786 3175 et·⁴derictae
808 3113 930 3192 gloriam
957 3114 1079 3188 mortis,
1112 3115 1243 3194 exposita
1264 3113 1479 3178 'necessitate‘

206 3210 209 3215 ’
320 3214 419 3277 omnis
440 3212 626 3289 humilitatis,
660 3232 726 3276 cum
748 3214 805 3276 iam
828 3224 941 3295 patrem
963 3235 996 3277 se
1017 3224 1122 3296 posset
1142 3216 1301 3278 ostendere
1323 3227 1383 3278 tam
1406 3216 1478 3279 fideli

320 3316 460 3391 feminae,
483 3334 519 3378 ex
540 3314 711 3388 dilectione,
733 3333 793 3377 non
816 3335 852 3377 ex
873 3315 1043 3378 curiositate
1060 3336 1115 3378 nec
1129 3336 1162 3378 ex
1179 3317 1384 3381 incredulitate
1399 3319 1477 3381 Tho·

188 3439 307 3494 remur.
320 3436 401 3491 mae,
423 3425 543 3498 tangere
565 3433 631 3479 eum
653 3416 826 3497 adgressae,
859 3417 917 3491 Ne,
939 3419 1049 3498 inquit,
1079 3418 1236 3498 contigeris
1258 3438 1322 3492 me,
1349 3421 1478 3482 nondum

220 3547 222 3551 ·
320 3519 440 3582 ascendi
461 3518 496 3581 ad
510 3525 630 3598 ¹patrem
654 3536 766 3591 meum,
788 3518 862 3580 vade
884 3527 979 3580 auteur
1001 3519 1037 3580 ad
1059 3520 1165 3581 iratres
1188 3539 1270 3580 meos
1285 3520 1393 3600 ('quin
1409 3521 1477 3584 etin

320 3621 377 3683 lroc
398 3620 489 3683 lilium
510 3619 666 3692 ostendit·‚
688 3619 767 3680 lilios
790 3619 868 3680 euim
891 3620 1070 3699 appellasset
1090 3621 1172 3694 illos,
1202 3621 1227 3682 si
1249 3629 1332 3701 pater
1355 3624 1478 3698 luisset),

320 3730 351 3783 et
371 3722 451 3783 dices
473 3721 533 3793 eis,
561 3720 697 3783 Ascendo
719 3720 755 3783 ad
776 3730 891 3802 patrem
913 3738 1010 3782 meum
1033 3731 1062 3783 et
1082 3733 1196 3801 patrem
1217 3731 1365 3797 vestrum,
1394 3725 1477 3786 deum

320 3839 417 3884 meum
440 3819 577 3881 eldeum
598 3828 739 3883 vestrum.
781 3821 868 3883 Pater
888 3821 924 3883 ad
946 3830 1075 3901 patrem,
1098 3833 1129 3885 et·
1148 3824 1221 3885 deus
1243 3823 1280 3885 ad
1302 3824 1418 3887 deum?
1444 3844 1477 3886 an

388 3973 446 4036 Cap.
465 3971 528 4021 ΧΠ.
572 3972 594 4021 l.
613 3982 748 4037 perseveret
766 3976 878 4025 latinius
940 3975 963 4024 2.
988 3976 1147 4038 distinguntur
1171 3978 1203 4037 d.,
1222 3993 1272 4027 cunr
1289 3978 1371 4029 Fulvio
1392 3979 1478 4029 denno.

321 4039 472 4101 distinguitur
488 4038 574 4090 llaec.
592 4040 655 4090 tete.
716 4040 739 4092 3.
758 4045 790 4092 uti
809 4037 879 4108 qu'em
898 4044 953 4093 edit.
971 4045 1088 4108 leopoldi«
1129 4054 1152 4094 et
1176 4059 1245 4109 qoem
1270 4047 1307 4095 ll.
1323 4048 1413 4096 lunius.
1456 4046 1477 4094 l.

321 4108 393 4156 tradit
410 4113 441 4167 d,
460 4108 598 4159 cumFulrio
610 4109 700 4160 Ursino.
739 4110 762 4159 5.
782 4119 847 4160 esset
864 4112 897 4172 d,
916 4125 966 4161 cart
978 4112 1057 4163 Fulvio
1070 4113 1159 4162 llrrino.
1200 4112 1224 4161 d.
1242 4113 1348 4163 deviatae
1366 4116 1442 4176 gloria
1455 4114 1477 4163 d.

321 4174 408 4224 dericta
428 4174 502 4237 gloria
520 4177 545 4226 t.
564 4178 627 4227 leid.
679 4176 702 4226 'l.
721 4179 888 4227 necessitatem
907 4179 932 4228 B.
977 4179 1000 4228 8.
1019 4183 1075 4244 quin
1095 4182 1157 4229 etin
1176 4181 1265 4229 hocce
1284 4181 1360 4230 fllium
1379 4184 1412 4243 d,
1432 4197 1478 4232 ean

321 4243 399 4293 Fuluio
419 4244 507 4294 Ursino.
543 4247 598 4310 quia
616 4254 639 4295 et
656 4246 690 4306 (et
706 4246 792 4307 cord.)
810 4248 833 4295 in
853 4246 899 4296 hoc
916 4247 989 4298 lilium
1007 4248 1093 4299 tuate.
1112 4249 1175 4297 leid.

355 4377 412 4443 Cap.
429 4378 494 4429 xxv,
534 4395 554 4429 a.
573 4375 737 4446 perseverant]
761 4380 792 4429 Ea
811 4395 872 4445 quae
956 4383 980 4433 d.
998 4384 1104 4446 exposita
1131 4379 1430 4448 necessitate1llrporito,
1457 4383 1477 4431 id

320 4444 374 4494 inde
388 4453 527 4510 sequnntur,
546 4447 653 4511 usquein
666 4448 735 4497 llnem
749 4447 873 4510 evangelii,
923 4460 959 4501 est
982 4451 1097 4512 depdsita.
1143 4451 1179 4500 ct.
1204 4452 1256 4500 dds.
1276 4451 1366 4501 Valent.
1391 4451 1476 4516 capt).

320 4523 473 4576 perseverant
496 4515 519 4564 iu
538 4516 621 4564 eodem
640 4529 727 4576 genere
745 4518 871 4566 sermonis.
923 4518 956 4568 lle
975 4519 1071 4568 llesurr.
1090 4519 1174 4568 Carnis
1192 4535 1244 4581 cap.
1256 4519 1297 4568 45.
1316 4528 1339 4569 et
1358 4520 1463 4583 capti).

354 4580 376 4629 b.
402 4581 449 4631 Sed
476 4583 522 4630 iam
555 4583 722 4646 praemisimus
750 4585 871 4648 quomodo
956 4601 977 4636 e.
997 4588 1084 4636 inhoc
1102 4588 1175 4635 llltum
1200 4584 1315 4648 ostendit]
1341 4587 1420 4636 lloleri
1439 4604 1478 4635 ro·

321 4646 413 4711 alium}
433 4649 468 4698 Gi.
487 4664 559 4713 snpra
578 4666 629 4712 cap.
640 4649 678 4700 13.
922 4654 999 4704 culam
1018 4670 1049 4714 se,
1079 4655 1226 4718 Septimiano
1245 4656 1340 4718 quidem
1359 4656 1416 4703 stilo
1436 4656 1478 4704 rni-

354 4732 373 4765 c.
393 4718 455 4766 horno
474 4714 567 4782 rursus]
585 4718 680 4778 Vulgata
698 4719 817 4768 distinctio
836 4727 873 4769 est
922 4725 985 4770 nime
1010 4728 1177 4771 necessariam.
1227 4725 1262 4772 Cl.
1286 4739 1347 4786 qrrne
1371 4723 1479 4771 adnotari

320 4793 429 4847 „patrem
447 4785 534 4845 credis,
553 4788 601 4834 rite
619 4787 693 4849 patris
711 4787 807 4836 dietum.
841 4784 878 4860 ‘Et'
923 4789 952 4840 ad
976 4789 1009 4839 lle
1035 4787 1095 4851 virg.
1119 4790 1216 4839 leland.
1242 4791 1346 4855 caplis.
1374 4799 1396 4839 et
1423 4792 1478 4840 ddi.

317 4862 411 4916 patrem
429 4876 502 4888 -—
521 4852 603 4902 luisse.
626 4854 805 4923 lluncrnrsns“
816 4861 870 4905 cett
922 4857 993 4910 ltere.
1003 4857 1050 4920 ll,
1060 4857 1122 4921 26..
1442 4846 1453 4868 '
