3242 5775
297 665 362 729 690
538 674 641 728 quinat
665 672 795 718 stertuit
818 669 983 714 rtonuttrrs
1007 665 1203 713 renuntiatur

298 846 385 911 quam
408 822 618 889 ¹⁸substantiva
640 840 706 894 res,
736 839 795 882 non
819 819 876 881 erit
898 817 990 898 ¹'ipsc
1018 818 1110 889 deus,
1143 817 1194 879 sed
1221 816 1367 882 hactenns
1390 824 1474 894 deus,

262 983 264 988 .
299 928 382 1009 ''qua
405 926 558 1006 exipsius
582 924 629 984 dci
652 920 834 993 substantia,
855 918 952 998 ''⁰qua
976 928 1006 980 et
1033 917 1244 980 losubstantiva
1274 939 1324 982 res
1355 935 1419 998 est,
1449 939 1476 991 et

297 1038 331 1092 ut
351 1028 450 1110 portio
473 1026 567 1104 aliqua
591 1024 694 1085 totius.
736 1021 828 1083 Multo
851 1020 943 1099 magis
966 1019 1059 1081 virtus
1081 1018 1218 1080 altissimi
1247 1038 1308 1081 non
1333 1025 1391 1087 erit
1412 1029 1476 1109 ipse

297 1129 474 1201 altissimus,
495 1126 515 1162 ²¹
524 1126 591 1205 quia
613 1144 670 1186 nec
691 1122 876 1184 substantiva
899 1140 948 1183 res
971 1131 1032 1193 est,
1056 1121 1134 1200 quod
1158 1130 1205 1181 est
1225 1122 1364 1200 spiritus,
1401 1132 1476 1195 sicut

296 1249 353 1293 nec
374 1228 533 1309 sapientia,
551 1238 611 1287 'nec
632 1223 835 1303 providentia3
858 1231 888 1284 et
908 1222 982 1284 haec
1003 1222 1081 1283 enim
1103 1221 1286 1283 substantiae
1308 1240 1370 1282 non
1396 1229 1475 1292 sunt

265 1300 271 1402 l
297 1331 350 1393 sed
379 1328 541 1392 accidentia
570 1316 1025 1404 uniuscuiusque'substantiae.
1080 1322 1178 1384 Virtus
1213 1322 1330 1403 spiritui
1360 1323 1474 1394 accidit,

211 1451 223 1468 ⁴
275 1407 353 1494 'uec
372 1429 438 1510 ipsa
461 1427 517 1489 erit
539 1426 673 1505 spiritus.
717 1424 771 1485 ilis
795 1424 894 1503 itaque
916 1423 1023 1496 rebuS,
1045 1422 1272 1503 ²²quodounque
1296 1432 1384 1496 sunt,
1413 1423 1473 1502 spi-

296 1530 357 1593 ritu
377 1528 425 1590 dei
448 1537 478 1589 ct
498 1544 640 1588 sermone
662 1536 693 1586 et
713 1526 838 1599 virtute,
872 1524 997 1585 conlatis
1026 1524 1057 1583 in
1080 1525 1242 1603 virginem,
1276 1523 1356 1603 quod
1382 1524 1420 1585 de
1443 1543 1474 1585 ca

295 1629 444 1703 nascitur,
466 1627 545 1689 iilius
560 1626 608 1687 dei
624 1634 687 1687 cst.-
717 1624 811 1687 ¹'Hoc
832 1644 866 1686 sc
889 1634 919 1686 et
941 1626 971 1686 in
994 1626 1061 1687 istis
1085 1624 1244 1703 evangeliis
1267 1626 1332 1704 ipse
1347 1633 1475 1686 testatur

155 1730 397 1807 autumnum
420 1748 437 1789 a
458 1746 563 1809 puero.
606 1726 673 1787 Non
701 1726 800 1798 scitis,
834 1726 944 1805 inquit,
979 1726 1056 1804 quod
1086 1725 1115 1785 in
1138 1725 1230 1804 patris
1253 1726 1310 1786 mei
1335 1744 1384 1786 me
1408 1745 1474 1789 esse

195 1822 270 1866 Μ·
298 1826 440 1912 oportet?
476 1829 541 1890 Hoc
562 1835 592 1889 ct
613 1836 731 1888 satanas
754 1844 822 1886 eum
844 1826 873 1887 in
890 1826 1135 1905 temptationibus
1151 1826 1246 1887 norit:
1271 1826 1302 1887 Si
1325 1827 1406 1888 filius
1430 1827 1475 1889 dei

166 1871 169 1880 '
194 1873 278 1925 imi.

156 1923 287 2017 'fffflst
297 1949 342 1994 es.
382 1930 447 1992 Hoc
467 1928 527 1990 ²⁴et
547 1926 652 1989 exinde
675 1926 830 1989 daemonia
852 1927 1047 1988 confitentur:
1076 1928 1192 1988 Scimus
1223 1927 1272 2005 qui
1302 1927 1363 1999 sis,
1398 1927 1474 1988 filius

137 2103 142 2114 ‚
178 2023 284 2118 &¹³⁹2
299 2030 357 2093 dci.
395 2030 512 2092 Patrem
541 2037 570 2089 et
597 2028 664 2107 ipse
690 2027 803 2095 adorat.
848 2026 998 2088 Christum
1027 2046 1061 2087 sa
1089 2027 1136 2087 dci
1164 2028 1291 2089 aPetro
1314 2026 1475 2107 ²³agnitum

192 2085 359 2196 ivillinon
373 2140 471 2209 negat.
503 2128 681 2191 ”insultans
703 2127 734 2188 in
756 2127 862 2207 spiritu
885 2128 921 2188 ad
942 2136 1073 2208 patrem,
1097 2127 1263 2199 Confiteor,
1286 2128 1400 2207 inquit,
1424 2129 1475 2190 tibi

206 2175 398 2313 Μμῐοῑ,
430 2230 511 2310 quod
533 2228 726 2291 absconderis
749 2228 821 2289 baec
848 2247 864 2289 a
887 2227 1081 2307 sapientibus.
1133 2229 1187 2288 Hic
1213 2247 1333 2307 quoque
1360 2238 1474 2308 patrem

135 2331 410 2412 'mrinnsencmini
432 2333 541 2392 notum
559 2328 617 2394 nisi
645 2328 704 2389 tilio
733 2328 876 2402 affirmat,
911 2338 940 2390 et
965 2328 1088 2408 ”patris
1117 2328 1207 2389 filium
1235 2328 1474 2393 2⁸consessurum

295 2432 486 2496 confessores
510 2439 540 2492 ct
560 2430 762 2509 ”negaturum
784 2437 943 2509 negatores
968 2447 1040 2490 suos
1063 2431 1140 2509 apud
1163 2440 1292 2509 patrem,
1329 2431 1473 2494 inducens

194 2514 282 2618 Ψ(
295 2531 466 2613 parabolam
488 2529 642 2609 filii,non
663 2530 771 2609 patris,
794 2530 825 2591 in
847 2530 963 2591 vincam
986 2529 1069 2591 missi
1092 2540 1162 2610 post
1176 2531 1290 2610 aliquot
1304 2550 1422 2604 servos,
1446 2542 1475 2593 et

141 2574 283 2719 ¹2¹2&
295 2630 388 2694 occisi
409 2648 426 2691 a
447 2629 532 2691 malis
554 2629 689 2701 rusticis,
720 2638 749 2691 ct
770 2649 785 2691 a
808 2639 893 2709 patre
915 2631 1046 2703 defensi,
1080 2632 1221 2709 ignorans
1250 2641 1279 2693 et
1306 2632 1373 2711 ipse
1397 2634 1474 2695 diem

236 2705 243 2726 ⁹
274 2704 327 2802 'et
347 2730 451 2791 boram
474 2729 604 2791 ultimam
628 2728 684 2791 soli
707 2730 783 2808 patri
805 2740 922 2803 notam,
947 2731 1111 2812 disponens
1133 2750 1257 2810 regnum
1279 2732 1473 2812 ”discipulis

179 2806 275 2923 xffltg
296 2829 448 2911 montedo
472 2838 502 2891 et
522 2828 580 2892 sibi
603 2828 781 2909 dispositum
797 2829 868 2893 dicit
888 2840 1018 2910 epatre,
1041 2831 1153 2894 habens
1175 2842 1354 2911 potestatem
1376 2834 1473 2914 legio·

172 2905 283 3022 ¹}ng
295 2949 351 2994 nes
373 2930 544 3011 angelorum
567 2929 737 3008 postulandi
760 2929 796 2990 ad
818 2929 958 2992 auxilium
981 2951 996 2992 a
1019 2942 1101 3011 patre
1124 2933 1150 2994 si
1172 2934 1280 3005 velletr
1305 2935 1473 2997 exclamans

164 3007 379 3121 ¹¹{lsdiquod
401 3050 434 3093 se
457 3029 530 3091 deus
552 3028 737 3107 reliquisset,
771 3029 800 3091 in
831 3030 923 3109 patris
951 3033 1086 3094 manibus
1115 3034 1253 3112 spiritum
1276 3054 1411 3114 ponens,
1447 3044 1476 3099 et

170 3089 282 3177 ¹¹¹¹¹f⁴b
296 3138 368 3212 post
388 3129 638 3192 resurrectionem
662 3129 812 3207 spondens
836 3131 997 3194 missurum
1020 3152 1053 3195 se
1073 3134 1224 3213 discipulis
1240 3136 1473 3215 promissionem

172 3177 283 3228 ΠΙῌΟ.

155 3227 284 3331 ufflffig
297 3230 408 3312 patris,
438 3240 468 3292 et
489 3230 652 3291 novissime
674 3230 817 3291 mandans
840 3239 872 3292 ut
894 3232 1061 3311 tinguerent
1089 3235 1118 3296 in
1141 3244 1254 3314 patrem
1277 3237 1422 3299 etlilium
1446 3247 1475 3300 et

296 3331 434 3412 spiritum
457 3340 609 3401 sanctum,
641 3348 702 3391 non
726 3331 755 3390 in
784 3349 887 3392 unum.
937 3333 1009 3395 Nam
1038 3354 1093 3405 neo
1120 3336 1227 3408 semel,
1260 3337 1312 3399 sed
1343 3349 1402 3410 ter,
1438 3339 1474 3400 ad

261 3467 266 3478 ·
294 3430 409 3512 singula
431 3431 552 3493 nomina
575 3431 605 3492 in
627 3449 772 3513 personas
795 3431 927 3511 singulas
950 3433 1121 3513 tinguimur.

144 3552 288 3610 cmxxvii.
379 3531 417 3592 Et
443 3531 512 3611 quid
542 3550 596 3611 ego
625 3532 654 3593 in
684 3540 743 3593 tam
773 3532 954 3595 ¹maniiestis
983 3534 1154 3608 'morabor,
1193 3556 1259 3598 cum
1289 3556 1323 3598 ea
1352 3539 1474 3618 aggredi

294 3630 417 3694 debeam
440 3632 606 3711 dequibus
628 3633 783 3694 manifesta
817 3631 994 3695 obumbrare
1023 3635 1192 3714 quaeruut?
1236 3637 1370 3718 Undique
1393 3641 1473 3702 enim

295 3730 414 3794 obducti
437 3731 491 3794 'de
511 3731 719 3793 distinctione·
740 3733 832 3812 patris
856 3742 887 3794 et
907 3734 975 3806 tilii,
998 3754 1086 3814 quam
1108 3747 1246 3799 manente
1261 3739 1473 3803 coniunctione

294 3830 499 3912 disponimus,
532 3839 566 3892 ut
592 3832 666 3894 solis
695 3841 725 3894 et
750 3833 825 3894 radii
853 3841 883 3894 et
904 3836 994 3897 fontis
1023 3844 1053 3898 et
1073 3837 1170 3908 durii,
1205 3857 1259 3917 per
1286 3840 1471 3904 individuum

293 3937 392 3992 tamen
413 3948 571 3992 numerum
593 3931 720 3993 duorum
742 3942 773 3995 et
794 3933 899 4007 trium,
924 3934 1009 3998 aliter
1027 3955 1091 3998 cam
1113 3938 1150 3999 ad
1172 3957 1255 4000 suam
1277 3939 1472 4005 nibilominus

218 4118 227 4135 ·
296 4113 335 4163 id.
355 4115 489 4164 substantie
506 4116 532 4165 A.
550 4118 614 4167 leid.
676 4118 715 4169 l'i.
734 4119 785 4183 ipso
804 4120 857 4183 ipsc
874 4119 935 4170 dens
957 4125 982 4173 Α.
1002 4124 1064 4174 leid.
1127 4124 1165 4174 18.
1192 4141 1238 4189 que
1258 4127 1372 4177 Latinior.
1415 4130 1471 4192 quin

297 4181 352 4230 libri
369 4191 482 4232 omnen·
510 4181 548 4233 19.
568 4200 614 4249 qna
634 4191 657 4233 ct
675 4187 707 4246 d,
727 4202 778 4236 com
795 4187 979 4238 Fuluiodlrsino.
1014 4205 1076 4254 qurc
1095 4199 1117 4240 ct
1134 4192 1221 4242 dBobc.
1241 4195 1304 4243 leid.
1350 4192 1392 4244 20.
1411 4196 1470 4245 sub·

292 4249 379 4297 stantia
397 4250 422 4299 A.
442 4251 506 4300 leid.
560 4251 601 4301 rt.
620 4253 675 4316 qnia
692 4254 778 4304 dnlcd.
815 4256 855 4317 qni
876 4255 900 4304 B.
919 4256 984 4306 bcid.
1006 4301 1009 4306 .
1028 4257 1068 4306 22.
1088 4269 1242 4323 quotcunque
1260 4277 1281 4310 a.
1323 4260 1365 4310 23.
1384 4264 1405 4312 si
1425 4264 1470 4313 hoc

294 4330 322 4365 re
339 4315 382 4365 dli.
402 4317 466 4367 leid.
518 4317 559 4368 rt.
578 4328 601 4368 at
619 4323 697 4370 om.d.
715 4321 779 4370 Leid.
822 4321 1129 4384 recognitionum.
1174 4327 1214 4376 26.
1234 4327 1467 4391 erultrusddeid,

195 4382 200 4387 '
292 4388 313 4431 et
335 4382 494 4434 Voticonorum
511 4401 579 4436 nnuc.
633 4385 673 4435 2'l.
691 4389 752 4450 patri
771 4392 797 4438 Δ.
816 4390 881 4439 leid.
932 4389 1231 4444 roconodinum.
1264 4394 1319 4445 ¹29.
1339 4405 1469 4458 negaturus

293 4449 321 4498 Δ.
340 4450 404 4499 leid.
456 4450 498 4500 30.
517 4452 691 4518 discipulorum
709 4457 735 4505 Α.
753 4456 818 4506 leid.
1428 4470 1434 4480 “

360 4517 418 4581 Cap.
437 4516 524 4570 xxttt.
562 4522 583 4570 1.
603 4522 804 4573 manifestatisd.
823 4523 888 4573 Leid.
940 4523 1243 4579 maurmunster.
1279 4533 1468 4597 mororreliqrn'.

291 4581 316 4632 3.
335 4583 365 4632 de
382 4583 537 4636 distinctione
554 4603 604 4651 eqo.
640 4589 793 4646 distinctione
811 4590 898 4642 Bcbcd.
932 4592 1110 4644 distinctionem
1128 4597 1153 4646 d.
1174 4598 1237 4646 leid.

325 4715 384 4779 Cap.
402 4716 489 4766 xxvii.
539 4735 561 4769 a.
585 4719 682 4784 obdoqti
710 4724 740 4773 dc
767 4724 853 4774 distin·
906 4725 976 4776 terli
1003 4730 1115 4779 obducere
1142 4692 1204 4794 apud
1224 4731 1400 4781 Tertullianum
1419 4734 1469 4782 iere

290 4778 442 4849 monaldi·
461 4786 585 4835 emendari
604 4789 686 4838 rocula
705 4792 734 4840 de
752 4793 853 4855 repetita
906 4807 951 4856 pru
984 4798 1117 4850 convincere
1145 4798 1180 4846 rel
1212 4804 1331 4860 consolare
1359 4802 1468 4864 usurpati

288 4862 316 4898 cx
335 4850 422 4902 initiali
448 4852 598 4918 insequentis
620 4857 729 4908 vocabuli
752 4859 854 4922 syllaba.
906 4862 1015 4926 exempla
1034 4863 1121 4924 collegi
1140 4865 1169 4914 ad
1188 4865 1221 4916 De
1239 4866 1316 4916 leiun.
1335 4881 1388 4930 rap.
1400 4867 1440 4917 li.
