3242 5775
280 653 282 658 ·
311 620 373 690 tes
652 627 775 730 mesura
794 634 970 693 sumamus
992 634 1133 682 cuneus

308 785 523 868 blasphemiam
546 801 608 848 noa
629 801 833 856 communem,
855 784 908 849 aed
930 784 1111 865 peculiarem
1132 796 1283 848 sescenas
1308 792 1341 846 et
1354 790 1482 850 ceman-

272 907 275 913 ’
309 906 379 952 uem
400 886 518 966 quidem
540 885 636 959 illam,
660 904 717 966 que
738 884 769 950 in
791 885 936 965 apostolis
958 886 1105 966 ¹¹quidem
1126 884 1228 949 dicant
1249 885 1400 965 spiritum
1420 905 1483 950 sea-

208 1049 211 1056 ,
310 995 390 1052 cutm
412 986 522 1060 fuisse,
543 985 723 1066 paradeum
745 1004 807 1048 non
829 986 939 1059 luisse,
961 994 992 1050 at
1005 1005 1063 1068 que
1079 987 1177 1049 ditent
1197 985 1391 1066 parecletum
1411 988 1484 1067 plura

310 1089 342 1152 iu
363 1089 503 1152 hortano
525 1087 638 1152 dixisse
665 1086 926 1167 quemchristus
952 1088 983 1151 in
1012 1086 1196 1166 evangelium
1224 1087 1414 1167 protulisse,
1438 1107 1485 1152 uec

310 1188 546 1269 coemptura,
574 1188 627 1250 sed
650 1188 739 1252 etiem
762 1187 885 1252 meliora
912 1196 1000 1268 atque
1021 1189 1144 1251 maiora.
1188 1188 1375 1253 ”innatam
1396 1199 1484 1254 euleu

310 1290 524 1373 blesphemiam
546 1288 586 1353 illi
608 1289 659 1368 qui
682 1297 752 1352 sunt
765 1288 838 1352 lietu
853 1289 1029 1354 Aeschinem
1050 1290 1126 1352 hanc
1146 1289 1257 1352 hahent
1278 1309 1339 1369 que
1363 1290 1485 1354 adieiou

311 1392 400 1458 adam
421 1391 494 1464 hoe,
509 1388 588 1453 '¹'uti
610 1389 708 1453 dicant
730 1390 879 1454 Christum
902 1390 999 1469 ipsum
1019 1409 1092 1454 esee
1113 1391 1205 1454 tilium
1227 1401 1259 1453 ct
1281 1401 1418 1472 patrem.

177 1480 295 1559 cunuti.
395 1491 451 1555 Est
470 1499 621 1570 praeterea
643 1491 692 1553 his
714 1490 854 1553 omnibus
875 1492 963 1554 etiam
977 1492 1097 1554 illectus
1112 1492 1274 1567 accedens,
1297 1493 1355 1572 qui
1370 1494 1486 1556 lsteutsr

310 1594 493 1660 Iudaismum
521 1592 581 1655 rult
607 1591 806 1655 introducere.
855 1592 968 1654 Pascha
992 1593 1075 1661 enim
1097 1591 1169 1654 ditit
1189 1610 1250 1656 non
1273 1593 1369 1655 aliter
1389 1603 1485 1657 muta·

312 1695 452 1760 dieudutu
474 1710 560 1765 essa,
583 1692 642 1756 nisi
664 1691 828 1755 secundum
849 1692 944 1770 legem
958 1693 1053 1771 hloysi
1074 1712 1148 1755 xrttr.
1171 1693 1299 1754 mensis.
1337 1694 1419 1767 Quis
1438 1713 1486 1756 ee·

312 1790 373 1860 luo
405 1795 517 1858 nesciat
551 1792 726 1872 ‘quoniam'
749 1792 916 1870 evangelica
944 1793 1038 1872 graue
1066 1795 1251 1866 orecueturh
1282 1794 1312 1856 si
1337 1796 1378 1858 ed
1400 1795 1486 1875 lassu
1525 1785 1527 1800 '

312 1896 461 1962 Christum
490 1891 637 1974 'rodigdl
678 1893 798 1957 Accedit
825 1893 874 1956 his
900 1893 1096 1957 'Theodotus
1122 1894 1291 1956 haeteticus
1321 1895 1486 1977 Byzantius,

310 1998 361 2080 qui
383 2007 578 2078 posteecttam
591 1994 718 2058 ⁴Cbrieti
732 2013 788 2074 pro
803 1994 925 2057 nomine
939 1994 1178 2073 ‘adprehensum
1199 1996 1334 2074 negarit,
1359 1997 1394 2061 iu
1407 1997 1487 2060 Chri-

311 2106 391 2165 etum
422 2096 629 2176 blasphemare
661 2112 724 2158 oon
756 2094 881 2181 destitit
935 2094 1102 2157 lloctrinem
1131 2096 1209 2157 enim
1237 2096 1415 2161 introduxit
1438 2116 1489 2178 ep
1525 2113 1527 2120 ·

311 2197 463 2263 Christum
484 2197 635 2260 homiuem
657 2196 861 2259 tantummodo
883 2195 1009 2268 diceret,
1031 2195 1120 2258 deum
1141 2197 1351 2261 autemillum
1366 2207 1489 2279 umes,

312 2317 350 2365 ex
369 2298 479 2379 spirita
499 2298 619 2377 quidem
640 2304 743 2359 seucto
764 2305 867 2360 uatum
894 2314 931 2359 ex
958 2297 1087 2375 supine,
1118 2297 1172 2359 sed
1200 2297 1365 2362 hominem
1392 2300 1489 2364 solite·

311 2402 389 2468 rieul
405 2408 492 2480 etque
507 2399 652 2469 mudum,
675 2396 771 2462 'omia
791 2397 847 2458 alia
868 2415 940 2478 pree
960 2398 1068 2460 ceteris
1083 2398 1140 2462 nisi
1155 2398 1218 2460 sole
1233 2399 1378 2464 institiae
1392 2411 1488 2465 eum·

310 2503 409 2568 rilate.
452 2499 534 2564 Alter
553 2499 724 2579 posthunc
744 2497 937 2561 'Theodotus
963 2498 1130 2561 haereticus
1152 2500 1268 2579 erupit,
1304 2503 1363 2580 qni
1384 2511 1416 2565 et
1434 2503 1489 2583 ipsa

283 2596 291 2604 ’
312 2592 479 2669 iuuoduuit
498 2600 620 2663 alteram
641 2609 754 2662 sacten
775 2606 806 2660 et
827 2598 925 2679 ipsum
940 2599 1091 2662 hominem
1107 2598 1259 2666 Christum
1282 2603 1487 2668 untnmmeds

313 2702 387 2768 dicit
405 2719 442 2766 eu
464 2700 572 2782 spiritu
593 2706 698 2763 uncto
719 2698 765 2760 ”et
788 2698 901 2778 virgine
922 2700 1012 2764 llleria
1042 2709 1217 2778 conceptum
1246 2703 1372 2780 puriter
1393 2714 1423 2770 et
1441 2721 1486 2768 aa·
1525 2779 1527 2790 Ι

314 2811 392 2876 tum,
416 2802 469 2863 sed
491 2801 573 2865 huuc
592 2798 764 2862 interiorem
787 2818 856 2862 essa
872 2818 959 2879 quem
973 2799 1205 2875 Melchisedech,
1229 2820 1267 2863 eo
1282 2805 1374 2882 quod
1388 2806 1485 2868 dte·

175 2903 298 2999 Ἧι*
316 2905 358 2969 sit
384 2904 422 2967 de
446 2902 583 2966 Christo:
616 2901 662 2964 'l'u
689 2919 722 2964 as
750 2901 893 2965 sacerdos
920 2901 952 2964 in
979 2911 1132 2965 aeternum
1159 2903 1333 2984 secundum
1363 2908 1484 2971 ordisse

187 2984 268 3059 'lid'-
314 3003 539 3069 fluctuemus.
583 3001 684 3064 ¹⁰Nam
705 3001 788 3065 illum
808 3003 1022 3067 Melchisedech
1053 3003 1258 3084 ”praecipuae
1287 3009 1409 3085 gratiae
1427 3026 1482 3070 cae·

223 3198 248 3221 ·.
312 3105 419 3171 lestetn
440 3121 510 3167 esee
532 3103 686 3177 virtutem,
709 3121 746 3165 eo
768 3104 849 3182 qaod
864 3112 932 3183 agat
945 3102 1082 3166 Christos
1103 3123 1159 3185 pro
1182 3104 1364 3171 hominihus
1385 3109 1480 3188 depes

315 3254 356 3309 il.
374 3257 472 3321 quidem
489 3256 563 3306 luca.
584 3256 713 3306 l'etieonus.
755 3255 852 3318 quidam
871 3258 909 3307 oh.
971 3254 1009 3306 tt.
1034 3256 1149 3305 Priretem
1175 3265 1255 3306 antem
1281 3259 1343 3310 ded.
1367 3261 1480 3310 Votienus

314 3324 406 3376 enen
424 3332 504 3373 satem
522 3324 689 3388 tussediper.
725 3323 842 3372 Privatam
859 3325 952 3389 caiani.
1007 3323 1045 3373 1³.
1064 3332 1090 3373 ut
1107 3326 1130 3373 d.

305 3394 307 3399 '
383 3394 441 3457 Cup.
460 3390 518 3442 vttt.
569 3390 590 3439 l.
615 3390 738 3454 quomodo
761 3391 796 3451 A„
823 3405 865 3454 pro
888 3406 958 3442 inore.
1011 3390 1034 3440 2.
1059 3392 1166 3441 redditur
1184 3395 1209 3440 l.
1268 3391 1296 3441 ³.
1318 3396 1481 3447 theodeeual.

316 3460 446 3510 humanus.
498 3457 522 3507 d.
548 3458 637 3508 Christi
662 3459 728 3508 ohed.
753 3458 943 3519 Poterniocensis,
970 3460 1109 3518 dorilensis,
1132 3460 1262 3508 Vaticanus.
1309 3461 1432 3512 Christum
1447 3459 1481 3511 ll·

268 3543 273 3549 ·
312 3527 495 3587 &inpunite
538 3526 563 3575 h.
581 3525 749 3587 adprehensus
766 3525 841 3574 tuot.
858 3525 1049 3585 Potersieeensis,
1060 3527 1198 3587 deniensis,
1212 3526 1403 3591 thiatyrensis.
1426 3540 1480 3578 eeu·

312 3595 449 3663 prehensos
472 3594 518 3654 ed„
544 3609 574 3642 ee
594 3594 709 3643 Vcticono.
768 3591 792 3641 6.
818 3593 932 3643 muudum
951 3596 976 3644 l.
1034 3593 1058 3641 Ἰ.
1083 3593 1147 3642 nullu
1172 3594 1219 3642 elia
1244 3595 1299 3657 ed„
1328 3613 1360 3646 ec
1382 3599 1480 3649 l'eticne

313 3661 380 3710 nullo
399 3662 446 3709 etio
464 3661 556 3724 reliqui.
609 3657 633 3709 8.
653 3659 786 3708 theodocus
803 3659 828 3708 l.
851 3659 980 3710 Vaticanus.
1037 3659 1060 3709 9.
1080 3669 1103 3708 et
1120 3676 1169 3722 epo.
1206 3675 1233 3708 ex
1251 3662 1311 3711 libri
1329 3681 1419 3714 omnes.
1451 3660 1480 3711 n.

312 3728 371 3778 uem
391 3730 457 3776 illum
477 3727 750 3777 llelchieedechoml.
805 3726 844 3775 ll.
863 3729 1128 3790 praecipuopratial.
1166 3727 1298 3791 praecipue
1320 3729 1480 3792 ottinsund

312 3797 467 3860 praecipuam
485 3803 510 3844 et
526 3796 647 3856 egregium
666 3795 690 3843 ll.
709 3796 734 3842 in
750 3809 824 3856 msrp.

345 3927 404 3992 cop.
428 3927 488 3976 tttt.
535 3942 558 3974 a.
586 3922 712 3991 quonlam]
742 3928 874 3977 Perticalis
924 3928 1092 3991 adprehensus
1116 3937 1161 3986 est,
1188 3928 1212 3976 io
1232 3930 1360 3981 Christum
1380 3932 1481 3996 blasphe-

312 3997 430 4061 psenieen
449 3995 512 4057 puin,
533 3995 595 4056 qnod
611 3994 664 4042 eius
683 3996 731 4043 aeri
741 3996 875 4058 scriptores
926 4010 992 4045 mare
1010 4011 1058 4044 uon
1077 3997 1193 4045 destitit“
1239 3997 1310 4053 Quae
1330 4002 1405 4049 rerba
1423 4010 1482 4048 aa

312 4062 383 4122 mles
411 4073 503 4123 ponere
530 4075 574 4123 pro
603 4061 730 4110 accusativi
753 4070 873 4112 structure
925 4065 1076 4126 estquidam
1096 4065 1118 4112 in
1138 4063 1306 4123 hirsaugiensi
1325 4062 1483 4118 uolumini

312 4142 367 4178 cem
386 4126 500 4177 indnitiro
519 4136 601 4176 netum
620 4135 664 4177 est.
695 4129 731 4179 Ct.
750 4144 812 4192 quse
830 4130 873 4180 ed·
924 4130 1048 4191 Augustini
1067 4132 1229 4179 onerationem
1246 4141 1355 4193 mutere,
1374 4136 1418 4199 qui
1433 4134 1482 4184 suh

311 4196 391 4247 aotsn
409 4195 439 4243 ad
457 4194 559 4244 Tertull.
577 4195 610 4245 ld
630 4196 723 4259 llartpr.
743 4212 794 4259 cap.
808 4197 832 4246 4.
926 4199 959 4247 hit
975 4197 1060 4246 horum
1074 4200 1248 4246 hoereticorum
1259 4209 1391 4250 auctorem
1402 4203 1482 4265 lapse·

925 4266 948 4314 in
968 4268 1147 4328 persecutione,
1173 4273 1198 4312 ot
1223 4266 1277 4314 eins
1303 4282 1381 4318 cesus
1405 4280 1482 4333 oppre-

924 4332 1003 4382 briorn
1022 4333 1144 4390 devitaret,
1163 4345 1276 4381 asserere
1296 4339 1414 4400 coepisse
1425 4333 1482 4385 ctr'r

924 4407 988 4447 stum
1013 4408 1103 4448 tentum
1129 4414 1182 4448 esse
1210 4400 1349 4463 hominem,
1376 4419 1424 4467 quc
1445 4412 1481 4452 aaa

346 4477 367 4512 e.
386 4462 475 4512 Christi
499 4478 544 4525 pro
572 4464 668 4512 nomine
691 4459 872 4528 adprehensus]
924 4466 1005 4523 deum,
1024 4467 1066 4514 sed
1086 4466 1206 4515 homiuem
1233 4483 1341 4529 negasse
1367 4473 1481 4522 aiderslat·

310 4528 353 4579 Pro
370 4533 463 4579 nornine
481 4531 574 4589 Christi,
600 4532 646 4579 hoc
669 4540 706 4580 est
723 4531 755 4578 oh
774 4532 871 4593 protes·
923 4533 1007 4596 ltaque
1032 4535 1130 4596 scripsit
1157 4535 1215 4596 „qui
1240 4546 1407 4603 posteaquem
1425 4534 1482 4589 ctu

310 4597 404 4647 aionem
423 4597 677 4646 nominisChristieoi.
706 4597 871 4648 llooclocom
921 4608 985 4651 stam
1011 4615 1056 4663 pro
1076 4600 1172 4649 nomine
1195 4602 1373 4664 adprehensus
1396 4604 1482 4668 amant

310 4664 346 4713 sic
363 4664 506 4726 scripsimus
525 4665 730 4714 consentientibus
748 4664 871 4729 exempla·
922 4668 945 4715 iu
964 4667 1088 4716 Christum
1108 4668 1281 4729 blasphemare
1309 4687 1359 4723 non
1379 4672 1484 4724 tuomst

309 4731 377 4780 ribus
395 4733 493 4779 vetustis
511 4733 634 4781 Gorziensi
645 4733 872 4790 Peteroiecensioue
920 4734 970 4783 Nec
988 4750 1044 4783 vero
1064 4749 1208 4796 magnopere
1235 4737 1317 4789 reiert
1335 4742 1417 4804 quoad
1432 4753 1478 4790 seu·

309 4798 369 4860 „qui
397 4805 554 4862 postesquam
582 4799 670 4849 Christi
701 4814 746 4864 prc
774 4801 871 4851 nomine
923 4803 1031 4854 tentiam.
1052 4802 1212 4862 (Rhenanus.)

337 4291 532 4410 -h.²erecoator]
564 4296 601 4345 ct.
626 4311 700 4360 supra
727 4298 819 4346 sdnott.
844 4298 873 4346 ed

313 4376 365 4426 cap.
397 4384 430 4409 ,ν
