3242 5775
290 612 353 678 m
546 629 649 682 numni
670 628 801 673 suerint
822 626 987 671 rtonnnrte
1008 626 1205 671 mmmm
1306 687 1309 698 Ι

289 780 398 853 filium,
429 778 506 840 sicut
527 778 615 841 iudex
636 777 691 859 per
711 778 866 850 delictum,
895 776 936 838 its
958 785 988 839 et
1008 776 1148 839 dominus
1174 794 1231 857 per
1252 793 1385 854 eaquae
1407 775 1466 837 sibi

290 880 436 944 servitura
458 879 586 942 lecisset.
626 877 857 959 ¹⁵Argumentari
875 877 927 939 tibi
942 878 1063 951 videor,
1085 874 1315 956 Hermogenes?
1345 876 1468 938 Naviter

290 981 435 1059 scriptura
457 981 545 1042 nobis
566 981 782 1061 patrocinatur,
805 997 881 1058 quae
902 988 1061 1057 utrumqne
1081 996 1192 1040 nomen
1215 979 1243 1039 ei
1262 978 1413 1051 distinxit,
1438 989 1472 1039 et

291 1099 347 1142 suo
369 1090 515 1166 tempore
533 1081 673 1142 ostendit
717 1081 790 1141 Nem
816 1079 916 1140 “dena
939 1080 1074 1159 quidem,
1105 1079 1125 1111 ¹⁷
1134 1078 1214 1159 quod
1241 1088 1306 1141 erat
1335 1098 1469 1159 semper,

165 1182 389 1248 metesinum
411 1181 576 1243 nominetl:
598 1182 631 1242 ln
654 1181 799 1261 principio
822 1181 891 1242 lecit
912 1180 985 1242 deus
1007 1180 1120 1242 caelum
1136 1188 1165 1242 et
1180 1189 1307 1254 terram;
1329 1199 1365 1242 ac
1379 1181 1466 1242 dein-

290 1302 361 1363 ceps
383 1283 522 1362 quamdiu
544 1282 669 1344 leniebat
689 1300 817 1362 quorum
839 1280 980 1343 dominus
1002 1282 1118 1343 iuturus
1140 1290 1219 1355 eret,
1249 1281 1325 1343 dens
1348 1280 1466 1343 solum·

175 1362 266 1468 1‚⁶,⁰.'2,·q,
289 1382 380 1445 modo
402 1384 496 1463 ponit.
532 1384 570 1445 Et
591 1384 664 1445 dixit
685 1383 776 1456 deus,
798 1390 832 1470 et·
849 1382 920 1443 lenit
941 1382 1031 1455 dens,
1053 1391 1085 1443 et
1106 1382 1179 1443 vidit
1193 1383 1284 1454 deus,
1309 1381 1369 1443 ¹⁸et
1389 1401 1466 1444 nus-
1505 1431 1507 1464 ;

289 1501 377 1564 quem
409 1484 506 1546 adhuc
537 1484 686 1546 dominus.
740 1484 777 1544 tt
803 1483 854 1544 ubi
888 1481 1026 1545 universa
1059 1482 1197 1561 perfecit,
1236 1482 1393 1562 ipsumque
1421 1482 1467 1543 ael
1500 1508 1507 1569 p

290 1585 417 1645 maxime
438 1585 604 1657 bominem,
626 1583 677 1664 qni
698 1583 820 1662 proprie
837 1583 1017 1645 ¹⁰dominum
1039 1582 1244 1645 intellecturus
1261 1592 1341 1657 eret,
1365 1583 1465 1646 domi·
1501 1631 1507 1672 ¹

402 1684 744 1744 '²⁰'.
932 1683 1465 1745 ‘oisno''t

175 1693 459 1872 ,relidit
481 1684 1140 1865 tldllllltllltflllll,
1169 1784 1206 1845 n
1219 1685 1464 1865 batilli
1496 1729 1507 1884 1

289 1886 389 1947 minus
405 1886 478 1948 deus
492 1884 609 1947 ”ldae
643 1885 757 1948 Exinde
772 1885 911 1947 dominus
927 1886 977 1966 qui
992 1895 1073 1946 retro
1096 1886 1179 1945 deus.
1193 1894 1324 1958 tantum,
1347 1904 1383 1948 ex
1406 1904 1465 1965 quo
1495 1891 1507 1983 4]

289 1983 392 2047 urbm
413 1986 498 2047 mlius
520 1994 611 2047 esset.
655 1986 729 2046 Nam
751 1986 825 2048 deus
847 1986 904 2047 sibi
933 1995 1012 2058 eret,
1045 1985 1136 2047 rebus
1164 1995 1264 2047 eutem
1293 1994 1363 2049 tnnc
1391 1987 1464 2049 deus
1491 2023 1507 2087 ,νὴ

177 2149 181 2156 ,
289 2104 356 2148 nrm
377 2094 407 2147 et
429 2085 577 2149 dominus.
614 2087 706 2166 lgitur
728 2088 922 2167 inquantum
944 2085 1061 2165 putabit
1080 2086 1148 2147 ideo
1172 2089 1323 2148 materiam
1347 2105 1466 2167 semper
1490 2137 1506 2181 3,

288 2187 383 2247 luisse
404 2186 471 2267 quie
493 2187 631 2250 dominus
654 2206 774 2267 semper
794 2195 895 2261 esset,
917 2187 949 2248 in
971 2196 1085 2248 tentum
1108 2188 1257 2249 constabit
1271 2186 1344 2247 nibil
1359 2187 1463 2261 luisse,
1487 2241 1507 2286 υ

287 2285 383 2366 ”quia
405 2297 524 2350 constat
544 2287 697 2350 dominum
720 2307 781 2352 non
804 2305 925 2368 semper
939 2288 1043 2349 luisse.
1079 2288 1209 2356 Adiciam
1225 2298 1256 2350 et
1270 2306 1326 2367 ego
1342 2297 1466 2369 propter
1485 2285 1507 2392 ,1'

288 2405 349 2448 non
371 2387 592 2467 intellegentes,
615 2408 743 2468 quorum
764 2390 970 2469 Hermogenes
987 2397 1123 2482 extrema
1144 2389 1222 2450 linea
1243 2397 1321 2462 estss,
1345 2398 1375 2451 ct
1396 2390 1481 2480 qui-¹

288 2488 356 2552 dem
377 2488 628 2568 ”experimental
655 2490 735 2553 illius
762 2490 944 2572 retorquebo
973 2489 1118 2552 adversus
1147 2490 1238 2552 illum
1283 2490 1357 2553 Cum
1386 2455 1507 2554 enimu

1482 2549 1507 2604 ἵὶ

289 2673 330 2730 tt,
347 2675 452 2738 egena
471 2677 610 2728 renem.
661 2677 701 2728 ro.
719 2677 893 2729 nominarer.
940 2677 977 2728 rr.
997 2678 1037 2743 qur
1054 2678 1078 2727 s
1132 2676 1171 2727 te.
1190 2685 1214 2727 er
1231 2679 1314 2727 ees.
1362 2659 1507 2738 roemE

288 2742 379 2792 minnan
404 2745 470 2794 obed.
511 2744 625 2794 dominns
653 2754 676 2794 et
698 2745 742 2796 ts.
800 2743 840 2794 20.
867 2746 1052 2807 cognominatur
1076 2746 1144 2796 obed.
1190 2743 1490 2806 cognominatnrnelm

288 2807 328 2859 tt.
346 2810 418 2861 ldae.
442 2811 533 2862 Exinde
549 2814 584 2873 A,
606 2821 626 2862 et
643 2813 670 2863 B.
688 2815 714 2861 io
729 2827 802 2875 marg.
843 2813 877 2861 lc
894 2812 980 2862 exinde
996 2813 1090 2877 religet.
1148 2810 1190 2861 tt.
1209 2828 1256 2876 qne
1274 2814 1297 2862 d.
1363 2812 1404 2862 2³.
1421 2825 1507 2901 *¹5

287 2878 422 2943 perimente
445 2895 496 2944 ego,
539 2895 566 2930 es
592 2880 736 2946 poenitentia
759 2880 834 2931 Atat.
887 2895 915 2931 ex
938 2895 1004 2945 penu
1028 2881 1099 2931 etiem
1119 2897 1148 2942 e,
1174 2896 1204 2931 ee
1221 2882 1353 2936 coniectura
1371 2881 1463 2941 latinii,
1489 2898 1495 2905 ·

292 2947 449 2998 exorbitanti·
466 2949 587 2998 liberem
605 2950 631 2998 in
646 2964 719 3013 marg.
738 2947 764 2997 H.
799 2948 951 3011 epinoemrta
970 2950 1002 3009 d.,
1022 2963 1073 2999 enm
1090 2948 1171 2999 Fulvio
1192 2947 1282 2999 llraino.
1478 2957 1484 3004 t

325 3096 347 3132 e.
364 3077 543 3147 Argumentari]
561 3082 599 3132 l'r.
612 3072 695 3132 leniris
712 3080 851 3132 rescriben-
902 3088 942 3132 tur
959 3097 972 3130 a
991 3081 1046 3131 loeo
1065 3084 1126 3133 intre
1145 3097 1216 3148 qnom
1235 3090 1288 3145 est;
1310 3084 1331 3133 si
1350 3082 1470 3153 determip

291 3149 348 3200 dnm
372 3151 465 3200 censuit
488 3153 600 3213 mgnmri.
642 3150 693 3199 llon
719 3163 781 3212 opus
805 3157 851 3199 est.
902 3156 981 3207 netur,
1006 3150 1078 3199 babet
1102 3151 1190 3200 lineam
1215 3159 1356 3208 extr-ernam,
1384 3165 1428 3214 qua
1463 3140 1507 3223 re

288 3215 383 3267 Etenim
403 3218 460 3268 alibi
477 3232 574 3282 qnoque
592 3217 754 3267 Tertullianus
781 3231 851 3279 orpo-
901 3224 1018 3280 qnantum
1035 3218 1136 3281 grrnprle
1154 3218 1240 3281 pictor,
1264 3218 1405 3279 agnoseit!
1463 3230 1507 3277 ,ή-

288 3288 387 3337 mtnri
403 3285 462 3335 dicit
478 3300 523 3349 pro
541 3287 653 3348 argutari.
690 3285 719 3334 tlt
736 3283 770 3333 lle
788 3285 851 3348 Spe·
902 3297 957 3332 esse
975 3286 1041 3333 omni
1060 3286 1104 3344 rei,
1123 3289 1190 3334 nnius
1208 3285 1272 3334 liner
1286 3280 1474 3359 extremeett'ff.¹
1489 3280 1507 3305 ⁴

290 3360 349 3403 aar.
369 3353 448 3417 capi
474 3353 526 3414 „lle
551 3354 605 3417 qnia
622 3353 778 3415 argumentari
805 3366 851 3401 nos
902 3351 928 3400 ln
948 3351 988 3401 lib.
1000 3352 1055 3400 ldr.
1068 3352 1180 3402 Praxerm
1200 3360 1268 3402 vocat
1286 3353 1357 3402 deum
1368 3348 1507 3414 „enlm-¹

288 3428 364 3484 putet,
391 3421 421 3471 ad
440 3419 598 3484 principalem
624 3427 749 3468 convertor
766 3425 851 3468 aneto·
902 3432 966 3468 mem
984 3419 1072 3468 lineam
1091 3419 1280 3469 universitatis.“
1307 3414 1500 3483 (Μινωὶς,-

288 3489 383 3540 ritatem
401 3489 478 3553 ipsius
496 3487 613 3551 signaculi
632 3487 735 3539 nostri.“
936 3486 960 3536 b.
978 3481 1155 3553 experimento]
1172 3486 1260 3536 Partim
1271 3503 1298 3537 ex
1310 3489 1416 3552 castigati
1459 3490 1464 3499 '
1479 3514 1507 3547 2

323 3555 339 3604 l.
358 3556 418 3605 llam
436 3558 496 3604 dens
513 3556 620 3620 quidem,
639 3554 704 3620 qnod
720 3561 772 3603 erat
785 3568 851 3603 sem·
901 3553 997 3612 letinii,
1016 3555 1103 3617 partim
1122 3568 1149 3604 ea
1167 3554 1280 3604 Vaticano
1300 3555 1383 3606 codice

288 3635 342 3685 per,
365 3623 445 3672 statim
470 3619 589 3688 nominat]
617 3623 700 3682 Seera,
727 3621 850 3681 intellege,
903 3628 946 3681 „et
955 3620 1052 3685 quidem
1067 3623 1340 3686 eepeearetinmillins“
1359 3637 1431 3688 pra„

287 3690 336 3739 seri
356 3698 417 3740 tnra.
445 3689 560 3752 Higeltins
578 3689 685 3740 distinxit
702 3689 851 3749 „Namdens
899 3691 1044 3753 poenitentis
1072 3689 1165 3751 illins,“
1187 3691 1252 3755 qnod
1281 3691 1387 3755 corrupti
1415 3690 1421 3701 ’

289 3705 385 3822 qnirlem
405 3758 469 3815 nnod
485 3765 537 3806 erat
546 3772 651 3822 semper,
670 3758 750 3807 stetim
770 3757 850 3806 nomi·
902 3765 971 3805 antea
991 3755 1079 3806 lectum
1098 3758 1169 3806 etiam
1188 3757 1319 3807 ilbenanns
1338 3759 1421 3808 adnot·

288 3823 346 3873 net“
365 3832 421 3873 cett.
901 3824 942 3887 qni
962 3825 1063 3888 proinde
1076 3825 1218 3875 coniioiebst
1232 3825 1360 3888 legendnm

322 3904 344 3952 g.
364 3905 466 3956 qrrornm
479 3891 643 3953 Hermogenes
661 3900 766 3942 extreme
785 3891 849 3940 liner
903 3893 977 3942 motio
1000 3899 1042 3941 ant
1062 3894 1188 3957 repetentis
1211 3893 1261 3942 sive
1285 3888 1507 3958 reciprocantia-'³¹

288 3953 336 4022 est]
363 3959 388 4008 ln
406 3960 491 4022 spatiis
509 3959 577 4018 olim,
603 3959 738 4023 inquibus
763 3973 850 4011 eureus
901 3966 941 4008 ant
958 3959 1063 4024 deniqne
1081 3961 1207 4010 evenientia
1225 3963 1394 4013 senenestitio.
1450 3964 1456 3969 '
1494 3962 1497 3967 '

287 4026 384 4090 publice
402 4026 482 4086 debet,
501 4027 593 4076 initium
612 4035 636 4076 et
653 4027 708 4077 linia
721 4027 790 4077 lineis
804 4041 850 4076 no·
900 4040 955 4075 rum
973 4026 1033 4077 illud
1051 4028 1141 4077 rectius
1158 4027 1275 4078 Latinius.
1312 4028 1354 4078 list
1374 4043 1404 4085 ae

287 4092 407 4144 labantur.
442 4095 502 4143 Hine
520 4095 633 4158 quicquid
652 4103 784 4144 extremam
804 4100 849 4153 eat,
901 4102 1136 4159 qnantnmepparet,
1153 4095 1382 4160 adhuccorrnptum

287 4168 391 4212 extrerm
410 4162 473 4210 liner
493 4163 675 4225 proverbialiter
696 4162 743 4211 diei
762 4161 849 4225 coepit.
901 4161 984 4211 hebuit
1001 4177 1052 4212 rem
1071 4161 1210 4227 quoderat,
1229 4163 1420 4213 neminiserrie'

285 4229 349 4291 Ergo
368 4244 421 4279 eum
434 4229 597 4279 Tertullianus
616 4230 792 4291 Hermogenem
812 4225 850 4278 bio
901 4229 984 4293 Neque
1003 4231 1066 4279 enim
1085 4230 1154 4279 aliter
1181 4231 1254 4279 hebet
1271 4230 1396 4281 Vaticanus

251 4344 255 4353 ,
285 4304 354 4346 vocat
372 4296 850 4358 „nonintelligentinmextremamline·
901 4297 954 4355 dex,
983 4298 1028 4346 nisi
1053 4296 1116 4362 qnod
1141 4296 1198 4358 legit
1225 4297 1348 4362 „ideoque
1373 4311 1408 4347 ret

286 4363 353 4424 am,“
379 4364 585 4429 imperitissimum
610 4366 700 4427 accipe.
737 4365 850 4414 Horatius
900 4364 1036 4413 serviens.“
1060 4364 1135 4414 Etiam
1145 4366 1412 4428 sequentirolnenrn

284 4431 419 4497 Epistulam
439 4433 468 4481 ad
487 4433 610 4490 Quintium
635 4432 670 4480 sic
689 4430 779 4482 clandit
797 4457 848 4491 „-
900 4431 988 4496 quibus
1007 4432 1098 4481 mederi
1116 4445 1143 4480 ex
1162 4446 1206 4481 ms.
1227 4433 1311 4482 rodina
1329 4431 1408 4485 sentit

286 4513 352 4549 mors
376 4500 459 4548 ultime
484 4498 547 4548 linea
571 4513 652 4549 rernm
672 4499 734 4548 est“
770 4500 848 4549 Simul
900 4500 965 4562 quod
984 4501 1007 4549 in
1026 4501 1111 4550 itinere
1127 4499 1235 4549 llomnno
1254 4500 1353 4564 perierit
1368 4501 1408 4559 jen

284 4566 356 4617 tucite
373 4567 459 4617 alludit
482 4567 512 4616 nd
530 4575 606 4615 sitem
626 4567 784 4628 Hermogenis
803 4581 848 4631 pe·
899 4568 970 4616 baius
994 4568 1048 4617 libri
1067 4566 1172 4617 ternio.“
1197 4566 1348 4627 (Pa-uelint.)
1381 4565 1408 4617 ca

284 4634 368 4686 nicillo
386 4634 463 4684 lineas
483 4634 571 4683 ducere
589 4633 670 4695 soliti;
695 4649 750 4683 nem
769 4636 848 4699 pictor
899 4636 949 4696 geri
965 4638 1127 4700 experientem,
1148 4635 1264 4684 laoillime
1282 4637 1364 4699 ntique
1382 4646 1436 4691 nt„

284 4711 344 4752 eret.
386 4702 426 4752 Sic
452 4703 513 4751 inlra
537 4697 661 4766 [cepdfll
692 4702 722 4750 de
747 4704 846 4752 materie
898 4703 971 4752 tione.
1013 4704 1179 4766 Experimento
1204 4711 1285 4752 entem
1308 4702 1365 4752 dicit
1387 4711 1456 4765 etfl-

284 4783 386 4835 1oqnens
405 4770 448 4831 „Si
468 4770 492 4819 in
510 4768 574 4828 loeo,
599 4769 684 4832 inquit,
708 4784 765 4831 ergo
785 4772 846 4820 intra
898 4777 987 4830 menta,
1014 4771 1180 4834 probationes,
1213 4771 1302 4835 quibes
1327 4769 1460 4820 doctri·

272 4839 380 4903 ‘poenm3
397 4839 419 4889 si
437 4839 499 4889 intra
518 4837 607 4898 locum,
626 4850 683 4898 ergo
699 4837 844 4888 determine·
898 4853 967 4888 snam
985 4839 1073 4890 sistere
1090 4846 1199 4902 temptet.
