3242 5775
651 687 800 732 aovmsua
821 688 963 733 annun.
1328 679 1386 743 tat

214 836 393 897 sententiam
410 837 596 915 interpretari
613 847 773 911 conantur,
796 845 829 898 ut
850 856 943 917 aeque
963 839 993 899 in
1010 858 1068 901 una
1082 859 1211 921 persona
1233 851 1390 925 utrumque
1441 847 1445 918 ζ

215 938 416 1014 distinguant,
439 945 552 1016 patrem
576 937 733 1009 etlilium,
757 938 909 1000 discentes
932 939 1024 1001 lilium
1046 960 1164 1004 carnem
1186 962 1268 1016 esse,
1291 944 1321 1004 id
1344 953 1390 1005 ast
1442 923 1446 964 ¹

215 1038 382 1109 bominem,
407 1037 435 1097 id
460 1047 507 1098 est
528 1038 641 1111 lesum,
664 1048 779 1117 patrem
800 1047 898 1101 autem
922 1040 1077 1120 spiritum,
1106 1043 1135 1104 id
1158 1051 1205 1105 eat
1227 1044 1331 1117 deum,
1360 1044 1389 1105 id
1438 1103 1442 1118 ,

214 1147 263 1199 εει
278 1138 438 1198 Christum.
474 1138 510 1198 Et
531 1138 581 1217 qui
604 1157 694 1200 unum
717 1139 903 1219 eundemque
918 1141 1100 1202 contendunt
1114 1152 1228 1222 patrem
1244 1153 1273 1206 et
1287 1144 1389 1215 lilium,

214 1240 273 1299 iarn
297 1239 441 1318 incipiunt
461 1238 592 1300 dividere
615 1239 680 1299 illos
704 1241 804 1319 potius
828 1259 914 1320 quam
936 1240 1056 1303 ⁴unare.
1089 1242 1121 1303 Si
1144 1242 1223 1303 enim
1246 1243 1320 1307 alius
1343 1252 1391 1305 est
1492 1223 1495 1228 ¹

214 1340 311 1410 lesus,
335 1339 409 1399 alius
427 1339 572 1410 Christus,
596 1340 670 1400 alius
694 1340 860 1413 orientius,
883 1341 975 1403 “alius
996 1351 1091 1420 pater,
1114 1342 1181 1421 quia
1202 1343 1278 1406 filius
1293 1343 1389 1417 lesus,

215 1451 245 1500 et
268 1452 353 1518 pater
374 1439 520 1502 Christus.
571 1441 671 1501 Talem
701 1441 901 1501 monarchiam
929 1441 1007 1520 apud
1029 1441 1214 1504 Valentinum
1243 1445 1390 1506 tortasse*
1451 1455 1471 1484 ⁸

214 1541 397 1614 didicerunt,
421 1541 496 1601 riuos
520 1542 631 1613 lacere,
666 1541 765 1602 lesum
789 1551 819 1602 et
840 1535 1000 1603 Christum.
1044 1542 1104 1604 Sed
1126 1553 1156 1604 et
1177 1545 1250 1607 baec
1270 1545 1390 1607 iniectio

214 1660 320 1702 eorum
344 1662 378 1702 cx
401 1642 623 1720 “praetractatis
646 1643 704 1702 iam
726 1649 828 1703 retusa
851 1652 913 1715 εει,
936 1643 1016 1722 quotl
1039 1661 1139 1704 sermo
1162 1644 1209 1705 dei
1231 1645 1277 1706 rel
1298 1645 1390 1725 apiri-

216 1751 266 1803 tus
290 1742 337 1803 dei
359 1752 389 1802 et
410 1743 505 1803 virtus
528 1742 662 1803 altissimi
690 1743 786 1803 dictus
815 1743 868 1815 sit,
903 1761 990 1822 quem
1018 1752 1133 1823 patrem
1162 1744 1281 1806 faciunt.
1324 1744 1391 1805 Non

214 1843 400 1921 enimipsae
422 1853 491 1903 sunt
513 1843 596 1903 ouius
619 1843 772 1913 dicuntur,
805 1844 858 1904 sed
889 1862 923 1904 ox
951 1843 1018 1922 ipso
1048 1852 1077 1905 et
1099 1844 1205 1922 ipsius.
1248 1844 1286 1905 Et
1307 1844 1392 1906 aliter
1440 1858 1450 1880 t

215 1953 314 2004 tamen
340 1944 369 2003 in
392 1945 449 2004 isto
473 1944 598 2023 capitulo
621 1945 819 2004 revincentur.
853 1943 939 2017 Ecce,
961 1943 1107 2022 inquiunt,
1131 1944 1167 2005 ab
1181 1944 1287 2025 angelo
1301 1941 1390 2025 pra'e·

213 2044 343 2104 dicatum
366 2055 426 2105 est:
449 2045 610 2123 Propterea
632 2044 711 2122 quod
734 2053 872 2104 nascetur
893 2053 1042 2117 sanctum,
1064 2045 1217 2107 vocabitur
1236 2045 1314 2107 lilius
1329 2044 1388 2107 dai.
1401 2058 1522 2111 emtas.

214 2145 292 2204 Caro
315 2146 413 2223 itaque
436 2155 503 2205 nata
526 2156 587 2216 est,
611 2163 679 2205 caro
701 2145 817 2223 ⁷itaquo
840 2146 896 2206 orit
917 2144 994 2205 lilius
1015 2144 1072 2206 dei.
1106 2146 1200 2206 lmmo
1223 2146 1260 2207 de
1283 2146 1391 2227 spiritu

214 2246 263 2306 dci
287 2245 396 2307 dictum
420 2254 475 2306 est.
522 2245 607 2306 Certe
630 2245 707 2306 enim
730 2244 767 2306 de
797 2246 904 2324 spiritu
933 2253 1035 2306 sancto
1063 2246 1146 2325 virgo
1177 2246 1327 2325 concepit,
1361 2251 1392 2307 ct
1495 2252 1505 2275 '

215 2346 295 2425 quod
319 2347 468 2425 concepit,
502 2346 531 2405 id
560 2345 691 2424 peperit3
722 2345 751 2405 id
780 2362 851 2423 ergo
874 2346 956 2406 nasci
978 2346 1105 2407 babebat
1127 2347 1205 2425 quod
1228 2354 1293 2407 erat
1314 2364 1389 2407 oon·
1458 2424 1462 2430 ⁸

215 2456 335 2525 ceptum
359 2456 388 2508 ει
409 2446 604 2527 pariumlum,
638 2446 667 2504 iu
690 2455 736 2506 est
758 2446 895 2523 spiritus,
930 2445 1014 2507 ouius
1044 2456 1073 2507 ει
1101 2447 1253 2508 vocabitur
1280 2464 1404 2532 nomen<

213 2546 423 2618 ⁸Emmanuel,
448 2547 526 2625 quod
551 2555 595 2607 est
617 2546 857 2623 interpretatum:
881 2546 1039 2607 Nobiscum
1063 2547 1148 2608 deus.
1193 2546 1267 2608 Caro
1292 2556 1529 2632 antemuranum

216 2648 292 2708 deus
315 2666 376 2708 non
400 2656 454 2720 εει,
479 2656 510 2708 ut
533 2647 569 2707 de
592 2646 639 2706 illa
658 2647 768 2706 dictum
782 2647 831 2715 sit,
855 2646 1050 2715 ⁸¹’locabitur
1072 2657 1206 2709 sanctum
1228 2647 1306 2708 filius
1329 2646 1389 2720 dai,

215 2747 271 2808 sed
294 2747 342 2807 ille
365 2748 414 2827 qui
437 2748 466 2807 in
483 2767 516 2807 ea
532 2757 619 2808 natus
635 2757 682 2807 εει
696 2746 780 2819 deus,
804 2747 916 2826 dequo
933 2756 960 2808 ει
975 2747 1127 2826 psalmus:
1151 2747 1299 2821 Quoniam
1314 2748 1388 2809 deus
1399 2745 1529 2845 ,affl-,¹1⁹5

215 2850 307 2909 bomo
331 2858 417 2910 natus
441 2858 485 2911 est
507 2848 546 2908 in
561 2847 624 2921 illa,
655 2857 684 2909 et
711 2848 875 2909 aedificavit
903 2866 967 2910 eam
996 2848 1146 2910 voluntate
1167 2847 1270 2928 patria.
1315 2846 1391 2921 Quis

215 2951 292 3011 deus
315 2951 343 3010 in
368 2969 401 3012 ca
424 2948 534 3010 natus?
566 2954 666 3009 sermo
690 2959 719 3010 et
741 2950 880 3029 spiritus,
910 2949 959 3029 qui
989 2968 1054 3011 curu
1077 2967 1217 3011 sermone
1240 2950 1277 3011 de
1298 2949 1390 3029 patris

215 3051 366 3111 voluntate
390 3060 476 3111 natus
493 3058 547 3110 εει.
585 3050 677 3127 igitur
699 3068 798 3111 scrmo
821 3051 851 3111 in
874 3070 976 3123 carne,
998 3050 1086 3111 ‘num
1110 3059 1138 3110 et
1160 3050 1197 3111 tle
1218 3050 1276 3111 boc
1297 3068 1390 3129 quae·

215 3152 357 3224 rendum,
382 3152 531 3229 quomodo
554 3169 653 3211 sermo
677 3169 745 3210 caro
768 3150 806 3211 sit
829 3150 938 3221 lactus,
965 3159 1104 3210 utrumne
1126 3150 1210 3228 quasi
1232 3150 1393 3229 uansligu-

216 3263 298 3312 ratus
321 3253 352 3313 in
375 3270 478 3324 carne,
502 3271 538 3311 an
561 3251 681 3311 indutus
705 3269 834 3311 carnem.
869 3251 962 3311 lmmo
985 3249 1117 3311 indutus.
1152 3248 1289 3310 Ceterum
1305 3236 1393 3309 deum

217 3353 420 3413 inmutabilem
454 3363 484 3414 ει
516 3352 732 3412 informabilem
766 3349 846 3410 credi
880 3367 1003 3410 necessa
1037 3359 1099 3420 est,
1137 3349 1197 3408 ¹⁰ut
1229 3359 1392 3408 aeternum.

215 3454 452 3531 Transfiguratio
476 3463 572 3512 autem
596 3451 785 3530 interemptio
815 3457 861 3511 est
881 3449 1010 3528 pristini.
1056 3447 1153 3509 Omne
1176 3446 1271 3518 cuim,
1293 3446 1391 3525 quotl-

216 3573 334 3633 cunque
357 3554 584 3632 transfiguratur
612 3555 641 3613 in
672 3551 766 3624 aliud,
800 3549 910 3610 desinit
938 3566 1007 3608 esse
1035 3546 1114 3626 quod
1144 3548 1253 3618 luerat,
1287 3553 1317 3606 ει
1342 3546 1391 3606 in·

216 3655 289 3732 cipit
311 3674 379 3715 εεεε
402 3656 480 3733 quod
504 3673 563 3714 non
588 3663 658 3714 crat
713 3652 792 3712 Deus
821 3660 918 3711 autem
940 3665 1037 3725 neque
1066 3646 1176 3708 desinit
1203 3663 1270 3706 esso
1297 3663 1392 3724 neque

216 3754 295 3815 aliud
319 3764 521 3834 potestesse.
567 3755 673 3815 Sermo
697 3761 794 3813 autem
817 3751 891 3811 aleus
920 3757 950 3809 et
971 3765 1070 3809 sermo
1099 3745 1212 3808 domini
1234 3752 1334 3807 manet
1361 3746 1391 3805 in

216 3875 339 3928 aevum,
372 3856 593 3934 perseverando
617 3854 729 3915 scilicet
757 3854 786 3913 iu
810 3869 863 3913 sua
886 3851 991 3910 lorma.
1034 3848 1141 3922 Quem
1173 3847 1199 3909 si
1226 3865 1287 3908 noo
1315 3845 1393 3926 capit

217 3957 441 4035 ’'configurari,
472 3974 659 4034 consequens
689 3963 789 4015 estut
811 3952 945 4013 siccare
969 3951 1061 4012 lactus
1090 3949 1291 4028 intellegatur,
1321 3946 1391 4008 dum

218 4058 280 4117 12ιιι
302 4057 332 4117 in
355 4077 452 4128 carne,
476 4065 505 4117 ει
528 4056 731 4117 manilestatur
754 4065 783 4115 ct
804 4053 921 4114 videtur
937 4059 967 4112 ει
981 4058 1180 4113 contrectatur
1194 4067 1247 4130 per
1261 4065 1391 4138 carnem,

216 4159 286 4236 quia
310 4167 339 4218 ει
360 4169 455 4219 cetera
480 4159 524 4218 sic
546 4156 637 4236 accipi
660 4155 789 4233 exigunt.
843 4153 876 4213 Si
905 4151 984 4212 enim
1013 4168 1112 4211 sermo
1142 4168 1176 4210 ex
1197 4148 1392 4226 transfigura-

219 4259 301 4320 tione
324 4269 354 4320 et
382 4258 583 4319 demutatione
612 4256 794 4318 substantiae
823 4273 891 4316 caro
920 4254 1014 4314 lactus
1043 4259 1105 4322 est,
1139 4267 1197 4310 una
1227 4249 1284 4311 iam
1309 4248 1394 4310 ¹¹erit

218 4379 243 4426 4.
263 4394 337 4428 unare
356 4380 440 4428 Bobcd.
477 4379 560 4426 iuuare
578 4379 602 4426 Α.
622 4377 686 4425 leid.
723 4376 791 4423 unire
810 4374 979 4433 laminitani,
998 4369 1174 4419 tertePumelio.
1225 4368 1249 4417 b.
1268 4366 1329 4418 aliua
1349 4382 1416 4425 oua,

218 4447 262 4494 illl.
282 4448 345 4495 Leid.
407 4445 431 4493 6.
450 4446 617 4508 praetractatis
634 4446 676 4495 id.
696 4445 769 4503 teta,
795 4450 817 4491 et
835 4442 860 4490 B.
879 4443 904 4488 in
920 4454 1002 4500 marm,
1028 4453 1057 4486 ea
1074 4437 1243 4498 llirioupienai,
1270 4437 1295 4484 ni
1312 4434 1391 4499 folior,

219 4517 306 4562 conice.
350 4515 484 4562 retractatis
509 4514 576 4560 bate.
629 4511 653 4559 l.
679 4512 761 4574 utiquc
786 4511 818 4569 ib,
847 4523 897 4558 cum
921 4507 1002 4555 Fulvio
1022 4503 1112 4553 Ursino.
1174 4501 1197 4551 8.
1222 4501 1347 4551 emanuhel
1368 4501 1392 4548 B.

218 4579 264 4628 8b.
284 4582 348 4643 quod
369 4589 480 4628 nascetur
498 4588 616 4636 sanctum,
635 4579 757 4627 vocabitur
775 4576 840 4625 illius
858 4575 896 4623 dci
915 4572 947 4634 δ,
965 4587 1018 4622 curn
1035 4571 1115 4621 Fuluio
1135 4569 1225 4645 Ursino.
1277 4567 1301 4618 9.
1321 4567 1393 4614 Deor-

219 4663 266 4710 que
285 4657 308 4696 et
324 4650 352 4696 de
372 4649 418 4696 boc
436 4649 550 4697 latinius.
595 4645 633 4693 tu.
652 4647 675 4694 in
695 4646 861 4694 aeternuml.
882 4642 944 4690 teia.
991 4638 1030 4688 ll.
1049 4637 1278 4712 configurari-bubo.
1313 4641 1394 4682 trans-

219 4716 316 4775 lrgnrari
336 4718 367 4775 a,
389 4732 437 4765 euin
456 4716 536 4763 fulcio
557 4714 647 4761 Ursino.
689 4711 826 4771 consignari
844 4711 870 4759 Α.
930 4705 969 4756 tt.
988 4706 1072 4754 utba.
1090 4706 1155 4755 beiti.
1191 4703 1306 4752 sitlobc.
1354 4697 1397 4747 ta.

217 4792 264 4831 erit
283 4785 314 4843 a,
335 4800 385 4833 eum
404 4783 485 4831 Fuluio
505 4782 594 4829 tostin.
632 4787 683 4828 erat
700 4781 787 4828 Allobo.
806 4778 870 4826 Laid.

254 4883 277 4930 b.
296 4884 360 4947 apul
379 4883 528 4931 Valentinum
548 4874 664 4942 tortasse]
685 4879 721 4928 tt.
740 4877 796 4928 aar.
809 4874 926 4925 Valentio.
945 4886 998 4935 cap.
1012 4870 1043 4921 tt
1061 4878 1085 4920 et
1103 4868 1143 4918 2'l.
1183 4947 1241 4998 44*
