3242 5775
241 613 282 674 74
400 616 402 621 '
482 575 597 676 'omnm
620 622 752 667 sarritur
772 598 940 666 bnonnnrrs
963 620 1160 666 rrnrunnnnr
1222 567 1249 598 ι’

238 774 407 858 proximum
427 782 566 854 tanquam
587 774 733 854 teipsum,
754 772 835 856 qnod
859 771 916 833 etsi
931 789 967 833 ex
981 771 1046 850 lege
1060 770 1221 850 mentoris,
1245 777 1277 832 et
1291 780 1325 833 tu
1340 791 1414 853 qun-

240 895 298 956 que
318 875 391 938 illud
405 867 541 954 excipere
555 874 699 949 dehehim
717 883 751 936 ut
765 893 781 935 a
797 874 916 936 Christo
939 891 1000 934 non
1022 874 1221 947 destructum,
1245 874 1299 934 sed
1315 873 1415 953 potius

241 984 432 1037 exstructum.
486 975 572 1053 Namv
588 993 647 1055 quo
675 976 769 1055 magis
797 975 966 1054 proximum
994 973 1115 1051 diligas,
1150 972 1275 1052 diligere
1302 974 1415 1038 iuberis

239 1076 393 1138 inimicum
415 1084 444 1137 et
464 1083 645 1138 extraneum.
690 1076 883 1155 Exaggeratio
915 1082 963 1136 est
990 1074 1107 1135 debitae
1134 1073 1278 1136 bonitatis
1302 1074 1433 1138 exactio.

239 1177 399 1239 indebitae.
452 1176 606 1239 Antecedit
634 1185 733 1238 autem
760 1176 859 1238 debita
887 1175 1064 1249 indebitam,
1099 1183 1133 1235 ut
1160 1174 1353 1255 principalis,
1383 1183 1418 1240 nt

241 1279 359 1359 dignior
379 1277 516 1339 ministra
537 1285 569 1338 et
590 1277 697 1338 comite
720 1295 790 1350 sua,
813 1276 844 1337 id
864 1286 911 1338 est
931 1275 1072 1337 indebita.
1115 1276 1220 1337 Prior·
1243 1276 1336 1355 igitur
1350 1293 1417 1340 ωιι

240 1381 335 1460 prima
358 1378 498 1440 bonitatis
520 1377 597 1438 ratio
620 1377 710 1438 sitin
731 1395 796 1439 rem
818 1395 902 1438 suam
925 1376 1058 1437 exbiberi
1081 1394 1115 1437 er
1131 1375 1263 1450 iustitia,
1279 1377 1417 1440 secunda

240 1488 339 1542 autem
360 1480 391 1541 in
414 1478 538 1540 alienam
560 1495 596 1537 ex
618 1477 812 1539 redundantia
835 1477 968 1539 iustitiae
989 1494 1080 1555 super
1094 1475 1266 1538 Scribarum
1288 1484 1322 1553 et
1337 1477 1415 1540 Pha·

239 1581 423 1653 risaeomm‚
460 1578 550 1657 quale
574 1585 621 1639 est
648 1579 807 1639 secundam
840 1577 867 1637 ei
900 1576 1045 1638 rationem
1078 1576 1185 1637 referri
1218 1575 1284 1639 ²cui
1318 1577 1418 1640 delicit

240 1681 351 1761 prima,
376 1697 436 1740 non
457 1677 593 1739 'habenti
614 1679 770 1757 proprium
792 1677 961 1751 hominem,
990 1695 1024 1738 ac
1052 1695 1107 1756 per
1128 1677 1187 1739 boc
1208 1696 1330 1757 quoque
1351 1676 1418 1740 exi·

241 1779 338 1861 guae‘l
373 1775 468 1840 Porro
484 1778 603 1856 exigua,
626 1796 702 1857 quae
724 1796 811 1839 suum
834 1796 895 1839 non
917 1777 1036 1849 habuit,
1060 1776 1211 1856 quomodo
1234 1779 1266 1838 in
1287 1778 1419 1850 alienun

240 1878 438 1942 redundavit?
469 1879 598 1940 llirrhihe
619 1878 810 1958 principalem
832 1877 995 1952 rationem,
1018 1887 1048 1939 et
1069 1886 1140 1939 tuuc
1154 1878 1268 1940 vindica
1282 1897 1434 1966 sequen-¹

242 1988 311 2043 tem.
347 1979 431 2041 Nulla
453 1998 503 2041 res
526 1979 591 2040 sine
613 1979 718 2040 ordine
739 1979 910 2040 ³rationalis
925 1986 1027 2058 potest
1041 1978 1200 2052 vindicari,
1223 1979 1421 2044 tanto-abeat

240 2082 293 2143 ut¹³
315 2080 391 2141 ratio
414 2081 478 2160 ipsa
500 2080 532 2141 in
553 2080 650 2159 aliquo
674 2079 809 2139 ordinem
831 2080 955 2140 amittat.
1007 2080 1051 2141 Sit
1078 2098 1157 2140 nuuc
1185 2087 1215 2140 et
1243 2098 1259 2141 a
1281 2067 1419 2144 secundo

240 2181 334 2262 gradu
355 2181 500 2260 incipieus
521 2180 596 2242 ratio
619 2178 777 2251 honitatis,
799 2178 830 2239 in
853 2188 1026 2242 extraneum
1042 2181 1170 2253 scilieet,
1194 2198 1250 2241 uec
1265 2161 1419 2246 secundun

241 2283 282 2344 illi
304 2282 413 2362 gradus
436 2282 552 2343 ratione
574 2279 723 2342 constabit
743 2279 801 2340 alio
814 2280 913 2340 ¹modo
937 2280 1118 2342 destructus.
1156 2281 1241 2342 Tunc
1262 2281 1343 2342 auhn
1365 2299 1418 2346 ra·

241 2383 359 2445 tionalis
381 2382 537 2444 habebitur
558 2381 605 2441 rel
626 2379 756 2441 secunda
777 2379 808 2440 in
831 2388 1004 2441 extraneum
1026 2380 1161 2454 bonitas,
1184 2382 1210 2442 si
1226 2382 1293 2442 sine
1308 2381 1421 2448 ininr’u

241 2484 307 2545 eius
330 2491 471 2562 operetur
492 2482 577 2543 cuius
600 2489 646 2541 est
667 2500 726 2541 res.
764 2479 977 2560 Quamcunque
999 2481 1161 2542 honitatem
1176 2482 1299 2558 ,iustitia
1320 2482 1423 2562 prima.

141 2567 148 2579 ’
236 2578 330 2644 'efficit
350 2580 534 2643 rationalem.
584 2581 634 2641 Sic
662 2590 691 2642 et
718 2582 749 2641 in
771 2580 926 2659 principali
948 2582 1040 2661 gradu
1062 2581 1214 2642 rationalis
1238 2581 1312 2656 crit,
1348 2599 1433 2656 tritt!¹

240 2682 272 2744 in
294 2700 358 2744 rem
380 2700 464 2742 suam
480 2681 650 2766 exhibetur,
674 2682 700 2742 si
715 2682 791 2743 iusta
807 2682 855 2743 sit.
892 2681 942 2743 Sic
964 2690 995 2743 et
1015 2682 1046 2744 iu
1068 2693 1241 2745 extraneum
1262 2682 1417 2770 rationalia

157 2836 166 2848 ,
240 2782 334 2844 videri
362 2782 488 2860 poterit,
522 2782 548 2842 si
576 2800 638 2841 non
667 2782 706 2842 sit
732 2781 852 2843 iniusta.
902 2782 1057 2843 Ceterum⁶
1079 2783 1174 2862 qualis
1201 2783 1320 2846 bonitas
1342 2781 1433 2864 (puae¹

240 2902 296 2964 per
317 2882 454 2944 iniuriam
477 2891 608 2956 constat,
631 2891 661 2943 et
682 2882 801 2962 quidem
819 2902 878 2962 pro
900 2882 1064 2945 extraneo?
1098 2884 1238 2947 Fortasse
1258 2886 1338 2947 enim
1359 2902 1426 2967 pre.

241 2983 406 3045 domestico
435 2983 619 3062 aliquatenus
646 2982 804 3045 rationalis
832 2983 976 3046 habeatur
1001 2983 1120 3045 bonitas
1148 2985 1303 3047 iniuriosa.
1356 2978 1431 3049 Pro-²

241 3091 381 3145 extraneo
404 3102 490 3157 vero,
519 3084 565 3145 cui
588 3101 643 3145 nee
662 3084 756 3163 proba
778 3084 909 3161 legitime
930 3083 1103 3156 deberetur,
1133 3104 1192 3164 qua
1220 3085 1337 3147 ratione
1358 3094 1419 3151 tan

240 3184 350 3246 iniusta
371 3185 523 3246 rationalis
546 3183 741 3246 defendetur?
791 3184 868 3257 Quid
898 3184 975 3245 enim
997 3185 1154 3259 iniustius,
1187 3185 1258 3264 quid
1285 3186 1434 3267 iniquior,

242 3292 272 3346 et
292 3285 458 3363 improbius
481 3303 568 3364 quam
590 3285 629 3345 ita
652 3284 748 3346 alieno
771 3283 945 3346 benefacere
961 3303 1057 3358 servo,
1079 3294 1112 3346 ut
1126 3286 1249 3347 domino
1264 3276 1434 3367 eripiatnr,'.'·

186 3373 189 3379 ¹
241 3393 275 3448 ut
296 3386 344 3448 alii
367 3386 545 3460 vindicetur,
568 3393 601 3447 ut
621 3386 762 3446 adversus
785 3393 873 3465 caput
895 3384 1006 3445 domini
1022 3385 1217 3460 subornetur,
1241 3395 1270 3447 et
1283 3387 1434 3466 quidem·

240 3487 317 3567 ⁶(1110
340 3487 507 3565 indignius,
530 3487 561 3548 iu
582 3488 647 3566 ipsa
668 3487 765 3548 adbuc
786 3486 876 3546 domo
895 3485 1022 3558 demini,
1046 3486 1083 3546 de
1104 3486 1201 3565 ipsius
1224 3424 1434 3617 adhucbcrsff

241 3587 303 3647 reis
325 3587 442 3657 vivens,
465 3587 521 3648 sub
543 3588 639 3667 ipsius
661 3588 757 3648 adhuc
777 3585 871 3668 plagis
893 3584 1050 3648 tremens?
1082 3585 1162 3647 Talis
1178 3595 1314 3649 assertor
1328 3572 1434 3677 ctiam-2

242 3684 431 3746 damnaretur
451 3686 482 3746 in
506 3688 642 3759 saeculo,
663 3686 771 3748 nedum
792 3687 947 3766 plagiator.
980 3687 1046 3747 Non
1068 3686 1153 3747 aliter
1166 3686 1241 3749 deus
1256 3660 1434 3777 hiarcior'u}

242 3785 411 3865 irrumpens
434 3785 465 3844 iu
487 3785 613 3846 alienum
629 3787 786 3859 muudum,
810 3787 941 3865 eripiens
957 3788 1013 3848 deo
1029 3787 1197 3860 homiuem,
1219 3789 1298 3867 patri
1313 3780 1434 3879 ἣίίυηξ·

241 3886 392 3947 educatori
414 3885 579 3959 alumnum,
602 3886 724 3948 domino
745 3887 902 3961 famulum,
929 3896 962 3948 ut
984 3905 1051 3948 eum
1074 3887 1180 3948 efficiat
1202 3887 1259 3948 deo
1281 3872 1425 3968 impium„

143 3981 148 3991 “
234 3982 317 4065 ‘patri
338 3984 551 4063 irreligiosum,
585 3986 736 4048 educatori
763 3987 926 4066 ingratum,
960 3987 1080 4047 domino
1102 4005 1239 4066 nequam.
1284 3989 1349 4051 Oro
1378 3997 1434 4065 te„

242 4085 268 4146 si
291 4085 444 4148 rationalis
465 4085 583 4147 bonitas
606 4087 694 4149 talem
722 4087 790 4149 lacit
811 4088 928 4166 qualem
951 4088 1061 4148 laceret
1082 4086 1290 4167 irrationalis?
1334 4088 1421 4153 'Non

242 4237 265 4286 2.
283 4239 339 4288 Ante
357 4238 394 4286 cui
413 4254 432 4287 c.
452 4240 518 4288 babet
536 4212 647 4288 illatum
663 4239 757 4289 scilicet
775 4238 876 4288 iurando
895 4239 977 4297 olium,
997 4254 1026 4288 ea
1038 4241 1146 4289 Vaticano
1164 4254 1220 4290 eoo.
1249 4240 1421 4305 locSealigar,

240 4305 378 4365 felicius,
399 4305 448 4354 llic.
462 4306 574 4367 Ripaltius
590 4309 633 4356 boc
655 4313 716 4357 reete
738 4322 780 4370 pro
799 4309 878 4370 spurio
897 4308 1038 4355 iudicarunt.
1091 4306 1114 4356 3.
1135 4306 1231 4355 habenti
1249 4310 1281 4367 d.,
1303 4306 1421 4359 terimi

241 4371 343 4421 habente
361 4373 385 4422 l.
422 4373 531 4421 habentis
549 4374 643 4437 reliqui.
686 4373 710 4422 t.
728 4374 819 4422 Exhibe
837 4375 861 4422 d.
897 4373 985 4422 Exhibe
998 4375 1031 4422 rei
1043 4374 1104 4423 Beot.
1119 4374 1269 4423 remaneret
1282 4374 1433 4427 Phliasius.-

239 4438 331 4488 Exhibe
348 4439 370 4488 ei
388 4440 499 4488 Latinius.
536 4440 653 4491 Erbibere
670 4441 713 4490 tc.
747 4440 837 4489 Exhibe
855 4454 882 4489 re
901 4443 951 4490 abc.
994 4441 1026 4489 ·5.
1046 4441 1146 4489 rationis
1165 4443 1188 4490 d.
1206 4443 1232 4490 ie
1250 4441 1349 4491 Erratis.
1393 4438 1424 4493 6.

241 4520 289 4569 quo
307 4506 366 4556 lca.
402 4508 466 4570 qnod
483 4508 570 4567 (litote.
618 4506 642 4555 7.
660 4508 694 4556 An
713 4507 748 4568 (in
765 4510 854 4558 oduott.
871 4507 974 4557 Rheccai
992 4509 1075 4571 legitur
1092 4510 1120 4557 llt
1136 4523 1178 4573 pro
1197 4509 1242 4569 Au)
1260 4517 1344 4573 putem
1362 4510 1429 4585 σιξ

275 4584 333 4670 Cap.
352 4607 432 4656 lllllll.
468 4623 489 4656 a.
508 4603 589 4671 Prior]
606 4607 740 4664 inluniae
757 4622 800 4658 ro·
886 4606 995 4665 h.‚tanto
1015 4609 1083 4658 abest
1101 4604 1137 4673 ut]
1169 4608 1207 4659 ct.
1225 4607 1316 4659 adnott.
1333 4602 1434 4661 1Ηό

234 4664 305 4723 'lebat
323 4675 436 4736 distingui
449 4677 551 4726 indebita
561 4677 635 4740 prior.
648 4677 733 4740 ,igitar
750 4691 801 4728 cum
853 4674 918 4724 Test.
936 4676 1036 4724 Animae
1054 4691 1107 4738 cap.
1118 4675 1143 4725 2.
1310 4723 1313 4727 ,

241 4749 296 4791 cett.
887 4757 908 4790 c.
928 4739 1052 4806 Ceterum]
1071 4745 1191 4807 Alioquin.
1219 4743 1256 4794 cl.
1276 4744 1369 4793 adnott.
1387 4738 1431 4795 fl

852 4808 887 4857 lle
906 4809 970 4870 Fuga
988 4811 1012 4859 in
1032 4810 1153 4862 Persecut.
1172 4825 1225 4876 cap.
1240 4811 1281 4861 ll.
