3242 5775
283 554 345 620 392
540 568 641 621 ortum
663 566 795 610 sarrrtrtt
816 564 980 609 raoneurts
1003 563 1200 607 carrocium

284 720 364 787 oet.
407 718 473 780 Hoc
494 718 550 780 erit
570 717 707 779 Pleroma
728 716 799 778 illud
822 733 976 788 arcanum,
1010 713 1171 776 divinitatis
1193 712 1369 776 tricenariae
1390 714 1456 794 ple-

281 822 397 886 nitudo.
429 820 588 881 Videamus
610 837 685 897 quae
708 818 769 879 sint
790 816 917 877 istorum
936 814 1086 895 privilegia
1101 832 1312 885 numerorum,
1335 824 1458 894 quater·

281 921 357 985 narii
381 929 410 982 et
432 919 577 981 octonarii
600 918 658 979 ¹⁹et
681 916 864 979 duodenarii.
913 916 1035 976 Interim
1057 916 1088 976 in
1111 916 1267 977 tricenario
1290 915 1458 982 fecunditas

283 1031 347 1085 tota
369 1020 484 1095 delicit3
506 1022 632 1082 castrata
656 1028 704 1081 est
723 1018 767 1079 vis
790 1025 820 1078 et
840 1024 973 1096 potestas
995 1026 1026 1078 et
1045 1016 1137 1077 libido
1159 1016 1295 1094 genitalis
1310 1017 1458 1080 Aeonum.

179 1127 181 1132 '
284 1122 376 1197 Quasi
404 1140 464 1182 non
497 1131 526 1182 et
558 1138 750 1181 numerorum
784 1126 865 1179 tanta
896 1117 991 1179 adhuc
1021 1117 1142 1197 coagula
1176 1125 1388 1197 superessent,
1427 1125 1459 1180 et

281 1223 390 1285 ”nulla
412 1222 467 1283 alia
490 1221 527 1283 de
548 1219 749 1301 paedagogio*
771 1218 902 1280 nomina.
947 1218 1046 1291 Quare
1069 1218 1148 1279 enim
1170 1236 1232 1278 non
1254 1227 1284 1280 et
1305 1218 1456 1299 quinqua-

281 1324 361 1405 ginta
383 1331 413 1385 et
434 1328 570 1385 centum·
591 1318 809 1401 procreantur?
832 1338 923 1399 quare
945 1338 1004 1380 non
1028 1326 1058 1380 et
1071 1317 1229 1380 ²¹hetaeri¹
1250 1329 1279 1381 et
1299 1321 1456 1401 syntrophi

281 1421 495 1488 nominantur?

164 1549 262 1609 αμα
365 1524 425 1587 sed
448 1533 478 1585 et
500 1524 574 1585 ¹boc
595 1522 746 1602 exceptio·
767 1538 965 1600 personarum
987 1529 1050 1592 est,
1073 1521 1154 1600 quod
1176 1521 1259 1583 solus
1274 1520 1324 1584 ille
1338 1521 1403 1582 Nus
1419 1541 1458 1583 ex

281 1625 420 1689 omuibus
442 1624 580 1686 immensi
602 1624 695 1703 patris
716 1623 826 1685 fruitur
847 1621 1004 1695 ²notione,
1028 1621 1160 1701 gaudens
1178 1631 1208 1683 et
1223 1622 1373 1695 exultans,
1396 1622 1456 1684 illis

197 1801 203 1816 ,
281 1725 625 1806 utique³maerentibus
658 1724 748 1785 Plane
762 1723 841 1797 Nus,
863 1723 1021 1802 ‘quantum
1042 1723 1074 1784 ln
1095 1724 1162 1801 ipso
1184 1723 1254 1796 fuit,
1276 1732 1309 1784 et
1321 1723 1457 1805 voluerat
1494 1753 1498 1758 ·

282 1834 313 1889 et
332 1833 527 1906 temptaverat
548 1824 656 1886 ceteris
678 1843 797 1903 quoque
820 1824 1038 1885 communicare
1061 1842 1135 1903 quae
1150 1833 1252 1897 norat,
1275 1832 1404 1904 minutus
1426 1831 1456 1885 el

280 1945 368 2007 quam
389 1924 697 2005 incomprehensibilis
718 1935 821 2004 pater3
843 1924 898 1987 sed
920 1924 1088 1986 intercessit
1103 1933 1198 1986 mater
1212 1925 1297 2004 Sige,
1320 1924 1370 1985 illa
1392 1924 1455 1987 sci·

279 2027 349 2091 licet
369 2046 444 2107 quae
466 2035 495 2088 ct
516 2026 591 2106 ipsis
612 2026 770 2088 haereticis
791 2026 877 2114 suist
900 2034 996 2087 tacere
1018 2025 1210 2105 praescribit,
1233 2025 1290 2087 etsi
1307 2026 1345 2087 de
1360 2024 1454 2104 patris

281 2179 322 2230 to.
341 2188 366 2230 et
383 2180 473 2230 denarii
492 2187 515 2227 et
533 2179 675 2228 duodenarii
693 2179 731 2228 Fr.
742 2178 830 2228 lunius.
884 2176 925 2228 20.
949 2177 1016 2227 mille
1040 2178 1086 2227 alia
1111 2179 1248 2228 Faltonius.
1301 2176 1343 2227 ΙΙ.
1362 2177 1454 2227 hetaeri

280 2262 330 2311 epo.
365 2248 482 2297 sterceiae
500 2246 565 2296 debe.
602 2246 708 2296 hercitso
725 2248 748 2295 d.
784 2252 892 2295 stercere
909 2247 935 2294 Ι.
971 2246 1033 2295 litii.
1051 2248 1120 2296 subo
1139 2260 1213 2309 quare
1231 2270 1307 2280 -—
1323 2247 1455 2294 nominan-

279 2316 504 2374 turdesideruutur.
540 2314 658 2363 stercolae
680 2315 839 2364 Votieunortun
857 2314 911 2363 deo.
946 2321 1054 2362 stercore
1069 2314 1227 2363 Vaticanomm
1243 2317 1333 2363 tertios.
1368 2327 1454 2376 synor-

280 2382 345 2433 cbiae
363 2383 397 2444 (et
414 2381 570 2446 syntropbaoi
588 2382 718 2431 Salmasius
735 2383 760 2430 in
777 2380 844 2430 Notis
863 2382 894 2429 od
913 2380 1017 2430 conseer.
1038 2381 1110 2443 Terup.
1134 2382 1158 2429 in
1176 2384 1216 2444 Ap.
1235 2381 1335 2431 Herodis
1353 2382 1378 2429 in
1396 2380 1452 2430 Nor.

279 2450 360 2515 Seppl.
377 2451 457 2500 Polemi
474 2451 505 2499 ed
524 2449 588 2498 f‘bes.
606 2450 699 2513 elutius.
717 2449 779 2499 flent.
797 2456 819 2497 et
839 2448 876 2497 Gr.
893 2454 948 2497 torn.
960 2449 988 2497 ΙΙ.
1004 2446 1097 2511 pllio.

347 2517 406 2580 Cap.
425 2516 463 2565 ΙΙΙ.
510 2517 532 2565 Ι.
550 2516 670 2567 baecAB.
730 2514 928 2566 arationem.
986 2514 1010 2564 3.
1029 2515 1177 2565 merentibus
1197 2515 1220 2565 d.
1277 2515 1303 2564 t.
1327 2522 1352 2565 et
1375 2529 1453 2578 quau·

278 2590 330 2635 tum
348 2583 411 2635 tac.

313 2683 337 2735 d.
356 2683 386 2734 de
404 2677 564 2748 paedagogio]
583 2682 840 2746 Cfadnottadbpo·
890 2689 940 2732 tots
970 2682 1104 2733 fecunditas
1133 2683 1262 2733 tricenario
1290 2683 1454 2747 comproben-

279 2750 460 2816 log.cap.13.,
479 2748 840 2802 etcotberheotueiishom.
890 2751 968 2810 datur,
993 2752 1061 2815 quasi
1086 2766 1134 2800 non
1152 2751 1276 2814 supersint
1301 2751 1348 2801 alia
1363 2765 1454 2815 quam·

278 2820 336 2881 bug.
355 2819 396 2878 ΙΙΙ,
410 2817 450 2869 29.
478 2819 502 2868 in
531 2818 658 2879 Sallengre
681 2818 739 2867 Nor.
766 2817 838 2867 Thes.
890 2818 994 2881 plurima
1013 2819 1043 2867 de
1061 2820 1209 2881 paedagogio
1228 2819 1335 2867 uomina.
1363 2819 1454 2878 Quare,

277 2888 372 2952 datiqu.
391 2888 461 2936 Rom.
479 2894 537 2936 tom.
549 2886 590 2945 ΙΙΙ,
609 2901 633 2949 p.
644 2883 702 2935 598.
889 2887 980 2950 inquit,
1008 2900 1056 2935 uon
1080 2896 1105 2937 et
1127 2886 1251 2936 Stercolae
1274 2895 1298 2936 et
1322 2887 1454 2951 syntrophi

311 2969 333 3005 e.
352 2962 375 3004 et
393 2950 501 3017 centum]
520 2953 592 3003 ldest
610 2959 771 3002 autceutom.
798 2952 840 3002 Sic
890 2950 1065 3003 nominantur?
1108 2955 1231 3005 Sterculus
1257 2954 1315 3004 dicit
1346 2955 1455 3005 nutrices

276 3022 345 3085 dpol.
358 3022 452 3086 cap.40
470 3036 526 3085 pars
545 3022 662 3070 librorum
677 3020 749 3069 habet
766 3034 838 3080 „ma-
889 3035 950 3086 quse
969 3036 1043 3070 cunas
1061 3031 1165 3085 purgant
1182 3030 1223 3071 aut
1240 3029 1341 3082 molant,
1367 3022 1454 3073 eadem

277 3090 354 3140 iorem
372 3089 441 3139 Asiae
459 3097 480 3139 et
497 3088 591 3137 Africae
609 3086 726 3146 terram,“
751 3087 839 3150 reliqui
889 3088 967 3136 forma
992 3103 1037 3152 qua
1056 3089 1202 3148 sterculum,
1230 3090 1268 3153 qni
1287 3091 1454 3140 stercorandis

276 3171 328 3218 „uc
345 3156 415 3206 Asiae
432 3158 468 3206 oet
486 3156 579 3205 Africae
597 3153 713 3204 terram.“
890 3157 955 3216 agris
973 3157 1072 3217 praesit.
1107 3157 1176 3220 Apol.
1195 3171 1247 3220 cap.
1260 3154 1301 3206 25.
1336 3157 1371 3207 td
1389 3157 1454 3207 llatt.

310 3225 328 3272 Ι.
347 3232 371 3273 et
388 3219 490 3286 hetaeri]
520 3225 586 3282 Quae
606 3236 761 3285 praecessere
779 3222 838 3272 satis
890 3222 943 3280 tt).
959 3223 997 3271 ΙΙ.
1017 3224 1140 3285 (diguitis
1156 3225 1220 3273 Satis
1244 3224 1375 3273 artificiosa
1394 3225 1455 3276 baec

276 3291 382 3340 iudicant
405 3291 544 3356 accipienda
569 3291 629 3338 baec
653 3304 708 3338 esse
731 3289 762 3338 de
780 3302 839 3352 pao·
890 3289 984 3352 fligaltii
1003 3299 1040 3339 est
1058 3293 1144 3340 horum
1169 3291 1295 3354 verborum
1314 3292 1453 3343 emendatio

276 3357 387 3421 dagogio,
412 3359 459 3408 boc
482 3366 519 3407 est
536 3358 566 3407 de
585 3370 700 3406 cunarum
720 3357 839 3406 curatori·
890 3365 961 3421 atque
979 3359 1153 3422 interpretatio,
1172 3367 1195 3408 et
1204 3358 1373 3419 stercolarutn,
1391 3374 1453 3424 quas

274 3425 322 3475 hus
339 3433 364 3475 et
381 3426 534 3476 alumnorum
552 3424 714 3474 conlactaneis
738 3432 762 3472 et
779 3438 840 3473 coo·
889 3424 965 3486 lingit,
984 3426 1023 3474 hic
1041 3426 1239 3474 commemoratio
1258 3426 1390 3475 admodum
1408 3427 1453 3476 fri·

275 3492 408 3542 lusoribus.
449 3494 614 3556 Cogitaveram
644 3492 674 3540 de
697 3491 839 3540 custodibus
889 3501 935 3552 get.
971 3493 1020 3542 Nee
1038 3494 1148 3542 Salmasii
1172 3500 1275 3557 possunt
1293 3493 1392 3556 placere
1410 3509 1454 3544 co·

275 3561 337 3624 septi
349 3561 483 3621 domestici,
502 3574 564 3624 quos
574 3560 658 3610 Graeci
676 3559 759 3627 dicunt
769 3551 838 3622 text
889 3567 957 3607 actae
981 3560 1036 3609 illae
1055 3560 1206 3626 συνερκεῖαι
1231 3568 1255 3609 et
1282 3553 1450 3627 σόντροφαι.

275 3640 334 3683 τας,
353 3628 502 3677 utilercium
514 3630 592 3677 locem
611 3637 635 3676 et
644 3627 744 3675 llercios
755 3626 837 3674 Lares.
888 3626 943 3675 bfibi
963 3628 1059 3691 quidem
1078 3630 1211 3692 scripturae
1232 3629 1396 3692 corruptelam
1415 3632 1454 3679 iu·

275 3695 325 3744 Nec
352 3696 495 3758 displicebat
527 3695 592 3759 qnod
618 3695 653 3743 vir
682 3693 838 3742 doctissimus
888 3695 977 3743 tentius
995 3703 1019 3743 et
1037 3697 1127 3745 iteratis
1157 3696 1221 3744 curis
1239 3697 1385 3746 examinanti
1404 3711 1453 3746 nou

275 3757 421 3826 [Salmasius
440 3763 572 3811 Observatt.
601 3762 630 3810 ad
654 3760 694 3809 lus
718 3763 762 3809 tat.
782 3768 838 3809 cett.
889 3760 988 3811 dubium
1013 3763 1060 3811 iam
1085 3770 1121 3811 est
1145 3763 1201 3826 quin
1231 3764 1349 3826 scriptum
1379 3765 1454 3815 fuerit

275 3843 299 3889 p.
310 3828 360 3887 15,
378 3835 402 3876 et
419 3825 488 3892 alibi]
514 3830 642 3891 proposuit
659 3821 836 3892 ouvepsee‘ooo.
889 3830 983 3888 hetaeri,
1004 3830 1139 3880 relGraeee
1156 3822 1270 3894 ἑταῖροι.
1301 3830 1452 3882 Terminalis

274 3894 361 3943 Verum
385 3894 445 3944 haec
469 3897 549 3944 omnia
573 3896 668 3955 longius
691 3895 780 3944 abeunt
806 3896 836 3945 sb
889 3895 913 3944 iu
931 3911 958 3945 oe
976 3897 1011 3945 vel
1030 3913 1042 3947 e
1060 3897 1160 3946 accrevit
1178 3897 1284 3946 evocola
1297 3905 1328 3960 et,
1348 3913 1412 3962 quae
1427 3899 1453 3948 iu

274 3963 361 4011 veteris
379 3963 514 4024 scripturae
537 3964 651 4023 vestigiis,
676 3976 738 4026 quae
756 3971 837 4012 tamen
889 3964 997 4026 proximo
1017 3973 1060 4013 est.
1097 3966 1236 4027 Scripturas
1260 3963 1372 4015 facilitati
1394 3961 1454 4016 seu-

275 4037 390 4093 quantum
418 4030 470 4078 fleri
504 4038 583 4093 potest
610 4030 742 4093 premenda
770 4036 836 4089 sunt,
887 4032 960 4079 tentia
980 4046 1076 4096 quoque
1095 4033 1274 4081 accommodata
1294 4039 1339 4082 ost.
1403 4027 1413 4044 ⁸

274 4097 345 4144 etiam
365 4110 419 4144 cum
444 4098 615 4160 inquinamenti
643 4097 759 4161 periculo.
795 4096 837 4146 Sic
922 4098 980 4161 Cap.
1000 4099 1037 4147 ΙΙΙ.
1073 4115 1095 4148 a.
1113 4095 1234 4164 exceptio]
1258 4099 1284 4149 ld
1313 4107 1350 4149 est
1376 4100 1454 4163 priri-

275 4164 347 4224 igitur
365 4163 452 4211 habeut
477 4164 531 4213 libri
550 4173 655 4213 veteres:
681 4166 795 4214 Sterceioe
814 4172 836 4213 et
888 4163 985 4225 legium.
1020 4166 1060 4215 Sic
1083 4167 1171 4216 arnob.
1196 4167 1252 4216 hdr.
1270 4166 1335 4216 Natt.
1353 4166 1405 4226 tlt,
1421 4166 1454 4228 l2

274 4232 406 4293 Sputropbi.
448 4232 492 4280 atti
517 4234 637 4281 Stereeoe:
663 4232 710 4281 duo
730 4231 835 4280 Vaticani
886 4234 925 4291 „si
942 4233 1056 4282 mododii
1073 4236 1119 4284 veri
1138 4241 1202 4293 suat,
1221 4236 1453 4298 atqueinnomiuis

273 4299 398 4347 Stercoiue.
429 4299 498 4356 Quod
517 4308 666 4362 postremum
685 4311 757 4361 qnam
775 4313 834 4361 pro·
886 4301 957 4348 huius
976 4304 1108 4365 exceptione
1127 4302 1258 4364 ponendi.“
1287 4308 1350 4365 qua's
1379 4302 1454 4353 rerba

272 4365 335 4413 rimo
354 4364 382 4412 ad
401 4368 522 4414 veritatem
542 4367 641 4416 accedit.
670 4366 753 4414 Manus
771 4367 834 4415 anti·
884 4375 949 4417 recte
968 4370 1031 4431 cepit
1050 4368 1175 4417 llereldus.
1217 4368 1398 4420 hildebrandus
1422 4385 1453 4420 ea

274 4432 413 4496 quartorum
432 4448 608 4496 saepenumero
632 4433 668 4481 sic
691 4441 791 4494 peccaut
809 4442 835 4482 ut
885 4449 912 4484 se
930 4450 978 4483 non
997 4437 1072 4496 magis
1099 4437 1238 4496 intellegere
1264 4439 1353 4486 fatetur
1376 4451 1453 4500 quam

273 4498 380 4548 scribant
398 4501 462 4561 ipro
473 4501 489 4560 Ι,
510 4502 627 4550 Stereoioe
645 4515 689 4562 pro
709 4501 834 4550 Stercoloe.
885 4503 1123 4564 interpretamentum
1147 4502 1253 4553 heraldi.
1288 4504 1326 4553 Cf.
1344 4503 1451 4555 Dirkaou

272 4566 364 4629 Nempe
382 4568 475 4615 iocatur
493 4567 624 4630 Septimius
651 4576 675 4615 et
693 4569 786 4630 quaerit
804 4567 834 4615 ab
886 4569 994 4618 Manuale
1012 4585 1032 4618 s.
1046 4586 1064 4618 v.
1085 4584 1107 4633 p.
1119 4569 1178 4620 338.
1214 4571 1452 4622 Fuluniusintor-

272 4633 411 4683 auctoribus
428 4637 544 4692 Aconum,
564 4635 603 4696 qui
622 4635 698 4683 varias
716 4634 790 4684 cellas
809 4636 833 4684 in
885 4645 992 4700 pretatur
1010 4639 1183 4700 acceptionem.
1209 4637 1235 4686 V.
1245 4638 1301 4689 adn.
1320 4637 1352 4688 ad
1370 4638 1454 4690 libll

273 4701 446 4765 multiplicibus
470 4701 518 4750 illis
543 4700 655 4750 tabulatis
684 4709 708 4750 et
733 4716 833 4752 seruum
884 4704 939 4753 hdr.
959 4703 1030 4753 blare.
1049 4703 1153 4767 eaput.

273 4769 382 4831 coniugia
401 4769 654 4827 comminiscebantur,
682 4769 745 4818 uude
763 4771 789 4818 fit
808 4778 833 4820 nt
917 4771 940 4820 b.
959 4771 1087 4821 haereticis
1105 4767 1169 4838 stris]
1187 4772 1360 4823 Valentinianis
1379 4772 1454 4824 scili-
