3242 5775
273 579 316 643 34
533 590 633 642 comm
658 589 788 633 saerrsu
811 576 976 633 ruosrnris
999 586 1195 630 reassumam

275 750 428 809 sanuntss
450 739 555 804 faeiem
576 738 856 818 ‘uniuscuiusquec
887 737 1042 799 'Proxima
1063 735 1178 797 esttibi
1192 734 1335 811 ‘Achaim
1358 734 1451 798 hebes

275 844 461 909 Corinthum.
498 841 530 904 Si
552 859 613 903 non
634 840 723 920 longe
744 858 777 902 es
797 837 1015 909 ablacedonia‚
1037 836 1130 899 habes
1144 836 1318 918 Philippos,
1338 836 1451 900 'habes

275 942 572 1009 Thessalonicenses.
605 941 636 1002 Si
658 948 746 1021 potes
768 940 798 1001 in
820 939 921 1001 haiam
944 938 1083 1011 tendere,
1104 936 1197 1000 habes
1219 937 1388 1018 Ephesum.
1418 937 1452 1000 Si

274 1054 373 1108 autem
395 1044 495 1108 ltaliae
515 1042 666 1115 ‘edisces
688 1040 782 1102 habes
803 1040 961 1112 'Romam
993 1038 1072 1099 unde
1093 1037 1182 1099 nohis
1205 1031 1373 1119 'Quoque‘
1395 1057 1451 1101 su·

275 1146 398 1208 ctoritm
412 1152 533 1226 praesto
548 1143 635 1205 “est
668 1143 728 1204 ista
743 1160 831 1222 quam
853 1140 922 1202 felix
943 1137 1068 1201 ecclesia
1090 1138 1137 1200 cui
1159 1146 1252 1202 totam
1267 1139 1455 1202 doctrinam·

274 1246 402 1327 apostoli
425 1264 491 1307 cum
514 1231 665 1324 sanguine¹
680 1261 735 1305 suc
757 1241 970 1322 proluderunt,
992 1238 1043 1300 ubi
1065 1239 1172 1303 Petrus
1193 1239 1329 1321 paesium
1350 1241 1453 1303 domi-

274 1348 357 1410 nicae
379 1347 576 1426 adaequatur,
599 1344 650 1406 uhi
671 1343 780 1406 Paulus
803 1341 952 1404 ¹¹loannis
974 1338 1270 1415 exituicorcuatur,
1299 1341 1352 1403 ubi
1374 1359 1452 1423 spo-

274 1447 372 1510 stolus
387 1446 557 1521 ¹'locones‚
579 1454 773 1525 posteaquam
788 1445 817 1505 in
835 1442 932 1504 oleum
948 1442 1065 1520 igneum
1080 1442 1237 1505 demersus
1252 1443 1326 1505 nihil
1339 1461 1453 1523 passus

275 1558 337 1628 est,
360 1548 391 1610 in
413 1547 540 1609 insulam
562 1546 720 1625 relegatur.
752 1545 912 1606 Videamus
934 1542 1005 1623 quid
1021 1542 1194 1617 “didicerit
1216 1543 1288 1624 qnid
1303 1545 1453 1621 docuerit,

275 1649 370 1712 “cum
384 1648 528 1710 Africanis
551 1666 669 1727 quoquc
691 1646 826 1708 ecclesiis
843 1643 1110 1706 ¹⁶contesserarit‘.
1131 1644 1242 1711 'Unum
1257 1644 1347 1708 deum
1363 1645 1452 1709 ¹'do--

274 1749 387 1811 minum
410 1748 506 1822 norit,
529 1756 693 1810 creatorem
717 1745 963 1820 ¹⁸univcrsitau's,
986 1755 1016 1807 et
1034 1744 1184 1807 Christum
1205 1746 1304 1809 lesum
1325 1765 1365 1809 ex
1387 1746 1454 1809 rir-

274 1850 342 1929 giae
362 1849 452 1911 Maria
474 1848 565 1910 tilium
588 1847 634 1909 dei
658 1847 844 1926 ”moetoris
872 1853 903 1907 et
930 1845 1028 1907 caruis
1049 1846 1319 1923 resurrectionem
1352 1847 1454 1929 legem

275 1958 305 2012 ot
325 1951 486 2032 prophetas
507 1968 574 2011 cum
597 1948 772 2028 evangelicis
791 1927 834 2009 *et
861 1946 1033 2027 apostolicis
1060 1948 1169 2009 litteris
1189 1941 1346 2025 '¹⁹miscet3
1379 1949 1455 2014 iude

272 2051 385 2132 “potat
405 2051 510 2124 fidem3
531 2049 625 2111 ”mm
647 2068 722 2128 aqua
743 2048 855 2127 signat,
878 2055 981 2109 sanem
1005 2047 1112 2128 spiritu
1133 2048 1247 2123 restiti,
1268 2050 1454 2114 eucharistia

272 2152 384 2232 pascit,
405 2150 627 2231 ”rmanyrinm
650 2149 880 2222 ¹'exhortatum
909 2148 999 2211 etita
1022 2149 1165 2211 adversus
1186 2150 1263 2212 hanc
1281 2151 1452 2214 institutio·

158 2313 166 2330 ,
272 2270 341 2313 nem
362 2253 511 2314 seminem
533 2250 649 2331 recipit.
699 2249 788 2312 liaeo
807 2258 854 2312 est
881 2249 1045 2323 institutio,
1081 2268 1144 2312 non
1170 2251 1237 2312 dico
1265 2251 1340 2325 iam,
1373 2270 1455 2333 ques

272 2352 387 2414 tutum
408 2351 580 2415 “haereses
601 2351 843 2432 praenuntiabat,
873 2350 927 2414 sed
955 2349 992 2412 de
1015 2369 1074 2431 qun
1094 2350 1236 2413 haereses
1258 2352 1453 2432 prodierunt.

273 2452 332 2515 Sed
354 2471 415 2514 non
436 2452 537 2516 ”sunt
558 2471 593 2515 er
616 2453 665 2514 ills
687 2471 723 2515 ea
745 2471 805 2533 quo
828 2453 920 2513 laetae
942 2460 1014 2513 suut
1040 2452 1184 2516 adversus
1211 2452 1300 2516 illam.
1350 2454 1454 2518 Etiam

272 2552 310 2613 ds
341 2552 435 2614 olivae
461 2554 568 2615 nucleo
598 2553 678 2615 mitis
707 2560 738 2614 et
765 2553 882 2632 opimae
908 2550 967 2614 ¹'et
993 2553 1181 2615 necessariae
1203 2571 1294 2635 asper
1314 2555 1453 2621 oleaster

270 2737 296 2787 1.
313 2738 504 2802 uniuscuiusque
522 2755 567 2790 cerr
583 2739 625 2788 11.
678 2739 701 2789 5.
721 2738 831 2789 Proxime
849 2738 891 2788 11.
913 2740 1043 2789 Voticeess.
1098 2738 1123 2790 b.
1142 2741 1208 2791 acaia
1225 2743 1275 2807 Δφ.
1327 2741 1353 2792 ’1.
1371 2742 1452 2796 babae

270 2805 502 2856 Thessalonicenses
519 2806 635 2856 amm.
688 2805 711 2857 8.
730 2807 843 2856 adiiceris
862 2805 885 2854 G.
921 2806 1010 2856 adicies
1029 2806 1054 2855 1.
1109 2807 1134 2857 9.
1153 2808 1284 2858 itomanam
1303 2808 1363 2862 tce
1385 2811 1452 2862 Voti·

270 2888 351 2923 esses.
404 2872 444 2925 tu.
471 2873 602 2924 auetoritss
626 2889 724 2939 qnoque
746 2875 772 2924 l.
835 2872 875 2925 11.
899 2882 944 2924 cst.
974 2874 1020 2924 ista
1045 2889 1116 2939 qoam
1141 2876 1197 2926 ielis
1215 2879 1257 2928 td.
1292 2886 1330 2930 set
1347 2886 1449 2930 enisu.

268 2940 386 2991 retuso.
421 2949 466 2991 est.
490 2942 558 2991 Statu
577 2942 633 2992 lelir
651 2942 690 2993 Be.
706 2943 835 2993 Vaticanus.
870 2950 916 2992 est.
940 2941 1005 2991 ielis
1024 2945 1047 2992 b.
1089 2942 1128 2995 12.
1147 2945 1262 2995 lobannis
1279 2951 1306 2997 1.
1349 2944 1387 2997 lb.
1407 2946 1452 2999 le·

269 3007 362 3058 hanoea
385 3010 420 3070 1.,
445 3011 576 3073 ubicunque
598 3012 659 3059 nihil
682 3018 830 3060 annotoocro.
885 3010 924 3059 14.
949 3010 1035 3059 dixerit
1053 3011 1108 3061 ide.
1131 3012 1260 3063 Vaticanus.
1323 3012 1365 3064 tt.
1390 3014 1452 3078 quid

269 3089 323 3124 com
342 3092 362 3126 e.
417 3075 455 3125 ld.
475 3084 624 3126 contestetur
643 3077 681 3128 co.
724 3085 859 3127 contestare
878 3078 902 3126 B.
947 3086 1128 3128 contestentur
1144 3080 1166 3129 Ρ.
1182 3079 1297 3141 Pithoeus,
1323 3081 1448 3145 nudum

270 3141 310 3193 11.
328 3143 453 3193 dominatu
471 3144 628 3195 osr.Bl2oied.
683 3143 721 3194 18.
741 3146 763 3193 in
782 3145 961 3195 universitatem
980 3150 1005 3196 t.
1055 3145 1093 3196 1⁹.
1110 3154 1244 3197 erectorem
1262 3156 1288 3198 et
1305 3150 1387 3199 caucis
1405 3164 1448 3200 re·

268 3220 431 3262 surreetorem
449 3212 474 3261 d.
526 3210 568 3260 20.
588 3214 672 3261 miscet
689 3212 832 3270 (miscite.)
851 3213 905 3261 iude
922 3212 984 3262 alltc.
1030 3213 1115 3262 miscet
1139 3223 1163 3262 ct
1186 3214 1242 3264 inde
1265 3217 1360 3281 eclipsi.
1403 3215 1447 3267 21.

268 3284 349 3341 portat
367 3279 406 3328 Ge.
443 3278 556 3341 importat
574 3279 756 3329 Fuludrsinos.
818 3278 859 3328 22.
879 3293 930 3328 eant
950 3294 994 3330 cor.
1004 3279 1047 3329 10.
1105 3279 1168 3329 22b.
1194 3284 1332 3345 martyrium
1352 3285 1449 3335 Added.

271 3345 401 3397 Vaticanus.
438 3346 551 3409 martyrio
570 3349 605 3398 te.
640 3349 669 3396 ad
684 3347 822 3410 martyrium
836 3347 902 3397 Folo.
914 3347 1020 3397 Ursinus.
1063 3346 1104 3397 23.
1123 3351 1296 3412 exortatordd.
1339 3350 1381 3401 ts
1402 3353 1447 3403 be·

267 3414 330 3462 resia
348 3414 536 3477 praenunciabat
552 3414 595 3475 lt.
656 3412 696 3465 25.
715 3422 771 3462 sunt
787 3415 856 3478 dud.
898 3415 995 3462 luerunt
1012 3414 1119 3477 (stillul-
1159 3430 1245 3465 omnes
1264 3418 1303 3467 do.
1362 3417 1404 3471 26.
1424 3427 1448 3468 et

267 3483 420 3531 necessariae
438 3494 511 3545 asper
527 3480 633 3530 oleaster
650 3482 736 3542 oritur,
754 3481 826 3530 cmm
845 3481 876 3529 de
895 3495 1013 3544 papavere
1030 3482 1090 3531 deos
1109 3483 1262 3544 gratissimae
1278 3483 1376 3535 ombd.

300 3645 359 3708 Cap,
377 3646 472 3695 mvl.
509 3662 530 3694 a.
555 3656 765 3712 repraesentantes
791 3648 847 3696 ia-‘
913 3647 938 3696 d.
956 3645 1032 3711 exitu]
1061 3649 1149 3699 idest
1173 3657 1259 3701 morte.
1293 3650 1331 3702 ct.
1350 3653 1445 3704 adnott.

267 3713 328 3761 ciem
354 3709 564 3778 uniuscuiusque]
591 3716 711 3773 Quantum
736 3715 829 3765 scilicet
879 3714 909 3764 sd
928 3717 1054 3780 Scorpise.
1073 3716 1163 3780 capii.

266 3780 392 3841 imaginari
416 3781 453 3828 las
479 3787 517 3829 est
534 3783 702 3842 cogitantibus.
722 3781 829 3844 (Rigalt.)
914 3798 934 3832 a.
954 3781 1147 3845 contesserarit}
1175 3785 1202 3835 ld
1220 3794 1258 3835 est
1275 3789 1444 3839 communies·

301 3845 324 3895 b.
344 3847 413 3895 nohis
431 3843 539 3912 quoqne]
557 3848 612 3896 hdr,
634 3849 746 3898 liareion.
766 3848 827 3909 ruo
877 3852 945 3900 rerit
970 3851 1048 3914 Supra
1067 3868 1119 3916 cap.
1128 3852 1161 3902 21
1180 3854 1306 3903 habuimus
1325 3864 1444 3915 ,montes-

267 3913 412 3973 „viteanas
439 3915 503 3978 quod
529 3915 566 3965 lac
584 3931 597 3963 a
616 3916 690 3965 Paulo
709 3916 827 3966 Corinthii
878 3920 1024 3968 serationem
1044 3921 1243 3985 hospitalitatis.“

266 3981 399 4039 hauserint,
417 3982 447 4030 ad
465 3982 655 4047 quamregnlam
667 3984 828 4035 Galataesint
914 3987 931 4036 1.
950 3995 1034 4036 sancto
1061 3989 1148 4050 spiritu
1176 3983 1257 4054 restit]
1289 3987 1323 4039 ila
1346 3989 1443 4054 llcnog.

265 4049 410 4106 recorrecti,
446 4049 504 4112 quid
537 4051 616 4111 tegant
650 4052 828 4116 Philippenses,
880 4054 959 4117 capi
979 4054 1214 4115 „Nosautemlesua
1231 4070 1341 4109 summos
1359 4073 1443 4109 socer-

266 4114 507 4176 Thessalonicenses,
519 4116 627 4181 Ephesii,
637 4121 695 4183 guid
706 4120 829 4170 ctioarlio·
879 4122 925 4171 dos
943 4129 967 4170 et
991 4135 1091 4185 magnus
1114 4126 1191 4187 patris
1215 4124 1244 4173 de
1268 4139 1314 4175 suo
1338 4127 1443 4178 vestiens

264 4185 328 4232 moni
346 4184 374 4232 de
390 4185 497 4247 prosimu
516 4182 629 4235 sonent.“
878 4189 1019 4239 sacerdotes
1047 4191 1092 4239 deo
1121 4191 1182 4253 patri
1205 4206 1250 4242 suo
1279 4192 1363 4243 iecit-‘⁴
1409 4193 1443 4246 ils

299 4265 320 4297 c.
340 4257 413 4298 totam
432 4249 578 4314 doctrinam}
597 4253 681 4302 'ictam
693 4254 826 4304 doctrinam
878 4256 946 4320 Bspt
966 4272 1018 4320 cap.
1035 4256 1065 4307 13
1084 4259 1243 4320 „obsignatio
1261 4261 1385 4324 baptismi,
1402 4277 1442 4312 re·

265 4314 323 4367 dicit
339 4331 459 4366 summam
477 4320 551 4368 totius
568 4321 692 4370 doctrinae
709 4321 828 4372 Christis·
878 4324 1018 4375 stimonium
1038 4326 1120 4376 ddei.“
1139 4326 1211 4388 (hig.)

264 4397 320 4442 uas,
338 4398 409 4447 qnam
429 4384 452 4434 iu
472 4387 585 4449 martyrio
609 4402 654 4451 pro
673 4388 762 4439 Christi
781 4404 827 4440 no·
913 4406 935 4455 g.
955 4393 1094 4455 martgrium
1117 4386 1268 4458 exhortatur]
1297 4394 1443 4448 Exhortstor

264 4450 330 4500 mine
349 4451 443 4501 lortiter
460 4454 573 4504 obeundo
598 4455 732 4506 consistere
756 4458 829 4509 toties
879 4467 906 4509 ut
927 4460 1047 4524 intrepide
1071 4460 1159 4510 vellent
1185 4462 1324 4524 martyrium
1351 4465 1442 4519 subire.

263 4517 405 4634 praedicam
432 4527 458 4573 ut
474 4521 584 4582 videlieet
601 4523 705 4572 animam
724 4524 759 4573 illi
778 4533 828 4576 um
878 4526 931 4576 Non
950 4535 1030 4577 tamen
1048 4542 1110 4591 nego
1136 4530 1193 4592 quio
1213 4528 1294 4578 malim
1314 4546 1369 4581 cum
1387 4531 1443 4587 aliis

281 4599 326 4633 eus
345 4587 445 4635 merenti
470 4597 576 4638 nostram
605 4591 760 4653 reponamus,
785 4595 827 4657 qui
879 4593 947 4644 libris
966 4595 1099 4660 rescribere
1117 4600 1235 4659 mortorio.
1279 4596 1307 4648 Et
1325 4613 1441 4664 praeces·

263 4666 333 4701 suam
352 4668 397 4717 pro
416 4655 494 4714 nobis,
513 4671 561 4706 nou
577 4658 759 4709 immerentibus
772 4667 826 4710 tan·
877 4670 962 4711 serunt
979 4661 1074 4711 ahiatiri
1090 4679 1151 4727 oque
1160 4665 1247 4726 signat,
1266 4668 1443 4732 sonetcspirittt

261 4726 323 4777 tom,
347 4735 428 4771 rerum
453 4731 477 4772 et
495 4726 558 4775 mala
576 4726 678 4788 meritis,
697 4728 779 4793 posuit
797 4743 826 4780 sc
875 4730 954 4791 restit,
972 4731 1112 4781 mehemeth:
1129 4732 1235 4794 pascit.“

260 4789 382 4852 prodegit.
399 4791 506 4854 (Rigalt)
