<?xml version="1.0" encoding="UTF-8"?>
<!DOCTYPE html PUBLIC "-//W3C//DTD XHTML 1.0 Transitional//EN"
    "http://www.w3.org/TR/xhtml1/DTD/xhtml1-transitional.dtd">
<html xmlns="http://www.w3.org/1999/xhtml" xml:lang="en" lang="en">
 <head>
  <title>
</title>
<meta http-equiv="Content-Type" content="text/html;charset=utf-8" />
  <meta name='ocr-system' content='tesseract 3.04.00' />
  <meta name='ocr-capabilities' content='ocr_page ocr_carea ocr_par ocr_line ocrx_word'/>
</head>
<body>
  <div class='ocr_page' id='page_1' title='image "./quaesupersuntom00oehlgoog_0075.png"; bbox 0 0 3242 5775; ppageno 0'>
   <div class='ocr_carea' id='block_1_1' title="bbox 309 648 1223 711">
    <p class='ocr_par' dir='ltr' id='par_1_1' title="bbox 309 648 1223 711">
     <span class='ocr_line' id='line_1_1' title="bbox 309 648 1223 711; baseline -0.007 -6"><span class='ocrx_word' id='word_1_1' title='bbox 309 648 352 711; x_wconf 77' lang='grc'><strong>66</strong></span> <span class='ocrx_word' id='word_1_2' title='bbox 561 657 663 709; x_wconf 77' lang='lat' dir='ltr'><strong>oulnrt</strong></span> <span class='ocrx_word' id='word_1_3' title='bbox 686 656 817 699; x_wconf 70' lang='lat' dir='ltr'><strong>sarrlltlt</strong></span> <span class='ocrx_word' id='word_1_4' title='bbox 839 654 1003 698; x_wconf 73' lang='lat' dir='ltr'><strong>ruobertus</strong></span> <span class='ocrx_word' id='word_1_5' title='bbox 1026 655 1223 699; x_wconf 68' lang='lat' dir='ltr'><strong>mutauit!</strong></span> 
     </span>
    </p>
   </div>
   <div class='ocr_carea' id='block_1_2' title="bbox 163 804 1528 3494">
    <p class='ocr_par' dir='ltr' id='par_1_2' title="bbox 163 804 1528 3494">
     <span class='ocr_line' id='line_1_2' title="bbox 310 804 1489 890; baseline -0.004 -17"><span class='ocrx_word' id='word_1_6' title='bbox 310 827 449 890; x_wconf 89' lang='lat' dir='ltr'><strong>magnum</strong></span> <span class='ocrx_word' id='word_1_7' title='bbox 472 826 547 888; x_wconf 92' lang='lat' dir='ltr'><strong>opus</strong></span> <span class='ocrx_word' id='word_1_8' title='bbox 575 824 636 867; x_wconf 95' lang='lat' dir='ltr'><strong>non</strong></span> <span class='ocrx_word' id='word_1_9' title='bbox 663 806 760 885; x_wconf 90' lang='lat' dir='ltr'><strong>potuit</strong></span> <span class='ocrx_word' id='word_1_10' title='bbox 787 804 911 866; x_wconf 86' lang='lat' dir='ltr'><strong>inveniri</strong></span> <span class='ocrx_word' id='word_1_11' title='bbox 939 823 1027 883; x_wconf 90' lang='lat' dir='ltr'><strong>quam</strong></span> <span class='ocrx_word' id='word_1_12' title='bbox 1055 805 1086 866; x_wconf 93' lang='lat' dir='ltr'><strong>in</strong></span> <span class='ocrx_word' id='word_1_13' title='bbox 1114 805 1236 867; x_wconf 87' lang='lat' dir='ltr'><strong>bomine</strong></span> <span class='ocrx_word' id='word_1_14' title='bbox 1267 805 1318 866; x_wconf 89' lang='lat' dir='ltr'><strong>dei</strong></span> <span class='ocrx_word' id='word_1_15' title='bbox 1345 805 1489 870; x_wconf 82' lang='lat' dir='ltr'><strong>minoris!</strong></span> 
     </span>
     <span class='ocr_line' id='line_1_3' title="bbox 311 895 1490 989; baseline -0.003 -16"><span class='ocrx_word' id='word_1_16' title='bbox 311 912 469 973; x_wconf 83' lang='lat' dir='ltr'><strong>Enimvero</strong></span> <span class='ocrx_word' id='word_1_17' title='bbox 491 908 575 989; x_wconf 89' lang='lat' dir='ltr'><strong>prius</strong></span> <span class='ocrx_word' id='word_1_18' title='bbox 598 914 643 968; x_wconf 92' lang='lat' dir='ltr'><strong>est</strong></span> <span class='ocrx_word' id='word_1_19' title='bbox 671 914 704 967; x_wconf 95' lang='lat' dir='ltr'><strong>ut</strong></span> <span class='ocrx_word' id='word_1_20' title='bbox 730 906 841 985; x_wconf 92' lang='lat' dir='ltr'><strong>probes</strong></span> <span class='ocrx_word' id='word_1_21' title='bbox 870 923 938 966; x_wconf 87' lang='lat' dir='ltr'><strong>eum</strong></span> <span class='ocrx_word' id='word_1_22' title='bbox 968 924 1037 967; x_wconf 90' lang='lat' dir='ltr'><strong>esse</strong></span> <span class='ocrx_word' id='word_1_23' title='bbox 1064 895 1119 985; x_wconf 79' lang='lat' dir='ltr'><strong>p⁴er</strong></span> <span class='ocrx_word' id='word_1_24' title='bbox 1145 924 1221 986; x_wconf 90' lang='lat' dir='ltr'><strong>quae</strong></span> <span class='ocrx_word' id='word_1_25' title='bbox 1248 906 1339 969; x_wconf 87' lang='lat' dir='ltr'><strong>deum</strong></span> <span class='ocrx_word' id='word_1_26' title='bbox 1367 907 1490 987; x_wconf 81' lang='lat' dir='ltr'><strong>probari</strong></span> 
     </span>
     <span class='ocr_line' id='line_1_4' title="bbox 312 1005 1490 1091; baseline -0.002 -19"><span class='ocrx_word' id='word_1_27' title='bbox 312 1018 445 1091; x_wconf 90' lang='lat' dir='ltr'><strong>oportet,</strong></span> <span class='ocrx_word' id='word_1_28' title='bbox 468 1028 523 1089; x_wconf 91' lang='lat' dir='ltr'><strong>per</strong></span> <span class='ocrx_word' id='word_1_29' title='bbox 544 1026 651 1089; x_wconf 85' lang='lat' dir='ltr'><strong>opera,</strong></span> <span class='ocrx_word' id='word_1_30' title='bbox 675 1014 745 1067; x_wconf 90' lang='lat' dir='ltr'><strong>tunc</strong></span> <span class='ocrx_word' id='word_1_31' title='bbox 766 1005 873 1067; x_wconf 92' lang='lat' dir='ltr'><strong>deinde</strong></span> <span class='ocrx_word' id='word_1_32' title='bbox 895 1024 950 1085; x_wconf 89' lang='lat' dir='ltr'><strong>per</strong></span> <span class='ocrx_word' id='word_1_33' title='bbox 971 1005 1122 1068; x_wconf 88' lang='lat' dir='ltr'><strong>beneficia.</strong></span> <span class='ocrx_word' id='word_1_34' title='bbox 1165 1006 1267 1068; x_wconf 87' lang='lat' dir='ltr'><strong>Primo</strong></span> <span class='ocrx_word' id='word_1_35' title='bbox 1290 1007 1372 1068; x_wconf 90' lang='lat' dir='ltr'><strong>enim</strong></span> <span class='ocrx_word' id='word_1_36' title='bbox 1395 1026 1490 1087; x_wconf 81' lang='lat' dir='ltr'><strong>quae·</strong></span> 
     </span>
     <span class='ocr_line' id='line_1_5' title="bbox 310 1100 1491 1186; baseline -0.002 -14"><span class='ocrx_word' id='word_1_37' title='bbox 310 1100 461 1182; x_wconf 67' lang='lat' dir='ltr'><strong>ritur,&#39;an</strong></span> <span class='ocrx_word' id='word_1_38' title='bbox 484 1110 538 1183; x_wconf 90' lang='lat' dir='ltr'><strong>sit,</strong></span> <span class='ocrx_word' id='word_1_39' title='bbox 562 1109 669 1179; x_wconf 87' lang='lat' dir='ltr'><strong>etita,</strong></span> <span class='ocrx_word' id='word_1_40' title='bbox 697 1106 792 1186; x_wconf 89' lang='lat' dir='ltr'><strong>qualis</strong></span> <span class='ocrx_word' id='word_1_41' title='bbox 817 1106 864 1167; x_wconf 83' lang='lat' dir='ltr'><strong>sit</strong></span> <span class='ocrx_word' id='word_1_42' title='bbox 904 1106 1036 1167; x_wconf 77' lang='lat' dir='ltr'><strong>Alterum</strong></span> <span class='ocrx_word' id='word_1_43' title='bbox 1059 1106 1096 1168; x_wconf 91' lang='lat' dir='ltr'><strong>de</strong></span> <span class='ocrx_word' id='word_1_44' title='bbox 1118 1107 1277 1186; x_wconf 89' lang='lat' dir='ltr'><strong>operibus,</strong></span> <span class='ocrx_word' id='word_1_45' title='bbox 1301 1108 1432 1170; x_wconf 89' lang='lat' dir='ltr'><strong>alterum</strong></span> <span class='ocrx_word' id='word_1_46' title='bbox 1452 1108 1491 1170; x_wconf 89' lang='lat' dir='ltr'><strong>de</strong></span> 
     </span>
     <span class='ocr_line' id='line_1_6' title="bbox 310 1205 1489 1285; baseline -0.003 -12"><span class='ocrx_word' id='word_1_47' title='bbox 310 1211 463 1273; x_wconf 85' lang='lat' dir='ltr'><strong>beneficiis</strong></span> <span class='ocrx_word' id='word_1_48' title='bbox 477 1208 675 1271; x_wconf 75' lang='lat' dir='ltr'><strong>&#39;dinoscetur</strong></span> <span class='ocrx_word' id='word_1_49' title='bbox 711 1208 850 1269; x_wconf 87' lang='lat' dir='ltr'><strong>Ceterum</strong></span> <span class='ocrx_word' id='word_1_50' title='bbox 872 1225 934 1269; x_wconf 90' lang='lat' dir='ltr'><strong>uon</strong></span> <span class='ocrx_word' id='word_1_51' title='bbox 955 1207 1024 1285; x_wconf 87' lang='lat' dir='ltr'><strong>quia</strong></span> <span class='ocrx_word' id='word_1_52' title='bbox 1044 1205 1187 1269; x_wconf 89' lang='lat' dir='ltr'><strong>liberasse</strong></span> <span class='ocrx_word' id='word_1_53' title='bbox 1202 1208 1310 1269; x_wconf 89' lang='lat' dir='ltr'><strong>dieitur</strong></span> <span class='ocrx_word' id='word_1_54' title='bbox 1323 1207 1489 1282; x_wconf 87' lang='lat' dir='ltr'><strong>homiuem,</strong></span> 
     </span>
     <span class='ocr_line' id='line_1_7' title="bbox 311 1307 1491 1395; baseline -0.001 -22"><span class='ocrx_word' id='word_1_55' title='bbox 311 1312 379 1373; x_wconf 90' lang='lat' dir='ltr'><strong>ideo</strong></span> <span class='ocrx_word' id='word_1_56' title='bbox 401 1330 470 1372; x_wconf 91' lang='lat' dir='ltr'><strong>esse</strong></span> <span class='ocrx_word' id='word_1_57' title='bbox 492 1329 558 1373; x_wconf 90' lang='lat' dir='ltr'><strong>euru</strong></span> <span class='ocrx_word' id='word_1_58' title='bbox 581 1318 712 1382; x_wconf 91' lang='lat' dir='ltr'><strong>constat,</strong></span> <span class='ocrx_word' id='word_1_59' title='bbox 747 1308 800 1369; x_wconf 91' lang='lat' dir='ltr'><strong>sed</strong></span> <span class='ocrx_word' id='word_1_60' title='bbox 829 1309 854 1369; x_wconf 90' lang='lat' dir='ltr'><strong>si</strong></span> <span class='ocrx_word' id='word_1_61' title='bbox 883 1326 950 1369; x_wconf 91' lang='lat' dir='ltr'><strong>esse</strong></span> <span class='ocrx_word' id='word_1_62' title='bbox 971 1307 1161 1395; x_wconf 81' lang='lat' dir='ltr'><strong>constiterit,</strong></span> <span class='ocrx_word' id='word_1_63' title='bbox 1199 1314 1270 1369; x_wconf 89' lang='lat' dir='ltr'><strong>tunc</strong></span> <span class='ocrx_word' id='word_1_64' title='bbox 1291 1316 1323 1370; x_wconf 91' lang='lat' dir='ltr'><strong>et</strong></span> <span class='ocrx_word' id='word_1_65' title='bbox 1343 1308 1491 1372; x_wconf 85' lang='lat' dir='ltr'><strong>liberasse</strong></span> 
     </span>
     <span class='ocr_line' id='line_1_8' title="bbox 311 1408 1487 1487; baseline -0.004 -11"><span class='ocrx_word' id='word_1_66' title='bbox 311 1415 441 1487; x_wconf 87' lang='lat' dir='ltr'><strong>dicetur,</strong></span> <span class='ocrx_word' id='word_1_67' title='bbox 463 1421 495 1474; x_wconf 90' lang='lat' dir='ltr'><strong>ut</strong></span> <span class='ocrx_word' id='word_1_68' title='bbox 516 1422 603 1472; x_wconf 88' lang='lat' dir='ltr'><strong>etan</strong></span> <span class='ocrx_word' id='word_1_69' title='bbox 625 1409 793 1471; x_wconf 79' lang='lat' dir='ltr'>liberaverit</span> <span class='ocrx_word' id='word_1_70' title='bbox 815 1416 948 1478; x_wconf 82' lang='lat' dir='ltr'><strong>constet,</strong></span> <span class='ocrx_word' id='word_1_71' title='bbox 983 1408 1050 1487; x_wconf 91' lang='lat' dir='ltr'><strong>quia</strong></span> <span class='ocrx_word' id='word_1_72' title='bbox 1073 1408 1207 1487; x_wconf 88' lang='lat' dir='ltr'><strong>potuerit</strong></span> <span class='ocrx_word' id='word_1_73' title='bbox 1228 1417 1258 1469; x_wconf 91' lang='lat' dir='ltr'><strong>et</strong></span> <span class='ocrx_word' id='word_1_74' title='bbox 1279 1427 1349 1471; x_wconf 92' lang='lat' dir='ltr'><strong>esse</strong></span> <span class='ocrx_word' id='word_1_75' title='bbox 1371 1418 1405 1471; x_wconf 86' lang='lat' dir='ltr'><strong>et</strong></span> <span class='ocrx_word' id='word_1_76' title='bbox 1425 1428 1487 1471; x_wconf 90' lang='lat' dir='ltr'><strong>nou</strong></span> 
     </span>
     <span class='ocr_line' id='line_1_9' title="bbox 311 1507 1528 1598; baseline -0.004 -21"><span class='ocrx_word' id='word_1_77' title='bbox 311 1515 466 1576; x_wconf 81' lang='lat' dir='ltr'>liberasse.</span> <span class='ocrx_word' id='word_1_78' title='bbox 511 1511 670 1585; x_wconf 82' lang='lat' dir='ltr'><strong>Quomodo</strong></span> <span class='ocrx_word' id='word_1_79' title='bbox 693 1528 763 1587; x_wconf 89' lang='lat' dir='ltr'><strong>ergo</strong></span> <span class='ocrx_word' id='word_1_80' title='bbox 786 1508 872 1598; x_wconf 85' lang='lat' dir='ltr'><strong>³quia</strong></span> <span class='ocrx_word' id='word_1_81' title='bbox 893 1507 1035 1568; x_wconf 86' lang='lat' dir='ltr'><strong>liberasse</strong></span> <span class='ocrx_word' id='word_1_82' title='bbox 1056 1508 1185 1582; x_wconf 90' lang='lat' dir='ltr'><strong>dicetur,</strong></span> <span class='ocrx_word' id='word_1_83' title='bbox 1214 1509 1302 1570; x_wconf 91' lang='lat' dir='ltr'><strong>etiam</strong></span> <span class='ocrx_word' id='word_1_84' title='bbox 1324 1527 1399 1572; x_wconf 86' lang='lat' dir='ltr'><strong>esse</strong></span> <span class='ocrx_word' id='word_1_85' title='bbox 1420 1528 1487 1572; x_wconf 85' lang='lat' dir='ltr'><strong>ere·</strong></span> <span class='ocrx_word' id='word_1_86' title='bbox 1523 1507 1528 1514; x_wconf 82' lang='grc'><strong>’</strong></span> 
     </span>
     <span class='ocr_line' id='line_1_10' title="bbox 208 1606 1489 1691; baseline -0.004 -15"><span class='ocrx_word' id='word_1_87' title='bbox 208 1635 213 1647; x_wconf 83' lang='grc'><strong>’</strong></span> <span class='ocrx_word' id='word_1_88' title='bbox 298 1615 415 1688; x_wconf 88' lang='lat' dir='ltr'><strong>&#39;detur‚</strong></span> <span class='ocrx_word' id='word_1_89' title='bbox 437 1631 503 1674; x_wconf 88' lang='lat' dir='ltr'><strong>curu</strong></span> <span class='ocrx_word' id='word_1_90' title='bbox 525 1610 657 1691; x_wconf 90' lang='lat' dir='ltr'><strong>potuerit</strong></span> <span class='ocrx_word' id='word_1_91' title='bbox 679 1620 709 1671; x_wconf 90' lang='lat' dir='ltr'><strong>et</strong></span> <span class='ocrx_word' id='word_1_92' title='bbox 731 1628 800 1670; x_wconf 89' lang='lat' dir='ltr'><strong>esse</strong></span> <span class='ocrx_word' id='word_1_93' title='bbox 823 1616 853 1670; x_wconf 90' lang='lat' dir='ltr'><strong>et</strong></span> <span class='ocrx_word' id='word_1_94' title='bbox 874 1627 934 1669; x_wconf 94' lang='lat' dir='ltr'><strong>non</strong></span> <span class='ocrx_word' id='word_1_95' title='bbox 950 1606 1113 1669; x_wconf 72' lang='lat' dir='ltr'><strong>liberasse?</strong></span> <span class='ocrx_word' id='word_1_96' title='bbox 1140 1608 1225 1669; x_wconf 88' lang='lat' dir='ltr'><strong>Nunc</strong></span> <span class='ocrx_word' id='word_1_97' title='bbox 1239 1610 1271 1670; x_wconf 91' lang='lat' dir='ltr'><strong>in</strong></span> <span class='ocrx_word' id='word_1_98' title='bbox 1285 1609 1344 1671; x_wconf 87' lang='lat' dir='ltr'><strong>isto</strong></span> <span class='ocrx_word' id='word_1_99' title='bbox 1360 1608 1489 1671; x_wconf 80' lang='lat' dir='ltr'><strong>articulo</strong></span> 
     </span>
     <span class='ocr_line' id='line_1_11' title="bbox 313 1707 1488 1793; baseline -0.004 -16"><span class='ocrx_word' id='word_1_100' title='bbox 313 1715 349 1777; x_wconf 90' lang='lat' dir='ltr'><strong>ab</strong></span> <span class='ocrx_word' id='word_1_101' title='bbox 379 1715 472 1793; x_wconf 93' lang='lat' dir='ltr'><strong>ignoti</strong></span> <span class='ocrx_word' id='word_1_102' title='bbox 500 1711 548 1773; x_wconf 91' lang='lat' dir='ltr'><strong>dei</strong></span> <span class='ocrx_word' id='word_1_103' title='bbox 577 1710 751 1790; x_wconf 73' lang='lat' dir='ltr'><strong>quaestione</strong></span> <span class='ocrx_word' id='word_1_104' title='bbox 778 1709 922 1769; x_wconf 83' lang='lat' dir='ltr'><strong>⁴deducto</strong></span> <span class='ocrx_word' id='word_1_105' title='bbox 951 1708 1024 1769; x_wconf 91' lang='lat' dir='ltr'><strong>satis</strong></span> <span class='ocrx_word' id='word_1_106' title='bbox 1052 1707 1188 1770; x_wconf 86' lang='lat' dir='ltr'><strong>constitit</strong></span> <span class='ocrx_word' id='word_1_107' title='bbox 1215 1716 1274 1771; x_wconf 90' lang='lat' dir='ltr'><strong>tam</strong></span> <span class='ocrx_word' id='word_1_108' title='bbox 1302 1709 1377 1771; x_wconf 89' lang='lat' dir='ltr'><strong>nibil</strong></span> <span class='ocrx_word' id='word_1_109' title='bbox 1405 1710 1488 1772; x_wconf 77' lang='lat' dir='ltr'><strong>ma·</strong></span> 
     </span>
     <span class='ocr_line' id='line_1_12' title="bbox 313 1809 1500 1891; baseline -0.003 -15"><span class='ocrx_word' id='word_1_110' title='bbox 313 1814 484 1876; x_wconf 82' lang='lat' dir='ltr'><strong>condidisse</strong></span> <span class='ocrx_word' id='word_1_111' title='bbox 505 1830 592 1891; x_wconf 91' lang='lat' dir='ltr'><strong>quam</strong></span> <span class='ocrx_word' id='word_1_112' title='bbox 614 1810 753 1871; x_wconf 83' lang='lat' dir='ltr'><strong>debuisse</strong></span> <span class='ocrx_word' id='word_1_113' title='bbox 768 1810 952 1884; x_wconf 83' lang='lat' dir='ltr'><strong>condidisse,</strong></span> <span class='ocrx_word' id='word_1_114' title='bbox 975 1810 1018 1888; x_wconf 79' lang='lat' dir='ltr'><strong>uti</strong></span> <span class='ocrx_word' id='word_1_115' title='bbox 1034 1817 1265 1887; x_wconf 76' lang='lat' dir='ltr'><strong>cognosceretur</strong></span> <span class='ocrx_word' id='word_1_116' title='bbox 1280 1828 1316 1871; x_wconf 81' lang='lat' dir='ltr'><strong>ex</strong></span> <span class='ocrx_word' id='word_1_117' title='bbox 1332 1809 1500 1889; x_wconf 88' lang='lat' dir='ltr'><strong>operibus,-</strong></span> 
     </span>
     <span class='ocr_line' id='line_1_13' title="bbox 313 1910 1488 1996; baseline -0.003 -20"><span class='ocrx_word' id='word_1_118' title='bbox 313 1914 380 1994; x_wconf 94' lang='lat' dir='ltr'><strong>quia</strong></span> <span class='ocrx_word' id='word_1_119' title='bbox 403 1914 429 1973; x_wconf 91' lang='lat' dir='ltr'><strong>si</strong></span> <span class='ocrx_word' id='word_1_120' title='bbox 452 1914 572 1984; x_wconf 90' lang='lat' dir='ltr'><strong>luisset,</strong></span> <span class='ocrx_word' id='word_1_121' title='bbox 607 1912 747 1989; x_wconf 78' lang='lat' dir='ltr'><strong>cognosci</strong></span> <span class='ocrx_word' id='word_1_122' title='bbox 770 1911 938 1984; x_wconf 75' lang='lat' dir='ltr'><strong>debuisset,</strong></span> <span class='ocrx_word' id='word_1_123' title='bbox 968 1918 998 1971; x_wconf 91' lang='lat' dir='ltr'><strong>et</strong></span> <span class='ocrx_word' id='word_1_124' title='bbox 1020 1910 1121 1990; x_wconf 90' lang='lat' dir='ltr'><strong>utique</strong></span> <span class='ocrx_word' id='word_1_125' title='bbox 1142 1930 1159 1970; x_wconf 92' lang='lat' dir='ltr'><strong>a</strong></span> <span class='ocrx_word' id='word_1_126' title='bbox 1180 1911 1346 1989; x_wconf 90' lang='lat' dir='ltr'><strong>primordio</strong></span> <span class='ocrx_word' id='word_1_127' title='bbox 1368 1929 1488 1996; x_wconf 69' lang='lat' dir='ltr'><strong>rerumr</strong></span> 
     </span>
     <span class='ocr_line' id='line_1_14' title="bbox 273 2011 1487 2091; baseline -0.001 -16"><span class='ocrx_word' id='word_1_128' title='bbox 273 2039 282 2056; x_wconf 93' lang='lat'><strong>·</strong></span> <span class='ocrx_word' id='word_1_129' title='bbox 314 2015 401 2075; x_wconf 93' lang='lat' dir='ltr'><strong>deum</strong></span> <span class='ocrx_word' id='word_1_130' title='bbox 424 2013 501 2075; x_wconf 90' lang='lat' dir='ltr'><strong>enim</strong></span> <span class='ocrx_word' id='word_1_131' title='bbox 523 2030 583 2072; x_wconf 91' lang='lat' dir='ltr'><strong>non</strong></span> <span class='ocrx_word' id='word_1_132' title='bbox 606 2011 742 2072; x_wconf 90' lang='lat' dir='ltr'><strong>decuisse</strong></span> <span class='ocrx_word' id='word_1_133' title='bbox 763 2011 897 2072; x_wconf 88' lang='lat' dir='ltr'><strong>latuisse.</strong></span> <span class='ocrx_word' id='word_1_134' title='bbox 934 2011 1096 2088; x_wconf 81' lang='lat' dir='ltr'><strong>Regrediar</strong></span> <span class='ocrx_word' id='word_1_135' title='bbox 1117 2029 1242 2073; x_wconf 90' lang='lat' dir='ltr'><strong>necesse</strong></span> <span class='ocrx_word' id='word_1_136' title='bbox 1264 2019 1311 2072; x_wconf 89' lang='lat' dir='ltr'><strong>est</strong></span> <span class='ocrx_word' id='word_1_137' title='bbox 1332 2011 1369 2073; x_wconf 88' lang='lat' dir='ltr'><strong>ad</strong></span> <span class='ocrx_word' id='word_1_138' title='bbox 1392 2013 1487 2091; x_wconf 87' lang='lat' dir='ltr'><strong>origi-</strong></span> 
     </span>
     <span class='ocr_line' id='line_1_15' title="bbox 314 2110 1487 2192; baseline 0 -17"><span class='ocrx_word' id='word_1_139' title='bbox 314 2132 382 2175; x_wconf 89' lang='lat' dir='ltr'><strong>nem</strong></span> <span class='ocrx_word' id='word_1_140' title='bbox 404 2112 588 2192; x_wconf 79' lang='lat' dir='ltr'><strong>quaestionis</strong></span> <span class='ocrx_word' id='word_1_141' title='bbox 611 2112 658 2172; x_wconf 92' lang='lat' dir='ltr'><strong>dei</strong></span> <span class='ocrx_word' id='word_1_142' title='bbox 681 2111 788 2189; x_wconf 91' lang='lat' dir='ltr'><strong>ignoti,</strong></span> <span class='ocrx_word' id='word_1_143' title='bbox 818 2118 851 2170; x_wconf 89' lang='lat' dir='ltr'><strong>ut</strong></span> <span class='ocrx_word' id='word_1_144' title='bbox 872 2119 988 2172; x_wconf 87' lang='lat' dir='ltr'><strong>ceteros</strong></span> <span class='ocrx_word' id='word_1_145' title='bbox 1010 2129 1130 2190; x_wconf 90' lang='lat' dir='ltr'><strong>quoquc</strong></span> <span class='ocrx_word' id='word_1_146' title='bbox 1151 2110 1282 2173; x_wconf 90' lang='lat' dir='ltr'><strong>ramulos</strong></span> <span class='ocrx_word' id='word_1_147' title='bbox 1304 2113 1371 2174; x_wconf 90' lang='lat' dir='ltr'><strong>eius</strong></span> <span class='ocrx_word' id='word_1_148' title='bbox 1393 2132 1487 2176; x_wconf 86' lang='lat' dir='ltr'><strong>exorr-</strong></span> 
     </span>
     <span class='ocr_line' id='line_1_16' title="bbox 314 2211 1488 2292; baseline -0.001 -17"><span class='ocrx_word' id='word_1_149' title='bbox 314 2215 394 2275; x_wconf 89' lang='lat' dir='ltr'><strong>tiam.</strong></span> <span class='ocrx_word' id='word_1_150' title='bbox 437 2213 538 2274; x_wconf 88' lang='lat' dir='ltr'><strong>Primo</strong></span> <span class='ocrx_word' id='word_1_151' title='bbox 569 2212 648 2273; x_wconf 91' lang='lat' dir='ltr'><strong>enim</strong></span> <span class='ocrx_word' id='word_1_152' title='bbox 677 2212 778 2291; x_wconf 88' lang='lat' dir='ltr'><strong>quaeri</strong></span> <span class='ocrx_word' id='word_1_153' title='bbox 809 2211 974 2290; x_wconf 79' lang='lat' dir='ltr'><strong>oportebit,</strong></span> <span class='ocrx_word' id='word_1_154' title='bbox 1007 2212 1056 2290; x_wconf 91' lang='lat' dir='ltr'><strong>qui</strong></span> <span class='ocrx_word' id='word_1_155' title='bbox 1085 2220 1190 2290; x_wconf 90' lang='lat' dir='ltr'><strong>postea</strong></span> <span class='ocrx_word' id='word_1_156' title='bbox 1221 2231 1255 2272; x_wconf 90' lang='lat' dir='ltr'><strong>sc</strong></span> <span class='ocrx_word' id='word_1_157' title='bbox 1276 2212 1436 2292; x_wconf 88' lang='lat' dir='ltr'><strong>protulerit</strong></span> <span class='ocrx_word' id='word_1_158' title='bbox 1456 2215 1488 2276; x_wconf 91' lang='lat' dir='ltr'><strong>iu</strong></span> 
     </span>
     <span class='ocr_line' id='line_1_17' title="bbox 315 2311 1487 2393; baseline 0.001 -18"><span class='ocrx_word' id='word_1_159' title='bbox 315 2314 463 2387; x_wconf 88' lang='lat' dir='ltr'><strong>notitiam,</strong></span> <span class='ocrx_word' id='word_1_160' title='bbox 487 2332 540 2375; x_wconf 92' lang='lat' dir='ltr'><strong>cur</strong></span> <span class='ocrx_word' id='word_1_161' title='bbox 560 2321 681 2392; x_wconf 90' lang='lat' dir='ltr'><strong>postea,</strong></span> <span class='ocrx_word' id='word_1_162' title='bbox 704 2321 734 2373; x_wconf 90' lang='lat' dir='ltr'><strong>et</strong></span> <span class='ocrx_word' id='word_1_163' title='bbox 756 2331 816 2373; x_wconf 94' lang='lat' dir='ltr'><strong>nou</strong></span> <span class='ocrx_word' id='word_1_164' title='bbox 839 2312 1033 2392; x_wconf 90' lang='lat' dir='ltr'><strong>aprimordio</strong></span> <span class='ocrx_word' id='word_1_165' title='bbox 1049 2331 1165 2385; x_wconf 80' lang='lat' dir='ltr'><strong>rerum;</strong></span> <span class='ocrx_word' id='word_1_166' title='bbox 1188 2311 1296 2392; x_wconf 90' lang='lat' dir='ltr'><strong>quibus</strong></span> <span class='ocrx_word' id='word_1_167' title='bbox 1311 2314 1417 2393; x_wconf 92' lang='lat' dir='ltr'><strong>utique</strong></span> <span class='ocrx_word' id='word_1_168' title='bbox 1430 2333 1487 2376; x_wconf 91' lang='lat' dir='ltr'><strong>ue-</strong></span> 
     </span>
     <span class='ocr_line' id='line_1_18' title="bbox 313 2412 1489 2492; baseline 0.002 -17"><span class='ocrx_word' id='word_1_169' title='bbox 313 2415 477 2487; x_wconf 90' lang='lat' dir='ltr'><strong>cessarius,</strong></span> <span class='ocrx_word' id='word_1_170' title='bbox 509 2430 566 2492; x_wconf 89' lang='lat' dir='ltr'><strong>qua</strong></span> <span class='ocrx_word' id='word_1_171' title='bbox 596 2414 687 2487; x_wconf 91' lang='lat' dir='ltr'><strong>deus,</strong></span> <span class='ocrx_word' id='word_1_172' title='bbox 720 2413 890 2492; x_wconf 91' lang='lat' dir='ltr'><strong>etquidem</strong></span> <span class='ocrx_word' id='word_1_173' title='bbox 920 2412 1025 2473; x_wconf 88' lang='lat' dir='ltr'><strong>melior</strong></span> <span class='ocrx_word' id='word_1_174' title='bbox 1046 2413 1122 2492; x_wconf 67' lang='lat' dir='ltr'><strong>‘quo</strong></span> <span class='ocrx_word' id='word_1_175' title='bbox 1143 2413 1362 2487; x_wconf 63' lang='lat' dir='ltr'><strong>necessarior,</strong></span> <span class='ocrx_word' id='word_1_176' title='bbox 1396 2415 1489 2477; x_wconf 78' lang='lat' dir='ltr'><strong>latere</strong></span> 
     </span>
     <span class='ocr_line' id='line_1_19' title="bbox 314 2491 1490 2591; baseline 0.005 -19"><span class='ocrx_word' id='word_1_177' title='bbox 314 2531 375 2572; x_wconf 90' lang='lat' dir='ltr'><strong>uon</strong></span> <span class='ocrx_word' id='word_1_178' title='bbox 400 2491 518 2573; x_wconf 88' lang='lat' dir='ltr'><strong>debuit.</strong></span> <span class='ocrx_word' id='word_1_179' title='bbox 572 2512 639 2572; x_wconf 88' lang='lat' dir='ltr'><strong>Non</strong></span> <span class='ocrx_word' id='word_1_180' title='bbox 666 2514 745 2573; x_wconf 88' lang='lat' dir='ltr'><strong>enim</strong></span> <span class='ocrx_word' id='word_1_181' title='bbox 772 2521 874 2591; x_wconf 90' lang='lat' dir='ltr'><strong>potest</strong></span> <span class='ocrx_word' id='word_1_182' title='bbox 902 2513 959 2573; x_wconf 94' lang='lat' dir='ltr'><strong>dici</strong></span> <span class='ocrx_word' id='word_1_183' title='bbox 986 2531 1046 2573; x_wconf 93' lang='lat' dir='ltr'><strong>non</strong></span> <span class='ocrx_word' id='word_1_184' title='bbox 1074 2514 1169 2574; x_wconf 89' lang='lat' dir='ltr'><strong>luisse</strong></span> <span class='ocrx_word' id='word_1_185' title='bbox 1191 2520 1240 2575; x_wconf 91' lang='lat' dir='ltr'><strong>aut</strong></span> <span class='ocrx_word' id='word_1_186' title='bbox 1261 2514 1415 2576; x_wconf 87' lang='lat' dir='ltr'><strong>materiam</strong></span> <span class='ocrx_word' id='word_1_187' title='bbox 1437 2523 1490 2578; x_wconf 87' lang='lat' dir='ltr'><strong>aut</strong></span> 
     </span>
     <span class='ocr_line' id='line_1_20' title="bbox 314 2612 1488 2692; baseline 0.005 -21"><span class='ocrx_word' id='word_1_188' title='bbox 314 2629 430 2672; x_wconf 90' lang='lat' dir='ltr'><strong>eausam</strong></span> <span class='ocrx_word' id='word_1_189' title='bbox 453 2612 652 2689; x_wconf 90' lang='lat' dir='ltr'><strong>cognoscendi</strong></span> <span class='ocrx_word' id='word_1_190' title='bbox 675 2612 779 2686; x_wconf 89' lang='lat' dir='ltr'><strong>deum,</strong></span> <span class='ocrx_word' id='word_1_191' title='bbox 801 2631 867 2673; x_wconf 90' lang='lat' dir='ltr'><strong>curn</strong></span> <span class='ocrx_word' id='word_1_192' title='bbox 890 2614 1031 2674; x_wconf 89' lang='lat' dir='ltr'><strong>ethome</strong></span> <span class='ocrx_word' id='word_1_193' title='bbox 1053 2614 1250 2692; x_wconf 91' lang='lat' dir='ltr'><strong>aprimordio</strong></span> <span class='ocrx_word' id='word_1_194' title='bbox 1272 2622 1355 2675; x_wconf 87' lang='lat' dir='ltr'><strong>esset</strong></span> <span class='ocrx_word' id='word_1_195' title='bbox 1370 2618 1401 2676; x_wconf 93' lang='lat' dir='ltr'><strong>in</strong></span> <span class='ocrx_word' id='word_1_196' title='bbox 1416 2635 1488 2678; x_wconf 85' lang='lat' dir='ltr'><strong>sae·</strong></span> 
     </span>
     <span class='ocr_line' id='line_1_21' title="bbox 314 2710 1490 2794; baseline 0.006 -22"><span class='ocrx_word' id='word_1_197' title='bbox 314 2710 395 2785; x_wconf 86' lang='lat' dir='ltr'><strong>culo,</strong></span> <span class='ocrx_word' id='word_1_198' title='bbox 424 2711 470 2772; x_wconf 92' lang='lat' dir='ltr'><strong>cui</strong></span> <span class='ocrx_word' id='word_1_199' title='bbox 492 2730 571 2771; x_wconf 90' lang='lat' dir='ltr'><strong>nuuc</strong></span> <span class='ocrx_word' id='word_1_200' title='bbox 593 2712 743 2785; x_wconf 88' lang='lat' dir='ltr'><strong>subvenit,</strong></span> <span class='ocrx_word' id='word_1_201' title='bbox 775 2720 804 2782; x_wconf 82' lang='lat' dir='ltr'><strong>ct</strong></span> <span class='ocrx_word' id='word_1_202' title='bbox 832 2712 939 2774; x_wconf 80' lang='lat' dir='ltr'><strong>malitia</strong></span> <span class='ocrx_word' id='word_1_203' title='bbox 968 2713 1128 2788; x_wconf 87' lang='lat' dir='ltr'><strong>creatoris,</strong></span> <span class='ocrx_word' id='word_1_204' title='bbox 1161 2714 1304 2776; x_wconf 83' lang='lat' dir='ltr'><strong>adversus</strong></span> <span class='ocrx_word' id='word_1_205' title='bbox 1326 2733 1414 2794; x_wconf 90' lang='lat' dir='ltr'><strong>quam</strong></span> <span class='ocrx_word' id='word_1_206' title='bbox 1437 2716 1490 2779; x_wconf 75' lang='lat' dir='ltr'><strong>‘ut</strong></span> 
     </span>
     <span class='ocr_line' id='line_1_22' title="bbox 313 2811 1489 2892; baseline 0.005 -20"><span class='ocrx_word' id='word_1_207' title='bbox 313 2811 411 2873; x_wconf 91' lang='lat' dir='ltr'><strong>bouus</strong></span> <span class='ocrx_word' id='word_1_208' title='bbox 443 2812 587 2873; x_wconf 78' lang='lat' dir='ltr'><strong>subvenit</strong></span> <span class='ocrx_word' id='word_1_209' title='bbox 640 2812 732 2891; x_wconf 91' lang='lat' dir='ltr'><strong>lgitur</strong></span> <span class='ocrx_word' id='word_1_210' title='bbox 754 2821 803 2874; x_wconf 90' lang='lat' dir='ltr'><strong>aut</strong></span> <span class='ocrx_word' id='word_1_211' title='bbox 824 2813 968 2892; x_wconf 90' lang='lat' dir='ltr'><strong>ignoravit</strong></span> <span class='ocrx_word' id='word_1_212' title='bbox 990 2820 1020 2874; x_wconf 91' lang='lat' dir='ltr'><strong>et</strong></span> <span class='ocrx_word' id='word_1_213' title='bbox 1042 2832 1160 2875; x_wconf 85' lang='lat' dir='ltr'><strong>eausam</strong></span> <span class='ocrx_word' id='word_1_214' title='bbox 1189 2824 1219 2876; x_wconf 90' lang='lat' dir='ltr'><strong>et</strong></span> <span class='ocrx_word' id='word_1_215' title='bbox 1239 2814 1394 2877; x_wconf 83' lang='lat' dir='ltr'><strong>materiam</strong></span> <span class='ocrx_word' id='word_1_216' title='bbox 1415 2835 1489 2878; x_wconf 87' lang='lat' dir='ltr'><strong>suae</strong></span> 
     </span>
     <span class='ocr_line' id='line_1_23' title="bbox 314 2912 1488 2996; baseline 0.006 -23"><span class='ocrx_word' id='word_1_217' title='bbox 314 2912 501 2973; x_wconf 88' lang='lat' dir='ltr'><strong>revelationis</strong></span> <span class='ocrx_word' id='word_1_218' title='bbox 525 2914 727 2986; x_wconf 85' lang='lat' dir='ltr'><strong>necessariae,</strong></span> <span class='ocrx_word' id='word_1_219' title='bbox 751 2923 801 2976; x_wconf 92' lang='lat' dir='ltr'><strong>aut</strong></span> <span class='ocrx_word' id='word_1_220' title='bbox 823 2915 981 2988; x_wconf 87' lang='lat' dir='ltr'><strong>dubitavit,</strong></span> <span class='ocrx_word' id='word_1_221' title='bbox 1011 2923 1144 2976; x_wconf 90' lang='lat' dir='ltr'><strong>autnon</strong></span> <span class='ocrx_word' id='word_1_222' title='bbox 1165 2916 1279 2996; x_wconf 89' lang='lat' dir='ltr'><strong>potuit,</strong></span> <span class='ocrx_word' id='word_1_223' title='bbox 1307 2926 1358 2978; x_wconf 88' lang='lat' dir='ltr'><strong>aut</strong></span> <span class='ocrx_word' id='word_1_224' title='bbox 1380 2917 1488 2981; x_wconf 86' lang='lat' dir='ltr'><strong>uoluit.</strong></span> 
     </span>
     <span class='ocr_line' id='line_1_24' title="bbox 315 3011 1490 3095; baseline 0.006 -22"><span class='ocrx_word' id='word_1_225' title='bbox 315 3011 419 3073; x_wconf 89' lang='lat' dir='ltr'><strong>Omnia</strong></span> <span class='ocrx_word' id='word_1_226' title='bbox 447 3013 521 3073; x_wconf 89' lang='lat' dir='ltr'><strong>baec</strong></span> <span class='ocrx_word' id='word_1_227' title='bbox 549 3013 605 3074; x_wconf 93' lang='lat' dir='ltr'><strong>deo</strong></span> <span class='ocrx_word' id='word_1_228' title='bbox 634 3014 769 3092; x_wconf 83' lang='lat' dir='ltr'><strong>indigna,</strong></span> <span class='ocrx_word' id='word_1_229' title='bbox 807 3016 934 3076; x_wconf 83' lang='lat' dir='ltr'><strong>maxime</strong></span> <span class='ocrx_word' id='word_1_230' title='bbox 961 3016 1087 3095; x_wconf 88' lang='lat' dir='ltr'><strong>optimo.</strong></span> <span class='ocrx_word' id='word_1_231' title='bbox 1138 3015 1196 3078; x_wconf 88' lang='lat' dir='ltr'><strong>Sed</strong></span> <span class='ocrx_word' id='word_1_232' title='bbox 1225 3025 1255 3077; x_wconf 87' lang='lat' dir='ltr'><strong>et</strong></span> <span class='ocrx_word' id='word_1_233' title='bbox 1281 3017 1362 3079; x_wconf 90' lang='lat' dir='ltr'><strong>huuc</strong></span> <span class='ocrx_word' id='word_1_234' title='bbox 1388 3018 1490 3081; x_wconf 76' lang='lat' dir='ltr'><strong>loetum</strong></span> 
     </span>
     <span class='ocr_line' id='line_1_25' title="bbox 313 3111 1491 3195; baseline 0.009 -24"><span class='ocrx_word' id='word_1_235' title='bbox 313 3111 382 3172; x_wconf 86' lang='lat' dir='ltr'><strong>alibi</strong></span> <span class='ocrx_word' id='word_1_236' title='bbox 405 3112 610 3190; x_wconf 85' lang='lat' dir='ltr'><strong>implebimus·</strong></span> <span class='ocrx_word' id='word_1_237' title='bbox 631 3113 877 3195; x_wconf 84' lang='lat' dir='ltr'><strong>⁷e1probratioue</strong></span> <span class='ocrx_word' id='word_1_238' title='bbox 899 3135 984 3178; x_wconf 88' lang='lat' dir='ltr'><strong>serae</strong></span> <span class='ocrx_word' id='word_1_239' title='bbox 1005 3116 1211 3190; x_wconf 84' lang='lat' dir='ltr'><strong>revelationis,</strong></span> <span class='ocrx_word' id='word_1_240' title='bbox 1235 3115 1312 3180; x_wconf 87' lang='lat' dir='ltr'><strong>sicut</strong></span> <span class='ocrx_word' id='word_1_241' title='bbox 1328 3136 1409 3180; x_wconf 90' lang='lat' dir='ltr'><strong>nunc</strong></span> <span class='ocrx_word' id='word_1_242' title='bbox 1422 3119 1491 3182; x_wconf 85' lang='lat' dir='ltr'><strong>sola</strong></span> 
     </span>
     <span class='ocr_line' id='line_1_26' title="bbox 314 3213 578 3275; baseline 0.011 -3"><span class='ocrx_word' id='word_1_243' title='bbox 314 3213 578 3275; x_wconf 90' lang='lat' dir='ltr'><strong>demonstratione.</strong></span> 
     </span>
     <span class='ocr_line' id='line_1_27' title="bbox 163 3313 1489 3397; baseline 0.008 -27"><span class='ocrx_word' id='word_1_244' title='bbox 163 3326 216 3384; x_wconf 72' lang='lat' dir='ltr'><strong>cap.</strong></span> <span class='ocrx_word' id='word_1_245' title='bbox 226 3328 299 3374; x_wconf 76' lang='lat' dir='ltr'><strong>auu</strong></span> <span class='ocrx_word' id='word_1_246' title='bbox 400 3314 602 3388; x_wconf 88' lang='lat' dir='ltr'><strong>Processerit‚</strong></span> <span class='ocrx_word' id='word_1_247' title='bbox 625 3333 692 3393; x_wconf 91' lang='lat' dir='ltr'><strong>age,</strong></span> <span class='ocrx_word' id='word_1_248' title='bbox 716 3315 773 3376; x_wconf 94' lang='lat' dir='ltr'><strong>iam</strong></span> <span class='ocrx_word' id='word_1_249' title='bbox 789 3314 819 3375; x_wconf 95' lang='lat' dir='ltr'><strong>in</strong></span> <span class='ocrx_word' id='word_1_250' title='bbox 835 3313 970 3376; x_wconf 87' lang='lat' dir='ltr'><strong>notitiam</strong></span> <span class='ocrx_word' id='word_1_251' title='bbox 985 3316 1103 3394; x_wconf 87' lang='lat' dir='ltr'><strong>quando</strong></span> <span class='ocrx_word' id='word_1_252' title='bbox 1118 3316 1220 3389; x_wconf 87' lang='lat' dir='ltr'><strong>voluit,</strong></span> <span class='ocrx_word' id='word_1_253' title='bbox 1245 3317 1363 3396; x_wconf 61' lang='lat' dir='ltr'><strong>quanm</strong></span> <span class='ocrx_word' id='word_1_254' title='bbox 1378 3319 1489 3397; x_wconf 89' lang='lat' dir='ltr'><strong>potuit,</strong></span> 
     </span>
     <span class='ocr_line' id='line_1_28' title="bbox 272 3415 1490 3494; baseline 0.006 -20"><span class='ocrx_word' id='word_1_255' title='bbox 272 3454 277 3462; x_wconf 89' lang='lat'><strong>·</strong></span> <span class='ocrx_word' id='word_1_256' title='bbox 313 3415 431 3493; x_wconf 69' lang='lat' dir='ltr'><strong>quaudo</strong></span> <span class='ocrx_word' id='word_1_257' title='bbox 446 3415 519 3476; x_wconf 92' lang='lat' dir='ltr'><strong>bora</strong></span> <span class='ocrx_word' id='word_1_258' title='bbox 535 3415 630 3477; x_wconf 89' lang='lat' dir='ltr'><strong>latalis</strong></span> <span class='ocrx_word' id='word_1_259' title='bbox 646 3415 772 3476; x_wconf 82' lang='lat' dir='ltr'><strong>advenit.</strong></span> <span class='ocrx_word' id='word_1_260' title='bbox 809 3416 950 3476; x_wconf 87' lang='lat' dir='ltr'><strong>Fortasse</strong></span> <span class='ocrx_word' id='word_1_261' title='bbox 973 3415 1052 3476; x_wconf 88' lang='lat' dir='ltr'><strong>cuim</strong></span> <span class='ocrx_word' id='word_1_262' title='bbox 1069 3416 1266 3478; x_wconf 89' lang='lat' dir='ltr'><strong>¹anabibazou</strong></span> <span class='ocrx_word' id='word_1_263' title='bbox 1280 3417 1309 3478; x_wconf 92' lang='lat' dir='ltr'><strong>ei</strong></span> <span class='ocrx_word' id='word_1_264' title='bbox 1325 3418 1490 3494; x_wconf 72' lang='lat' dir='ltr'><strong>obstabat,</strong></span> 
     </span>
    </p>
   </div>
   <div class='ocr_carea' id='block_1_3' title="bbox 313 3565 1490 3826">
    <p class='ocr_par' dir='ltr' id='par_1_3' title="bbox 313 3565 1490 3762">
     <span class='ocr_line' id='line_1_29' title="bbox 313 3565 1489 3635; baseline 0.007 -22"><span class='ocrx_word' id='word_1_265' title='bbox 313 3565 336 3613; x_wconf 83' lang='lat'><strong>2.</strong></span> <span class='ocrx_word' id='word_1_266' title='bbox 355 3566 494 3613; x_wconf 88' lang='lat' dir='ltr'><strong>dinoscetur</strong></span> <span class='ocrx_word' id='word_1_267' title='bbox 513 3567 536 3614; x_wconf 85' lang='lat' dir='ltr'><strong>d.</strong></span> <span class='ocrx_word' id='word_1_268' title='bbox 578 3567 616 3615; x_wconf 87' lang='lat' dir='ltr'><strong>dei</strong></span> <span class='ocrx_word' id='word_1_269' title='bbox 634 3569 773 3616; x_wconf 82' lang='lat' dir='ltr'><strong>dinoscetur</strong></span> <span class='ocrx_word' id='word_1_270' title='bbox 790 3567 834 3616; x_wconf 80' lang='lat' dir='ltr'><strong>lu.</strong></span> <span class='ocrx_word' id='word_1_271' title='bbox 877 3566 915 3614; x_wconf 91' lang='lat' dir='ltr'><strong>dei</strong></span> <span class='ocrx_word' id='word_1_272' title='bbox 934 3566 1083 3627; x_wconf 85' lang='lat' dir='ltr'><strong>dignoscitur</strong></span> <span class='ocrx_word' id='word_1_273' title='bbox 1100 3568 1145 3629; x_wconf 86' lang='lat' dir='ltr'><strong>(oei</strong></span> <span class='ocrx_word' id='word_1_274' title='bbox 1162 3568 1304 3624; x_wconf 86' lang='lat' dir='ltr'><strong>dinoscitur)</strong></span> <span class='ocrx_word' id='word_1_275' title='bbox 1322 3571 1417 3635; x_wconf 75' lang='lat' dir='ltr'><strong>reliqui.</strong></span> <span class='ocrx_word' id='word_1_276' title='bbox 1463 3570 1489 3621; x_wconf 83' lang='grc'><strong>3.</strong></span> 
     </span>
     <span class='ocr_line' id='line_1_30' title="bbox 313 3632 1490 3693; baseline 0.008 -16"><span class='ocrx_word' id='word_1_277' title='bbox 313 3632 353 3693; x_wconf 90' lang='lat' dir='ltr'><strong>qui</strong></span> <span class='ocrx_word' id='word_1_278' title='bbox 371 3632 412 3678; x_wconf 76' lang='lat' dir='ltr'><strong>AB.</strong></span> <span class='ocrx_word' id='word_1_279' title='bbox 465 3632 490 3678; x_wconf 66' lang='lat' dir='ltr'><strong>b</strong></span> <span class='ocrx_word' id='word_1_280' title='bbox 508 3632 610 3680; x_wconf 89' lang='lat' dir='ltr'><strong>deducto</strong></span> <span class='ocrx_word' id='word_1_281' title='bbox 629 3637 663 3683; x_wconf 89' lang='lat' dir='ltr'><strong>bc.</strong></span> <span class='ocrx_word' id='word_1_282' title='bbox 705 3635 805 3682; x_wconf 91' lang='lat' dir='ltr'><strong>deducta</strong></span> <span class='ocrx_word' id='word_1_283' title='bbox 824 3633 899 3682; x_wconf 77' lang='lat' dir='ltr'><strong>Abda.</strong></span> <span class='ocrx_word' id='word_1_284' title='bbox 940 3634 1050 3683; x_wconf 88' lang='lat' dir='ltr'><strong>deductis</strong></span> <span class='ocrx_word' id='word_1_285' title='bbox 1069 3637 1092 3684; x_wconf 87' lang='lat' dir='ltr'><strong>d.</strong></span> <span class='ocrx_word' id='word_1_286' title='bbox 1132 3634 1249 3685; x_wconf 88' lang='lat' dir='ltr'><strong>deductus</strong></span> <span class='ocrx_word' id='word_1_287' title='bbox 1268 3636 1402 3688; x_wconf 80' lang='lat' dir='ltr'><strong>Gorriensir</strong></span> <span class='ocrx_word' id='word_1_288' title='bbox 1419 3639 1490 3689; x_wconf 82' lang='lat' dir='ltr'><strong>iiber.</strong></span> 
     </span>
     <span class='ocr_line' id='line_1_31' title="bbox 313 3696 1059 3762; baseline 0.007 -17"><span class='ocrx_word' id='word_1_289' title='bbox 313 3696 338 3745; x_wconf 81' lang='lat'><strong>5.</strong></span> <span class='ocrx_word' id='word_1_290' title='bbox 356 3710 402 3758; x_wconf 86' lang='lat' dir='ltr'><strong>qua</strong></span> <span class='ocrx_word' id='word_1_291' title='bbox 421 3697 459 3745; x_wconf 87' lang='lat' dir='ltr'><strong>Fr.</strong></span> <span class='ocrx_word' id='word_1_292' title='bbox 471 3698 557 3747; x_wconf 84' lang='lat' dir='ltr'><strong>lunius.</strong></span> <span class='ocrx_word' id='word_1_293' title='bbox 611 3698 634 3747; x_wconf 87' lang='lat'><strong>6.</strong></span> <span class='ocrx_word' id='word_1_294' title='bbox 655 3708 677 3747; x_wconf 86' lang='lat' dir='ltr'><strong>et</strong></span> <span class='ocrx_word' id='word_1_295' title='bbox 696 3703 730 3750; x_wconf 85' lang='lat' dir='ltr'><strong>be.</strong></span> <span class='ocrx_word' id='word_1_296' title='bbox 783 3700 806 3748; x_wconf 82' lang='grc'><strong>7.</strong></span> <span class='ocrx_word' id='word_1_297' title='bbox 828 3700 999 3762; x_wconf 81' lang='lat' dir='ltr'><strong>exprobatione</strong></span> <span class='ocrx_word' id='word_1_298' title='bbox 1016 3702 1059 3751; x_wconf 82' lang='lat' dir='ltr'><strong>ta.</strong></span> 
     </span>
    </p>

    <p class='ocr_par' dir='ltr' id='par_1_4' title="bbox 381 3763 988 3826">
     <span class='ocr_line' id='line_1_32' title="bbox 381 3763 988 3826; baseline 0.012 -15"><span class='ocrx_word' id='word_1_299' title='bbox 381 3763 439 3826; x_wconf 85' lang='lat' dir='ltr'><strong>Cap.</strong></span> <span class='ocrx_word' id='word_1_300' title='bbox 458 3763 536 3812; x_wconf 80' lang='lat' dir='ltr'><strong>ttttt.</strong></span> <span class='ocrx_word' id='word_1_301' title='bbox 574 3763 595 3812; x_wconf 88' lang='lat' dir='ltr'><strong>l.</strong></span> <span class='ocrx_word' id='word_1_302' title='bbox 614 3765 772 3815; x_wconf 77' lang='lat' dir='ltr'><strong>anabibaloue</strong></span> <span class='ocrx_word' id='word_1_303' title='bbox 791 3766 830 3815; x_wconf 91' lang='lat' dir='ltr'><strong>iob</strong></span> <span class='ocrx_word' id='word_1_304' title='bbox 849 3767 928 3816; x_wconf 83' lang='lat' dir='ltr'><strong>stabat</strong></span> <span class='ocrx_word' id='word_1_305' title='bbox 944 3768 988 3818; x_wconf 79' lang='lat' dir='ltr'><strong>la.</strong></span> 
     </span>
    </p>
   </div>
   <div class='ocr_carea' id='block_1_4' title="bbox 310 3895 1492 4911">
    <p class='ocr_par' dir='ltr' id='par_1_5' title="bbox 312 3895 1492 4235">
     <span class='ocr_line' id='line_1_33' title="bbox 313 3895 1491 3969; baseline 0.011 -27"><span class='ocrx_word' id='word_1_306' title='bbox 313 3895 456 3943; x_wconf 72' lang='lat' dir='ltr'><strong>Marcionem</strong></span> <span class='ocrx_word' id='word_1_307' title='bbox 481 3903 503 3945; x_wconf 91' lang='lat' dir='ltr'><strong>et</strong></span> <span class='ocrx_word' id='word_1_308' title='bbox 526 3895 643 3959; x_wconf 74' lang='lat' dir='ltr'><strong>Apellam,</strong></span> <span class='ocrx_word' id='word_1_309' title='bbox 668 3898 792 3959; x_wconf 81' lang='lat' dir='ltr'><strong>formicae,</strong></span> <span class='ocrx_word' id='word_1_310' title='bbox 819 3915 873 3949; x_wconf 87' lang='lat' dir='ltr'><strong>rer·</strong></span> <span class='ocrx_word' id='word_1_311' title='bbox 923 3901 1014 3958; x_wconf 85' lang='lat' dir='ltr'><strong>(besid.</strong></span> <span class='ocrx_word' id='word_1_312' title='bbox 1038 3901 1136 3950; x_wconf 90' lang='lat' dir='ltr'><strong>llerald.</strong></span> <span class='ocrx_word' id='word_1_313' title='bbox 1156 3901 1261 3964; x_wconf 84' lang='lat' dir='ltr'><strong>Digress.</strong></span> <span class='ocrx_word' id='word_1_314' title='bbox 1279 3901 1354 3962; x_wconf 72' lang='lat' dir='ltr'><strong>tta.</strong></span> <span class='ocrx_word' id='word_1_315' title='bbox 1379 3903 1491 3969; x_wconf 53' lang='lat' dir='ltr'><strong>p325&#39;l.)</strong></span> 
     </span>
     <span class='ocr_line' id='line_1_34' title="bbox 312 3961 1492 4035; baseline 0.013 -27"><span class='ocrx_word' id='word_1_316' title='bbox 312 3962 401 4018; x_wconf 80' lang='lat' dir='ltr'><strong>mium,</strong></span> <span class='ocrx_word' id='word_1_317' title='bbox 429 3961 546 4020; x_wconf 90' lang='lat' dir='ltr'><strong>culicum,</strong></span> <span class='ocrx_word' id='word_1_318' title='bbox 576 3964 737 4024; x_wconf 79' lang='lat' dir='ltr'><strong>locustarum,</strong></span> <span class='ocrx_word' id='word_1_319' title='bbox 769 3967 871 4016; x_wconf 88' lang='lat' dir='ltr'><strong>alterum</strong></span> <span class='ocrx_word' id='word_1_320' title='bbox 925 3968 1050 4034; x_wconf 33' lang='lat' dir='ltr'><strong>liuofsuut</strong></span> <span class='ocrx_word' id='word_1_321' title='bbox 1069 3970 1120 4017; x_wconf 88' lang='lat' dir='ltr'><strong>loca</strong></span> <span class='ocrx_word' id='word_1_322' title='bbox 1140 3968 1175 4018; x_wconf 87' lang='lat' dir='ltr'><strong>vel</strong></span> <span class='ocrx_word' id='word_1_323' title='bbox 1200 3977 1286 4033; x_wconf 86' lang='lat' dir='ltr'><strong>puncta</strong></span> <span class='ocrx_word' id='word_1_324' title='bbox 1305 3971 1426 4033; x_wconf 77' lang='lat' dir='ltr'><strong>ecliptica,</strong></span> <span class='ocrx_word' id='word_1_325' title='bbox 1446 3988 1492 4035; x_wconf 80' lang='lat' dir='ltr'><strong>per</strong></span> 
     </span>
     <span class='ocr_line' id='line_1_35' title="bbox 313 4027 1492 4100; baseline 0.011 -24"><span class='ocrx_word' id='word_1_326' title='bbox 313 4027 381 4085; x_wconf 83' lang='lat' dir='ltr'><strong>caeli,</strong></span> <span class='ocrx_word' id='word_1_327' title='bbox 400 4035 486 4086; x_wconf 87' lang='lat' dir='ltr'><strong>terrac,</strong></span> <span class='ocrx_word' id='word_1_328' title='bbox 506 4031 579 4078; x_wconf 83' lang='lat' dir='ltr'><strong>maris</strong></span> <span class='ocrx_word' id='word_1_329' title='bbox 593 4034 765 4092; x_wconf 80' lang='lat' dir='ltr'><strong>etangelorum</strong></span> <span class='ocrx_word' id='word_1_330' title='bbox 785 4035 874 4084; x_wconf 89' lang='lat' dir='ltr'><strong>debent</strong></span> <span class='ocrx_word' id='word_1_331' title='bbox 924 4050 1026 4098; x_wconf 90' lang='lat' dir='ltr'><strong>qnorum</strong></span> <span class='ocrx_word' id='word_1_332' title='bbox 1046 4037 1147 4083; x_wconf 85' lang='lat' dir='ltr'><strong>alterum</strong></span> <span class='ocrx_word' id='word_1_333' title='bbox 1167 4035 1222 4085; x_wconf 89' lang='lat' dir='ltr'><strong>luna</strong></span> <span class='ocrx_word' id='word_1_334' title='bbox 1241 4051 1324 4086; x_wconf 80' lang='lat' dir='ltr'><strong>verses</strong></span> <span class='ocrx_word' id='word_1_335' title='bbox 1338 4041 1492 4100; x_wconf 79' lang='lat' dir='ltr'><strong>septentrio-</strong></span> 
     </span>
     <span class='ocr_line' id='line_1_36' title="bbox 312 4092 1491 4166; baseline 0.012 -23"><span class='ocrx_word' id='word_1_336' title='bbox 312 4095 492 4143; x_wconf 86' lang='lat' dir='ltr'><strong>iatrodurere.“</strong></span> <span class='ocrx_word' id='word_1_337' title='bbox 519 4098 609 4155; x_wconf 78' lang='lat' dir='ltr'><strong>(liesid.</strong></span> <span class='ocrx_word' id='word_1_338' title='bbox 636 4099 732 4149; x_wconf 85' lang='lat' dir='ltr'><strong>ilerald.</strong></span> <span class='ocrx_word' id='word_1_339' title='bbox 751 4103 872 4151; x_wconf 76' lang='lat' dir='ltr'><strong>animadv.</strong></span> <span class='ocrx_word' id='word_1_340' title='bbox 924 4116 978 4150; x_wconf 91' lang='lat' dir='ltr'><strong>nem</strong></span> <span class='ocrx_word' id='word_1_341' title='bbox 998 4092 1199 4164; x_wconf 74' lang='grc' dir='ltr'><strong>ἀναβιβάζεται,</strong></span> <span class='ocrx_word' id='word_1_342' title='bbox 1220 4118 1264 4166; x_wconf 91' lang='lat' dir='ltr'><strong>per</strong></span> <span class='ocrx_word' id='word_1_343' title='bbox 1281 4104 1384 4154; x_wconf 85' lang='lat' dir='ltr'><strong>alterum</strong></span> <span class='ocrx_word' id='word_1_344' title='bbox 1404 4122 1491 4157; x_wconf 76' lang='lat' dir='ltr'><strong>aereus</strong></span> 
     </span>
     <span class='ocr_line' id='line_1_37' title="bbox 312 4162 1492 4235; baseline 0.009 -25"><span class='ocrx_word' id='word_1_345' title='bbox 312 4162 341 4210; x_wconf 85' lang='lat' dir='ltr'><strong>ad</strong></span> <span class='ocrx_word' id='word_1_346' title='bbox 360 4164 449 4210; x_wconf 78' lang='lat' dir='ltr'><strong>brnob.</strong></span> <span class='ocrx_word' id='word_1_347' title='bbox 468 4162 549 4221; x_wconf 83' lang='lat' dir='ltr'><strong>libll,</strong></span> <span class='ocrx_word' id='word_1_348' title='bbox 569 4180 620 4228; x_wconf 87' lang='lat' dir='ltr'><strong>cap.</strong></span> <span class='ocrx_word' id='word_1_349' title='bbox 635 4166 676 4214; x_wconf 78' lang='lat' dir='ltr'><strong>dl.</strong></span> <span class='ocrx_word' id='word_1_350' title='bbox 697 4183 719 4229; x_wconf 89' lang='lat' dir='ltr'><strong>p.</strong></span> <span class='ocrx_word' id='word_1_351' title='bbox 733 4167 779 4217; x_wconf 89' lang='grc'><strong>106</strong></span> <span class='ocrx_word' id='word_1_352' title='bbox 790 4171 839 4232; x_wconf 65' lang='lat' dir='ltr'><strong>sq.)</strong></span> <span class='ocrx_word' id='word_1_353' title='bbox 923 4178 1031 4218; x_wconf 86' lang='lat' dir='ltr'><strong>austrum</strong></span> <span class='ocrx_word' id='word_1_354' title='bbox 1053 4166 1269 4232; x_wconf 70' lang='grc' dir='ltr'>καταβιβάζεται</span> <span class='ocrx_word' id='word_1_355' title='bbox 1304 4162 1492 4235; x_wconf 74' lang='grc' dir='ltr'>Ἀναβιβιὶζων</span> 
     </span>
    </p>

    <p class='ocr_par' dir='ltr' id='par_1_6' title="bbox 313 4228 1490 4369">
     <span class='ocr_line' id='line_1_38' title="bbox 346 4228 1489 4304; baseline 0.012 -29"><span class='ocrx_word' id='word_1_356' title='bbox 346 4228 369 4276; x_wconf 89' lang='lat' dir='ltr'><strong>b.</strong></span> <span class='ocrx_word' id='word_1_357' title='bbox 389 4228 552 4293; x_wconf 74' lang='lat' dir='ltr'><strong>necessarior]</strong></span> <span class='ocrx_word' id='word_1_358' title='bbox 572 4232 607 4281; x_wconf 83' lang='lat' dir='ltr'><strong>ct.</strong></span> <span class='ocrx_word' id='word_1_359' title='bbox 627 4235 718 4282; x_wconf 87' lang='lat' dir='ltr'><strong>adoott.</strong></span> <span class='ocrx_word' id='word_1_360' title='bbox 736 4236 766 4284; x_wconf 90' lang='lat' dir='ltr'><strong>ad</strong></span> <span class='ocrx_word' id='word_1_361' title='bbox 780 4236 812 4284; x_wconf 83' lang='lat' dir='ltr'><strong>lie</strong></span> <span class='ocrx_word' id='word_1_362' title='bbox 827 4237 872 4285; x_wconf 84' lang='lat' dir='ltr'><strong>Pa·</strong></span> <span class='ocrx_word' id='word_1_363' title='bbox 924 4244 961 4284; x_wconf 89' lang='lat' dir='ltr'><strong>est</strong></span> <span class='ocrx_word' id='word_1_364' title='bbox 979 4236 1084 4295; x_wconf 84' lang='lat' dir='ltr'><strong>elevans,</strong></span> <span class='ocrx_word' id='word_1_365' title='bbox 1109 4252 1156 4286; x_wconf 91' lang='lat' dir='ltr'><strong>non</strong></span> <span class='ocrx_word' id='word_1_366' title='bbox 1176 4239 1319 4296; x_wconf 82' lang='lat' dir='ltr'><strong>ascendere,</strong></span> <span class='ocrx_word' id='word_1_367' title='bbox 1337 4234 1489 4304; x_wconf 75' lang='grc' dir='ltr'>καταβιβά-</span> 
     </span>
     <span class='ocr_line' id='line_1_39' title="bbox 313 4295 1490 4369; baseline 0.013 -26"><span class='ocrx_word' id='word_1_368' title='bbox 313 4295 378 4344; x_wconf 89' lang='lat' dir='ltr'><strong>tient.</strong></span> <span class='ocrx_word' id='word_1_369' title='bbox 399 4296 504 4358; x_wconf 84' lang='lat' dir='ltr'><strong>capii.</strong></span> <span class='ocrx_word' id='word_1_370' title='bbox 586 4334 593 4348; x_wconf 86' lang='lat'><strong>.</strong></span> <span class='ocrx_word' id='word_1_371' title='bbox 924 4299 978 4358; x_wconf 80' lang='grc' dir='ltr'><strong>ζων</strong></span> <span class='ocrx_word' id='word_1_372' title='bbox 996 4304 1123 4363; x_wconf 84' lang='lat' dir='ltr'><strong>derebeus,</strong></span> <span class='ocrx_word' id='word_1_373' title='bbox 1152 4305 1176 4354; x_wconf 91' lang='lat' dir='ltr'><strong>id</strong></span> <span class='ocrx_word' id='word_1_374' title='bbox 1201 4313 1237 4354; x_wconf 85' lang='lat' dir='ltr'><strong>est</strong></span> <span class='ocrx_word' id='word_1_375' title='bbox 1255 4305 1369 4355; x_wconf 84' lang='lat' dir='ltr'><strong>deorsum</strong></span> <span class='ocrx_word' id='word_1_376' title='bbox 1389 4311 1490 4369; x_wconf 79' lang='lat' dir='ltr'><strong>rebeus,</strong></span> 
     </span>
    </p>

    <p class='ocr_par' dir='ltr' id='par_1_7' title="bbox 346 4360 1489 4437">
     <span class='ocr_line' id='line_1_40' title="bbox 346 4360 1489 4437; baseline 0.014 -27"><span class='ocrx_word' id='word_1_377' title='bbox 346 4378 365 4410; x_wconf 92' lang='lat' dir='ltr'><strong>c.</strong></span> <span class='ocrx_word' id='word_1_378' title='bbox 385 4364 441 4410; x_wconf 88' lang='lat' dir='ltr'><strong>alibi</strong></span> <span class='ocrx_word' id='word_1_379' title='bbox 462 4360 627 4429; x_wconf 77' lang='lat' dir='ltr'><strong>implebimus]</strong></span> <span class='ocrx_word' id='word_1_380' title='bbox 646 4366 709 4414; x_wconf 86' lang='lat' dir='ltr'><strong>lnlra</strong></span> <span class='ocrx_word' id='word_1_381' title='bbox 728 4368 838 4429; x_wconf 54' lang='lat' dir='ltr'><strong>repsit.</strong></span> <span class='ocrx_word' id='word_1_382' title='bbox 925 4385 973 4418; x_wconf 89' lang='lat' dir='ltr'><strong>non</strong></span> <span class='ocrx_word' id='word_1_383' title='bbox 985 4370 1143 4420; x_wconf 81' lang='lat' dir='ltr'><strong>descendens.</strong></span> <span class='ocrx_word' id='word_1_384' title='bbox 1171 4372 1268 4433; x_wconf 84' lang='lat' dir='ltr'><strong>biegnae</strong></span> <span class='ocrx_word' id='word_1_385' title='bbox 1283 4379 1385 4436; x_wconf 84' lang='lat' dir='ltr'><strong>uterque</strong></span> <span class='ocrx_word' id='word_1_386' title='bbox 1404 4376 1427 4424; x_wconf 88' lang='lat' dir='ltr'><strong>iu</strong></span> <span class='ocrx_word' id='word_1_387' title='bbox 1446 4390 1489 4437; x_wconf 88' lang='lat' dir='ltr'><strong>ge·</strong></span> 
     </span>
    </p>

    <p class='ocr_par' dir='ltr' id='par_1_8' title="bbox 310 4429 1489 4911">
     <span class='ocr_line' id='line_1_41' title="bbox 347 4429 1489 4506; baseline 0.013 -29"><span class='ocrx_word' id='word_1_388' title='bbox 347 4429 405 4490; x_wconf 84' lang='lat' dir='ltr'><strong>Cap.</strong></span> <span class='ocrx_word' id='word_1_389' title='bbox 423 4430 501 4478; x_wconf 85' lang='lat' dir='ltr'><strong>xt&#39;ttl.</strong></span> <span class='ocrx_word' id='word_1_390' title='bbox 537 4447 557 4478; x_wconf 88' lang='lat' dir='ltr'><strong>a.</strong></span> <span class='ocrx_word' id='word_1_391' title='bbox 576 4434 724 4482; x_wconf 76' lang='lat' dir='ltr'><strong>analiibazou</strong></span> <span class='ocrx_word' id='word_1_392' title='bbox 750 4437 770 4482; x_wconf 89' lang='lat' dir='ltr'><strong>ei</strong></span> <span class='ocrx_word' id='word_1_393' title='bbox 790 4437 873 4485; x_wconf 88' lang='lat' dir='ltr'><strong>obsta·</strong></span> <span class='ocrx_word' id='word_1_394' title='bbox 925 4438 1023 4487; x_wconf 79' lang='lat' dir='ltr'><strong>necibus</strong></span> <span class='ocrx_word' id='word_1_395' title='bbox 1041 4439 1190 4488; x_wconf 81' lang='lat' dir='ltr'><strong>auctoritatis</strong></span> <span class='ocrx_word' id='word_1_396' title='bbox 1208 4442 1385 4502; x_wconf 85' lang='lat' dir='ltr'><strong>etpotestatis‚</strong></span> <span class='ocrx_word' id='word_1_397' title='bbox 1407 4444 1489 4506; x_wconf 79' lang='lat' dir='ltr'><strong>etqui</strong></span> 
     </span>
     <span class='ocr_line' id='line_1_42' title="bbox 312 4491 1488 4574; baseline 0.013 -33"><span class='ocrx_word' id='word_1_398' title='bbox 312 4491 365 4559; x_wconf 90' lang='lat' dir='ltr'><strong>bat]</strong></span> <span class='ocrx_word' id='word_1_399' title='bbox 385 4496 476 4545; x_wconf 87' lang='lat' dir='ltr'><strong>blordet</strong></span> <span class='ocrx_word' id='word_1_400' title='bbox 494 4498 572 4547; x_wconf 88' lang='lat' dir='ltr'><strong>obiter</strong></span> <span class='ocrx_word' id='word_1_401' title='bbox 596 4508 619 4548; x_wconf 91' lang='lat' dir='ltr'><strong>et</strong></span> <span class='ocrx_word' id='word_1_402' title='bbox 637 4501 732 4561; x_wconf 86' lang='lat' dir='ltr'><strong>stringit</strong></span> <span class='ocrx_word' id='word_1_403' title='bbox 748 4516 873 4552; x_wconf 85' lang='lat' dir='ltr'><strong>sarcasmo</strong></span> <span class='ocrx_word' id='word_1_404' title='bbox 926 4519 979 4565; x_wconf 82' lang='lat' dir='ltr'><strong>eum</strong></span> <span class='ocrx_word' id='word_1_405' title='bbox 999 4520 1054 4553; x_wconf 83' lang='lat' dir='ltr'><strong>cura</strong></span> <span class='ocrx_word' id='word_1_406' title='bbox 1074 4507 1268 4567; x_wconf 78' lang='lat' dir='ltr'><strong>investigabatur,</strong></span> <span class='ocrx_word' id='word_1_407' title='bbox 1287 4514 1310 4556; x_wconf 85' lang='lat' dir='ltr'><strong>et</strong></span> <span class='ocrx_word' id='word_1_408' title='bbox 1323 4509 1455 4574; x_wconf 87' lang='lat' dir='ltr'><strong>praecipue</strong></span> <span class='ocrx_word' id='word_1_409' title='bbox 1473 4500 1488 4556; x_wconf 76' lang='grc' dir='ltr'><strong><em>ὃ</em></strong></span> 
     </span>
     <span class='ocr_line' id='line_1_43' title="bbox 312 4563 1489 4634; baseline 0.014 -24"><span class='ocrx_word' id='word_1_410' title='bbox 312 4576 371 4610; x_wconf 84' lang='lat' dir='ltr'><strong>sane</strong></span> <span class='ocrx_word' id='word_1_411' title='bbox 394 4564 529 4613; x_wconf 78' lang='lat' dir='ltr'><strong>salsissimo</strong></span> <span class='ocrx_word' id='word_1_412' title='bbox 556 4566 724 4626; x_wconf 77' lang='lat' dir='ltr'><strong>Marcionitas,</strong></span> <span class='ocrx_word' id='word_1_413' title='bbox 751 4570 791 4631; x_wconf 94' lang='lat' dir='ltr'><strong>qui</strong></span> <span class='ocrx_word' id='word_1_414' title='bbox 819 4587 873 4620; x_wconf 90' lang='lat' dir='ltr'><strong>cnm</strong></span> <span class='ocrx_word' id='word_1_415' title='bbox 926 4563 1106 4634; x_wconf 74' lang='grc' dir='ltr'>ἀναβιβάζων.</span> <span class='ocrx_word' id='word_1_416' title='bbox 1132 4573 1192 4622; x_wconf 83' lang='lat' dir='ltr'><strong>Nam</strong></span> <span class='ocrx_word' id='word_1_417' title='bbox 1211 4574 1231 4622; x_wconf 85' lang='lat' dir='ltr'><strong>si</strong></span> <span class='ocrx_word' id='word_1_418' title='bbox 1250 4574 1336 4623; x_wconf 86' lang='lat' dir='ltr'><strong>stellae</strong></span> <span class='ocrx_word' id='word_1_419' title='bbox 1354 4575 1378 4625; x_wconf 89' lang='lat' dir='ltr'><strong>iu</strong></span> <span class='ocrx_word' id='word_1_420' title='bbox 1397 4592 1427 4626; x_wconf 91' lang='lat' dir='ltr'><strong>eo</strong></span> <span class='ocrx_word' id='word_1_421' title='bbox 1446 4577 1489 4625; x_wconf 85' lang='lat' dir='ltr'><strong>be·</strong></span> 
     </span>
     <span class='ocr_line' id='line_1_44' title="bbox 313 4630 1489 4704; baseline 0.014 -26"><span class='ocrx_word' id='word_1_422' title='bbox 313 4630 383 4678; x_wconf 88' lang='lat' dir='ltr'><strong>deum</strong></span> <span class='ocrx_word' id='word_1_423' title='bbox 403 4638 536 4680; x_wconf 89' lang='lat' dir='ltr'><strong>creatorem</strong></span> <span class='ocrx_word' id='word_1_424' title='bbox 555 4634 723 4697; x_wconf 84' lang='lat' dir='ltr'><strong>reprobarent,</strong></span> <span class='ocrx_word' id='word_1_425' title='bbox 748 4636 777 4685; x_wconf 88' lang='lat' dir='ltr'><strong>de</strong></span> <span class='ocrx_word' id='word_1_426' title='bbox 795 4639 874 4688; x_wconf 87' lang='lat' dir='ltr'><strong>stellis</strong></span> <span class='ocrx_word' id='word_1_427' title='bbox 925 4640 1015 4688; x_wconf 86' lang='lat' dir='ltr'><strong>nebcae</strong></span> <span class='ocrx_word' id='word_1_428' title='bbox 1034 4639 1206 4704; x_wconf 87' lang='lat' dir='ltr'><strong>reperirentur,</strong></span> <span class='ocrx_word' id='word_1_429' title='bbox 1231 4643 1327 4701; x_wconf 82' lang='lat' dir='ltr'><strong>genesis</strong></span> <span class='ocrx_word' id='word_1_430' title='bbox 1345 4645 1418 4693; x_wconf 80' lang='lat' dir='ltr'><strong>etiem</strong></span> <span class='ocrx_word' id='word_1_431' title='bbox 1437 4659 1489 4693; x_wconf 85' lang='lat' dir='ltr'><strong>me·</strong></span> 
     </span>
     <span class='ocr_line' id='line_1_45' title="bbox 310 4698 1489 4771; baseline 0.014 -27"><span class='ocrx_word' id='word_1_432' title='bbox 310 4698 440 4745; x_wconf 86' lang='lat' dir='ltr'><strong>tamenab</strong></span> <span class='ocrx_word' id='word_1_433' title='bbox 460 4712 488 4746; x_wconf 90' lang='lat' dir='ltr'><strong>eo</strong></span> <span class='ocrx_word' id='word_1_434' title='bbox 508 4703 594 4749; x_wconf 88' lang='lat' dir='ltr'><strong>creatis</strong></span> <span class='ocrx_word' id='word_1_435' title='bbox 618 4702 694 4749; x_wconf 85' lang='lat' dir='ltr'><strong>rirerc</strong></span> <span class='ocrx_word' id='word_1_436' title='bbox 719 4717 766 4751; x_wconf 89' lang='lat' dir='ltr'><strong>ooo</strong></span> <span class='ocrx_word' id='word_1_437' title='bbox 785 4706 874 4755; x_wconf 84' lang='lat' dir='ltr'><strong>erobe-</strong></span> <span class='ocrx_word' id='word_1_438' title='bbox 926 4706 1015 4756; x_wconf 88' lang='lat' dir='ltr'><strong>diocris</strong></span> <span class='ocrx_word' id='word_1_439' title='bbox 1033 4716 1056 4757; x_wconf 90' lang='lat' dir='ltr'><strong>et</strong></span> <span class='ocrx_word' id='word_1_440' title='bbox 1074 4708 1164 4756; x_wconf 85' lang='lat' dir='ltr'><strong>abiecta</strong></span> <span class='ocrx_word' id='word_1_441' title='bbox 1189 4708 1340 4771; x_wconf 86' lang='lat' dir='ltr'><strong>splendidior</strong></span> <span class='ocrx_word' id='word_1_442' title='bbox 1367 4718 1392 4760; x_wconf 87' lang='lat' dir='ltr'><strong>et</strong></span> <span class='ocrx_word' id='word_1_443' title='bbox 1410 4720 1489 4761; x_wconf 72' lang='lat' dir='ltr'><strong>erecte</strong></span> 
     </span>
     <span class='ocr_line' id='line_1_46' title="bbox 312 4766 1489 4837; baseline 0.012 -26"><span class='ocrx_word' id='word_1_444' title='bbox 312 4773 417 4822; x_wconf 84' lang='lat' dir='ltr'><strong>scereut,</strong></span> <span class='ocrx_word' id='word_1_445' title='bbox 436 4766 524 4829; x_wconf 90' lang='lat' dir='ltr'><strong>quippe</strong></span> <span class='ocrx_word' id='word_1_446' title='bbox 535 4782 681 4817; x_wconf 85' lang='lat' dir='ltr'><strong>cumeorum</strong></span> <span class='ocrx_word' id='word_1_447' title='bbox 698 4769 809 4835; x_wconf 88' lang='lat' dir='ltr'><strong>plerique</strong></span> <span class='ocrx_word' id='word_1_448' title='bbox 822 4787 873 4821; x_wconf 86' lang='lat' dir='ltr'><strong>ma·</strong></span> <span class='ocrx_word' id='word_1_449' title='bbox 926 4774 1053 4823; x_wconf 83' lang='lat' dir='ltr'><strong>eradebat:</strong></span> <span class='ocrx_word' id='word_1_450' title='bbox 1081 4774 1164 4825; x_wconf 86' lang='lat' dir='ltr'><strong>Graeci</strong></span> <span class='ocrx_word' id='word_1_451' title='bbox 1188 4774 1329 4830; x_wconf 65' lang='lat' dir='ltr'><strong>„icontie</strong></span> <span class='ocrx_word' id='word_1_452' title='bbox 1346 4771 1446 4837; x_wconf 71' lang='grc' dir='ltr'>δεήσει,</span> <span class='ocrx_word' id='word_1_453' title='bbox 1465 4769 1489 4826; x_wconf 79' lang='lat' dir='ltr'><strong>el</strong></span> 
     </span>
     <span class='ocr_line' id='line_1_47' title="bbox 312 4832 1487 4911; baseline 0.013 -31"><span class='ocrx_word' id='word_1_454' title='bbox 312 4832 433 4883; x_wconf 76' lang='lat' dir='ltr'><strong>theoretici</strong></span> <span class='ocrx_word' id='word_1_455' title='bbox 456 4841 547 4896; x_wconf 78' lang='lat' dir='ltr'><strong>esseut,</strong></span> <span class='ocrx_word' id='word_1_456' title='bbox 575 4837 724 4887; x_wconf 78' lang='lat' dir='ltr'><strong>coniectores</strong></span> <span class='ocrx_word' id='word_1_457' title='bbox 748 4845 772 4889; x_wconf 91' lang='lat' dir='ltr'><strong>et</strong></span> <span class='ocrx_word' id='word_1_458' title='bbox 794 4840 874 4890; x_wconf 85' lang='lat' dir='ltr'><strong>arioli.</strong></span> <span class='ocrx_word' id='word_1_459' title='bbox 924 4832 956 4889; x_wconf 71' lang='grc' dir='ltr'><strong>ἐν</strong></span> <span class='ocrx_word' id='word_1_460' title='bbox 973 4833 1061 4906; x_wconf 76' lang='grc' dir='ltr'><em>τούτῳ</em></span> <span class='ocrx_word' id='word_1_461' title='bbox 1075 4833 1102 4890; x_wconf 84' lang='lat' dir='ltr'><strong>oi</strong></span> <span class='ocrx_word' id='word_1_462' title='bbox 1114 4832 1284 4904; x_wconf 66' lang='lat' dir='ltr'><strong>dyaconem</strong></span> <span class='ocrx_word' id='word_1_463' title='bbox 1300 4835 1356 4893; x_wconf 74' lang='lat' dir='ltr'><strong>etet</strong></span> <span class='ocrx_word' id='word_1_464' title='bbox 1372 4840 1420 4894; x_wconf 81' lang='grc' dir='ltr'><strong>καὶ</strong></span> <span class='ocrx_word' id='word_1_465' title='bbox 1435 4837 1487 4911; x_wconf 78' lang='grc' dir='ltr'><strong>μᾶ-</strong></span> 
     </span>
    </p>
   </div>
   <div class='ocr_carea' id='block_1_5' title="bbox 0 0 1634 5775">
    <p class='ocr_par' dir='ltr' id='par_1_9' title="bbox 0 0 1634 5775">
     <span class='ocr_line' id='line_1_48' title="bbox 0 0 1634 5775; baseline 0 0"><span class='ocrx_word' id='word_1_466' title='bbox 0 0 1634 5775; x_wconf 95' lang='lat' dir='ltr'><strong> </strong></span> 
     </span>
    </p>
   </div>
  </div>
 </body>
</html>
