3242 5775
258 605 301 669 90
517 619 618 670 QUINTI
641 616 772 659 suurltit
792 614 958 659 stonsnrle
980 613 1176 657 subruptum

259 769 370 839 nihilo,
398 769 468 829 dum
491 786 551 828 uon
574 767 602 827 id
625 768 745 828 luerunt
765 765 844 845 quod
868 772 947 827 suut.
997 763 1155 823 Postremo
1183 763 1230 823 vel
1252 763 1300 825 sic
1320 783 1437 845 magna,

261 869 331 932 dum
353 869 447 942 bona,
469 868 514 929 vel
537 869 581 928 sic
602 868 676 928 deus
698 874 825 945 potens,
848 866 917 926 dum
940 863 1038 925 omnia
1061 863 1172 942 ipsius,
1195 865 1276 926 unde
1291 868 1435 929 etomui·

256 977 379 1050 potens.
412 968 455 1029 Ile
476 967 672 1048 praescientia
693 986 764 1028 vero
787 967 855 1047 quid
879 965 990 1038 dicam,
1013 983 1088 1045 quae
1110 972 1209 1026 tantos
1232 966 1324 1028 habet
1342 977 1435 1030 tester

261 1074 404 1150 quantos‘
424 1069 494 1130 lecit
514 1066 700 1148 prophetas?
742 1068 926 1146 Quamquam
955 1067 1022 1146 quis
1044 1066 1257 1145 praescientiae
1280 1068 1386 1131 titulus
1406 1069 1435 1131 ia
1460 1093 1466 1132 ι

262 1170 394 1231 omnium
417 1178 552 1241 auctore,
575 1187 633 1247 qua
654 1169 793 1229 universa
815 1169 916 1247 utique
938 1167 1127 1245 disponendo
1145 1167 1289 1247 praesciit
1303 1177 1335 1230 ιι
1348 1188 1433 1249 prae·
1463 1196 1467 1234 ι

262 1270 384 1333 sciendo
406 1267 577 1349 disposuit?
610 1278 689 1330 certe
712 1270 805 1347 ipsam
829 1272 1115 1347 transgressionem,
1138 1286 1224 1347 ιιιιιι
1248 1270 1308 1330 nisi
1328 1270 1433 1351 ‘prae-
1464 1299 1467 1339 :

254 1371 384 1442 variasset,
409 1389 463 1432 nee
484 1370 651 1431 cautionem
673 1369 737 1429 eius
759 1369 928 1447 delegasset
948 1370 1004 1431 sub
1027 1379 1107 1431 metu
1128 1368 1246 1430 mortis.
1276 1369 1373 1449 lgitur
1392 1371 1434 1433 'si
1464 1427 1467 1438 .

262 1480 293 1534 et
312 1472 433 1539 luerunt
455 1472 485 1531 in
514 1470 571 1530 deo
598 1471 673 1531 istae
701 1470 855 1531 facultates
882 1489 953 1549 prae
981 1469 1089 1549 quibus
1117 1469 1189 1531 nihd
1218 1470 1288 1531 mali
1317 1472 1434 1534 evenire
1463 1503 1467 1542 ;

261 1572 376 1634 bomini
398 1581 447 1633 aut
468 1571 615 1651 potuisset
637 1578 687 1631 aut
701 1571 869 1642 debuisset,
891 1579 921 1631 et
941 1571 1133 1632 nibilominus
1147 1571 1260 1645 evenit,
1283 1571 1434 1636 videamus
1461 1613 1467 1646 .

262 1680 293 1734 et
320 1672 451 1733 bominis
480 1671 701 1744 condicionem,
738 1690 776 1732 ne
805 1691 859 1750 per
887 1671 965 1733 illam
996 1672 1098 1751 potius
1126 1672 1258 1733 evenerit
1279 1673 1363 1752 quod
1385 1692 1437 1754 per

262 1773 352 1835 deum
367 1772 484 1834 evenire
498 1791 559 1834 non
574 1772 682 1852 potuit.
714 1772 854 1833 Liberum
877 1780 908 1833 et
928 1772 976 1835 sui
997 1773 1111 1834 arbitrii
1133 1782 1164 1834 et
1185 1792 1256 1835 suae
1278 1775 1437 1853 potestatis
1459 1811 1467 1848 ι

227 1941 230 1947 ,
262 1873 381 1935 invenio
404 1874 555 1935 hominem
577 1893 594 1933 a
616 1873 672 1933 deo
694 1872 877 1946 institutum,
900 1874 1009 1934 nullam
1023 1874 1117 1952 magis
1132 1874 1290 1952 imaginem
1306 1883 1337 1936 et
1351 1875 1437 1961 simi·
1464 1917 1467 1924 -

262 1974 416 2036 litudinem
438 1974 486 2035 dei
508 1975 537 2034 in
560 1973 610 2034 illo
632 1974 869 2034 animadvertens
892 1993 980 2052 quam
1007 1974 1154 2035 eiusmodi
1182 1983 1277 2036 status
1299 1978 1437 2039 sormam.
1461 2018 1467 2056 ,

263 2073 366 2154 Neque
388 2075 466 2136 enim
489 2075 562 2136 lacie
584 2082 614 2135 et
633 2073 838 2153 corporalibus
867 2073 954 2135 lineis
984 2085 1042 2136 tam
1069 2075 1158 2136 variis
1185 2075 1216 2135 in
1246 2093 1357 2154 genere
1379 2077 1437 2138 bu·
1457 2115 1467 2158 q

145 2234 149 2241 .
263 2193 351 2237 mano
374 2176 410 2238 ad
433 2176 609 2237 uniformem
632 2175 720 2235 deum
742 2192 902 2252 expressus
917 2184 978 2248 est,
1002 2175 1055 2235 sed
1071 2176 1100 2236 in
1117 2194 1150 2236 ea
1166 2176 1334 2238 substantia
1350 2195 1438 2257 quan
1460 2239 1467 2261 Ι

264 2276 301 2339 ub
324 2276 390 2356 ipso
413 2277 469 2339 deo
493 2276 596 2348 traxit,
630 2276 660 2336 id
688 2283 735 2336 est
762 2275 893 2336 'animae
921 2276 956 2336 ad
980 2277 1106 2336 sormam
1128 2276 1175 2337 dei
1197 2276 1464 2358 ⁹respondeutie,¹

264 2386 296 2439 et
316 2378 430 2439 arbitrii
453 2378 500 2438 sui
522 2376 656 2437 libertate
684 2383 714 2438 et
740 2383 889 2455 potestate
918 2375 1051 2454 signatus
1079 2377 1162 2437 ¹⁰est.
1213 2378 1302 2439 Hunc
1328 2381 1467 2469 statum}¹

264 2477 329 2539 cius
352 2478 537 2539 confirmavit
558 2476 645 2537 etiam
668 2477 732 2554 ipsa
753 2477 800 2537 lex
822 2485 893 2538 tuuc
912 2496 929 2537 a
951 2476 1007 2537 deo
1030 2476 1138 2555 posita.
1186 2476 1252 2539 Non
1276 2479 1359 2540 enim
1380 2499 1438 2560 po·
1461 2529 1467 2571 ἶ

263 2585 386 2638 neretur
407 2577 481 2637 ¹¹lex
502 2576 529 2636 ei
551 2577 601 2653 qui
629 2594 690 2636 non
719 2577 843 2637 baberet
871 2576 1046 2656 obsequium
1079 2576 1209 2638 debitum
1237 2578 1296 2657 legi
1324 2580 1356 2640 iu
1384 2597 1467 2666 sua

262 2684 427 2755 potestate,
449 2694 505 2738 neo
526 2694 631 2736 rursus
652 2677 843 2738 comminatio
865 2678 971 2738 mortis
994 2678 1227 2757 transgressioni
1249 2671 1462 2748 adscribere·

263 2785 330 2849 tur,
352 2777 378 2837 si
400 2795 461 2838 non
484 2784 514 2838 et
535 2777 723 2855 contemptus
746 2777 850 2855 legis
843 2796 873 2838 m
895 2777 1008 2839 arbitrii
1030 2778 1196 2840 libertatem
1212 2779 1325 2840 homini
1342 2781 1467 2881 depin-¹

263 2884 386 2940 teretur
430 2876 481 2939 Sic
502 2886 532 2939 et
553 2877 582 2938 in
604 2879 735 2956 posteris
758 2878 873 2958 legibus
895 2879 1039 2941 creatoris
1061 2879 1208 2953 invenias,
1240 2839 1467 2984 proponentia:

264 2986 332 3040 ante
353 2979 504 3039 hominem
525 2978 637 3040 bouum
659 2988 690 3039 et
709 2980 836 3054 malum,
867 2979 956 3041 vitam
985 2989 1015 3042 et
1037 2989 1180 3053 mortem,
1212 2981 1264 3041 sed
1288 3000 1346 3044 uec
1366 2940 1467 3088 diu:

263 3085 360 3140 totum
383 3078 518 3141 ordinem
541 3078 713 3158 disciplinae
735 3099 789 3158 per
809 3088 967 3160 praecepta
987 3080 1183 3159 dispositum,
1205 3091 1348 3144 avocante
1370 3049 1467 3183 dem:¹

264 3187 295 3240 et
314 3179 462 3252 minante,
493 3180 551 3241 ¹²et
581 3181 769 3253 exhortante,
803 3181 864 3242 nisi
885 3189 915 3241 et
935 3181 971 3241 ad
994 3180 1170 3259 obsequium
1192 3189 1222 3244 et
1242 3183 1279 3243 ad
1301 3191 1463 3245 contem·

264 3285 348 3360 ptum
369 3281 465 3342 libero
489 3289 518 3342 ιι
539 3281 704 3341 voluntario
728 3280 885 3342 ¹³homine.

164 3405 218 3464 eq,
228 3406 264 3452 vt
350 3382 409 3444 Sed
431 3384 570 3462 quoniam
598 3401 635 3442 ex
661 3381 748 3443 hoc
740 3400 797 3443 vam
827 3380 1040 3459 ¹iutellegimur
1071 3400 1107 3443 eo
1136 3390 1287 3444 struentes
1313 3346 1467 3503 liberam:

263 3483 394 3544 bominis
416 3493 593 3563 potestatem
615 3482 730 3544 arbitrii
758 3482 806 3543 sui
833 3490 867 3542 ut
894 3483 973 3560 quod
996 3483 1023 3543 ei
1045 3481 1161 3543 'evenit
1187 3501 1248 3543 uon
1277 3484 1352 3558 deo,
1386 3449 1467 3589 aed-f

264 3582 322 3661 ipsi
346 3584 452 3643 debeat
471 3583 678 3662 ’exprobrari‚
712 3601 749 3644 ne
771 3590 802 3643 et
822 3590 855 3643 tu
877 3581 980 3642 hinc
972 3602 1031 3643 ram
1053 3600 1189 3661 opponas
1210 3601 1271 3643 nou
1294 3584 1336 3645 ita
1357 3542 1467 3649 1111ΙὶΙ

1455 3231 1467 3295 'l

1444 3652 1467 3725 --1

264 3680 380 3742 institui
402 3682 559 3755 debuisse,
582 3684 609 3743 si
630 3683 750 3744 libertas
773 3690 804 3742 et
825 3690 959 3760 potestas
981 3682 1096 3744 arbitrii
1118 3683 1244 3744 exitiosa
1264 3685 1363 3747 lutura
1385 3700 1467 3812 ιιι.

264 3788 328 3854 ιιι,
350 3781 409 3843 hoo
429 3800 547 3861 quoque
569 3782 652 3861 prius
674 3783 829 3844 delendam
857 3783 896 3843 ita
919 3783 1034 3844 institui
1056 3783 1214 3856 debuisse,
1248 3803 1308 3863 quo
1331 3785 1452 3849 lortius

266 3883 470 3944 commendem
501 3891 531 3942 et
560 3883 602 3943 ita
635 3882 801 3952 institutum
835 3892 864 3944 et
894 3884 983 3962 digne
1015 3883 1071 3944 deo
1101 3884 1284 3957 institutum,
1321 3860 1464 3965 potiore

266 3989 387 4042 ostensa
410 4001 443 4042 ea
465 4000 553 4044 rausa
575 4002 648 4063 quae
670 3985 710 4046 ita
731 3984 801 4047 lecit
822 3984 946 4045 institui
989 3984 1112 4044 Bonitas
1134 3984 1213 4045 dei⁴
1205 3994 1252 4055 ιι
1273 3986 1349 4047 ratio
1373 3966 1467 4049 eim*

264 4080 335 4142 huic
366 4100 484 4161 quoque
516 4082 652 4145 instituto
679 4085 958 4162 patrocinabuntur,
995 4084 1025 4144 iu
1061 4084 1201 4146 omnibus
1229 4080 1467 4167 conspirantee‘·¹

264 4182 342 4262 apud
365 4183 452 4244 deum
475 4191 621 4246 nostrum
670 4184 731 4246 Neo
751 4186 828 4246 ratio
851 4185 928 4246 enim
951 4185 1016 4245 siue
1036 4184 1169 4247 bonitate
1190 4186 1264 4247 ratio
1288 4195 1351 4261 est,
1342 4190 1467 4299 ,1ωέ

265 4299 290 4351 6.
308 4303 469 4365 praestitisset
486 4302 529 4352 lt.
582 4303 605 4351 7.
624 4311 647 4352 et
665 4304 729 4354 sill.
773 4303 796 4353 8.
816 4306 910 4354 animae
928 4305 994 4354 abed
1029 4305 1135 4354 animam
1152 4306 1244 4369 reliqui.
1290 4305 1314 4356 8.
1334 4320 1467 4372 respon-2

265 4368 396 4431 dentisd,
415 4372 528 4420 latinius.
568 4371 833 4433 spondentislllcate.
893 4372 932 4421 lt).
951 4374 1102 4422 essemus.
1156 4372 1196 4421 11.
1213 4372 1234 4420 ei
1254 4372 1352 4424 textu.
1398 4370 1467 4434 ltu

265 4442 290 4484 et
307 4437 486 4486 exhortanted.
523 4445 546 4486 et
564 4436 674 4486 hortante
692 4437 730 4486 n
738 4439 827 4488 luntas
862 4440 1002 4489 exhortante
1019 4440 1096 4490 llice.
1131 4441 1299 4490 exhortauteve
1318 4445 1353 4492 be.
1398 4438 1467 4505 tte,

265 4502 363 4552 bomine
381 4505 447 4554 obed
482 4505 573 4553 bomini
591 4504 650 4554 ABG.

334 4570 392 4647 Cap.
412 4571 446 4620 Vl.
485 4571 507 4620 1.
526 4570 682 4633 intelligimur
700 4586 728 4620 eo
746 4575 909 4623 struentesd.
954 4573 1109 4635 intelligimus
1133 4587 1175 4623 eos
1199 4581 1322 4625 struentes
1345 4568 1467 4652 religni-¹

170 4684 177 4692 .
266 4637 290 4689 2.
309 4639 385 4688 evenit
401 4639 491 4688 18666.
513 4639 616 4688 Vaticani
634 4640 687 4688 duo.
735 4643 798 4690 venit
815 4643 852 4691 ab.
905 4639 929 4689 3.
955 4641 1124 4705 exprobaril.
1177 4640 1201 4691 t.
1226 4642 1295 4692 initio
1320 4643 1373 4693 eius
1399 4640 1440 4693 116

266 4720 363 4772 quoque
380 4706 423 4756 lv.

300 4824 323 4858 r„
340 4815 471 4859 tantos-
488 4800 603 4872 quintos]
622 4806 649 4857 ld
667 4814 704 4857 ιιι
722 4815 757 4857 ιιι
772 4816 893 4872 -quot,
911 4822 939 4858 ex
956 4824 1001 4858 uso
1020 4808 1068 4859 still
1088 4807 1253 4859 Tertullivnei.
