3242 5775
305 650 367 717 dns
559 663 662 717 oonirr
684 627 821 709 srrrrurr
842 660 1007 706 rsonsnris
1030 658 1228 705 rrnruusranr
1273 727 1279 734 ⁶

154 817 382 897 ramerum.
414 814 488 876 Cum
510 821 610 876 eutem
632 812 767 875 subiecta
789 820 877 874 erunt
899 810 942 872 illi
957 810 1057 873 omnia
1071 808 1204 889 'absque
1225 827 1263 871 eo
1286 808 1339 891 qni
1360 809 1387 873 ei
1406 805 1465 871 sub·

304 918 374 981 iecit
395 916 509 988 omnia,
531 922 603 977 tune
624 914 743 994 etipse
763 911 948 975 ‘subicietur
969 911 1012 973 illi
1034 911 1084 991 qur
1106 911 1134 972 ei
1157 909 1288 973 subierit
1308 910 1467 984 omnia,rt

305 1019 346 1081 sit
366 1017 441 1080 deus
464 1015 563 1078 omnin
584 1014 616 1077 in
632 1013 782 1076 omnibus.
814 1011 972 1077 ‘Videmus
987 1011 1078 1092 igitur
1092 1028 1155 1073 non
1170 1010 1281 1087 obesse
1295 1010 1467 1074 menardiin

305 1118 414 1191 lilium,
447 1117 503 1179 etsi
524 1115 616 1177 bodie
637 1114 715 1195 apud
736 1114 830 1175 filium
853 1121 915 1187 est,
946 1112 1016 1193 quia
1044 1122 1074 1176 et
1100 1113 1131 1174 in
1155 1130 1212 1174 suo
1234 1121 1317 1175 statu
1340 1119 1389 1175 est
1406 1110 1468 1192 apol

263 1241 268 1246 ·
305 1218 413 1292 illium,
446 1225 477 1279 et
497 1235 565 1279 cum
587 1232 644 1278 suo
666 1223 746 1278 ststu
766 1214 942 1276 restituetur
961 1214 1078 1294 patris
1105 1214 1178 1276 lilio.
1230 1213 1276 1276 lta
1303 1232 1370 1277 eam
1395 1231 1467 1276 nemo

305 1320 364 1382 boc
383 1306 506 1381 nomine
527 1317 678 1389 destruet,
711 1315 756 1378 ⁰si
778 1316 871 1377 tilium
892 1313 1042 1388 admittat,
1075 1314 1123 1377 cui
1151 1323 1183 1376 et
1208 1315 1349 1378 traditum
1376 1330 1467 1377 eamr

304 1428 388 1501 patre
415 1428 446 1481 et
472 1438 489 1480 a
516 1436 575 1497 quo
604 1416 781 1497 quandoque
809 1415 1023 1477 restituendam
1046 1415 1129 1507 patri
1157 1423 1284 1478 constet
1334 1415 1398 1479 Hoc
1420 1431 1467 1478 uuo

305 1520 434 1600 capitulo
468 1517 615 1598 epistulae
645 1516 828 1598 apostolicae
860 1515 1012 1595 potuimus
1045 1517 1104 1578 iam
1133 1525 1163 1578 et
1189 1525 1305 1597 patrem
1335 1516 1467 1579 etlilium
1517 1559 1519 1578 .

306 1620 478 1682 ostendisse
508 1618 585 1680 duos
614 1636 713 1691 esse,
731 1626 939 1697 praeterquam
966 1636 1003 1679 ex
1031 1617 1204 1680 nominibus
1231 1618 1328 1698 patris
1359 1626 1390 1680 et
1413 1616 1467 1689 lilii3

306 1720 394 1782 etiam
417 1738 453 1782 ex
475 1737 532 1793 eo,
565 1718 645 1798 quod
666 1717 717 1797 qui
739 1717 861 1780 tradidit
887 1736 1011 1797 reguum
1040 1726 1070 1780 et
1096 1718 1144 1781 cui
1166 1717 1304 1793 tradidit,
1342 1714 1468 1796 iteuqu'

305 1819 433 1883 subiecit
451 1820 502 1881 'et
522 1820 569 1882 oni
590 1817 733 1891 erudierit,
756 1818 817 1879 duo
838 1817 900 1880 sint
920 1836 1046 1881 necesse
1068 1828 1126 1882 est.

194 1940 285 2001 capr.
390 1920 449 1984 Sed
471 1920 540 2000 quia
562 1919 639 1982 duos
662 1937 754 1980 unum
770 1918 890 1981 ¹volunt
904 1937 990 1992 esse,
1012 1920 1144 1999 utidem
1166 1929 1253 2000 pater
1274 1929 1306 1983 et
1327 1920 1405 1984 lilius
1424 1918 1469 1981 ba·

305 2022 428 2095 beatum,
451 2026 572 2101 oportet
593 2027 623 2081 et
645 2025 741 2081 totum
764 2018 801 2081 de
823 2019 884 2080 lilio
906 2020 1085 2094 examinari,
1114 2040 1152 2083 an
1173 2021 1229 2094 sit,
1252 2021 1357 2102 etqui
1378 2022 1471 2094 sicet

306 2121 458 2203 quomodo
481 2120 538 2194 sit,
565 2126 597 2181 et
617 2120 657 2182 its
679 2137 729 2181 res
752 2119 818 2199 ipsa
840 2121 966 2181 formam
989 2139 1075 2182 suam
1102 2121 1259 2201 scripturis
1281 2131 1313 2185 et
1333 2122 1470 2202 interpre-

305 2221 467 2286 tutionibus
490 2238 593 2283 earum
614 2219 870 2300 patrocinantibus
892 2220 1062 2283 vindicabit.
1098 2222 1189 2283 Aiunt
1209 2221 1351 2301 'quidam
1372 2231 1402 2285 et
1421 2221 1472 2283 Ge-

304 2323 402 2386 nesim
425 2321 616 2399 inllebraico
639 2320 679 2383 ita
701 2320 848 2399 incipere:
870 2320 904 2383 ln
926 2321 1073 2401 principio
1096 2322 1170 2391 deus
1192 2322 1264 2385 lecit
1285 2324 1346 2387 sibi
1363 2324 1475 2387 filium.

270 2475 273 2481 .
303 2423 369 2486 Hoc
389 2430 423 2486 ut
443 2423 562 2484 firmum
582 2420 708 2483 nonsit
734 2420 791 2483 alia
818 2439 867 2483 me
895 2431 1068 2501 argumenta
1095 2422 1245 2487 deducunt
1272 2424 1309 2487 ab
1343 2425 1409 2507 ipsa
1433 2422 1477 2485 dei

304 2523 519 2603 dispositione,
542 2540 599 2602 qua
621 2522 677 2583 luit
700 2529 769 2584 ante
788 2522 892 2585 mundi
913 2523 1157 2585 constitutionem
1178 2524 1215 2586 ad
1237 2542 1334 2605 usquc
1356 2525 1408 2588 filii
1429 2544 1478 2606 qo·

304 2622 499 2686 nerationem.
542 2623 618 2694 Ante
641 2623 742 2685 omnia
764 2623 845 2685 enim
867 2624 942 2685 deus
964 2632 1028 2687 eret
1049 2624 1151 2699 solus,
1173 2626 1238 2705 ipse
1259 2626 1318 2689 sibi
1341 2636 1373 2691 et
1393 2645 1479 2689 mun·

305 2724 361 2785 dus
384 2731 415 2784 et
435 2722 520 2785 locus
543 2732 573 2786 et
595 2722 705 2786 omnia.
749 2723 839 2786 Solus
861 2732 977 2798 auum,
998 2726 1067 2808 quia
1087 2724 1180 2787 ’nihil
1202 2726 1282 2789 abud
1297 2729 1480 2791 extrinsecus

303 2831 423 2907 praeter
437 2824 529 2887 illum.
567 2823 704 2888 Ceterum
726 2842 766 2888 ne
787 2834 859 2888 tunc
874 2817 993 2906 qiridem
1008 2826 1109 2903 solus;
1131 2826 1258 2891 habebat
1280 2828 1483 2893 enimseorm

303 2945 392 3006 quam
423 2925 550 2988 habebat
576 2926 609 2988 in
637 2927 800 3006 semetipso
832 2927 996 3002 rationem,
1033 2947 1118 2991 suam
1144 2929 1268 2992 scilicet
1320 2929 1483 2994 Rationalis

195 3063 199 3071 ·
304 3027 384 3090 enim
406 3028 496 3100 deus,
531 3036 561 3088 et
581 3027 658 3088 ratio
680 3028 711 3089 in
734 3028 802 3107 ipso
824 3027 928 3108 prius,
961 3037 992 3091 et
1020 3030 1060 3091 ita
1088 3029 1124 3092 ab
1152 3030 1220 3109 ipso
1243 3031 1356 3095 omnia.
1400 3024 1483 3104 Quae

302 3128 379 3190 ratio
402 3145 511 3191 sensus
533 3127 630 3208 ipsius
652 3136 708 3190 est.
748 3126 832 3190 Hanc
854 3127 957 3191 Graeci
979 3126 1095 3213 *λόγον
1117 3131 1233 3206 dicunt,
1255 3150 1316 3212 quo
1339 3131 1483 3195 vocabulo

305 3229 393 3292 ctiam
416 3246 586 3291 sermonem
610 3227 801 3308 appellamus.
845 3228 977 3310 ideoque
1003 3231 1061 3293 iam
1088 3233 1119 3294 in
1148 3251 1206 3295 usu
1233 3241 1281 3296 est
1307 3240 1485 3315 uostmrnm

301 3347 356 3410 per
388 3329 615 3409 simplicitatem·
640 3328 894 3409 interpretationis
922 3349 1093 3395 sermonem
1121 3333 1221 3411 dicere
1252 3333 1283 3396 in
1312 3334 1482 3414 primordio

302 3430 381 3510 apud
403 3431 491 3492 deum
514 3430 624 3503 luisse,
653 3448 720 3491 curu
748 3430 843 3510 magis
864 3431 1012 3495 rationem
1035 3443 1183 3515 competet
1203 3434 1401 3515 antiquiorem
1423 3434 1483 3497 ba·

301 3528 403 3604 beris
419 3532 488 3609 quia
509 3549 570 3592 non
594 3531 772 3593 sermonalis
794 3549 812 3594 a
833 3531 998 3611 principio,
1032 3534 1086 3597 sed
1113 3534 1266 3596 rationalis
1295 3536 1369 3599 dens
1392 3536 1483 3599 etism

228 3676 231 3681 -
269 3619 371 3693 ‘'ante
401 3632 596 3712 principium,
631 3640 661 3693 et
687 3632 755 3711 quia
783 3631 850 3712 ipse
879 3650 999 3714 quoque
1026 3654 1127 3698 sermo
1162 3636 1279 3699 rationo
1310 3636 1482 3701 consistens

301 3731 433 3808 priorem
456 3750 521 3794 eam
543 3741 577 3794 ut
598 3731 795 3794 substantiam
825 3751 908 3794 suam
943 3736 1091 3798 ostendat.
1136 3736 1248 3799 Tamen
1276 3744 1308 3799 et
1335 3737 1383 3801 sie
1409 3738 1483 3801 nibil

301 3831 435 3893 interest.
465 3831 541 3892 Nam
563 3831 620 3893 etsi
641 3831 716 3893 deus
738 3834 872 3896 nondum
894 3852 1067 3899 sennonem
1089 3856 1177 3899 suum
1192 3838 1333 3911 miseret,
1355 3839 1483 3920 proinde

301 3947 367 3990 eum
390 3948 457 3991 curu
478 3930 546 4010 ipsa
568 3931 650 3992 etin
672 3932 737 4014 ipsa
767 3935 988 3998 ratione'intra
1016 3937 1211 4018 semetipsum
1238 3937 1370 4001 babebat
1396 3941 1482 4003 tacite

300 4028 457 4107 cogitnnlo
480 4037 512 4092 et
532 4029 719 4110 disponendo
735 4053 839 4098 seeum
853 4055 928 4116 quae
943 4048 998 4117 per
1012 4052 1183 4101 sermonem
1198 4057 1268 4102 mox
1284 4047 1349 4103 erat
1364 4040 1480 4104 ‘dictu-

270 4213 272 4217 Ι
298 4146 363 4191 rus.
408 4129 481 4193 Cum
503 4131 620 4194 ratione
642 4135 722 4196 enim
751 4154 804 4197 sua
834 4136 966 4217 cogitans
995 4147 1083 4218 atque
1111 4139 1277 4220 disponens
1307 4158 1481 4205 sermonem

298 4279 322 4330 3.
341 4281 423 4346 utiquc
442 4284 534 4350 absque
558 4287 591 4349 d.,
617 4303 668 4337 som
686 4288 751 4338 Folo.
768 4289 859 4339 Ursino.
918 4289 942 4340 4.
961 4290 1080 4341 subicitur
1097 4294 1122 4343 A.
1141 4292 1224 4343 leid.>
1264 4292 1437 4346 blidenum
1453 4294 1480 4346 n

297 4347 1480 4426 ffl.fflfflmmwmmmmwwmfflmwwmw

295 4414 460 4477 mmmm
514 4421 959 4476 idmmmfflmffldm

365 4482 424 4546 Cep.
442 4484 467 4534 V.
505 4487 602 4537 ireres
620 4487 703 4539 rolant
719 4495 746 4541 Δ.
763 4490 828 4540 leid.
876 4490 901 4542 2.
919 4492 1017 4557 quidem
1035 4494 1061 4544 A.
1080 4494 1144 4545 leid
1166 4494 1329 4548 Votieosoraos
1346 4498 1403 4549 duo.
1419 4497 1479 4549 Petr.

297 4545 1478 4621 &mmmmmwmmmmmbmwffimwmi

294 4617 1283 4689 mwdmmmmmmmbfflmmffl

327 4716 387 4782 Cap.
406 4719 432 4768 v.
473 4734 495 4770 a.
520 4722 548 4772 ln
572 4724 693 4790 principio
717 4725 778 4777 dens
802 4729 860 4779 lecit
911 4728 982 4792 ned,
1018 4732 1108 4795 quiet
1137 4731 1201 4784 bunc
1225 4731 1370 4784 Tertullisni
1396 4732 1478 4784 locum

291 4783 340 4835 sibi
357 4781 446 4853 tilium]
464 4788 598 4846 llberos.
617 4793 725 4851 durent.
742 4794 817 4847 liebr.
834 4797 859 4846 in
911 4798 975 4848 citat.
1016 4798 1083 4850 tute
1100 4799 1176 4853 llilsr.
1194 4800 1275 4854 Trset.
1298 4803 1323 4855 in
1342 4800 1433 4853 Psalm
1444 4800 1475 4850 ll.

292 4850 405 4904 Genesim
423 4869 448 4919 p.
456 4855 515 4908 507.
534 4865 594 4910 tom.
608 4857 640 4911 11.
660 4861 728 4926 ·0pp.
753 4862 793 4914 ed.
809 4862 858 4914 lte·
911 4863 1011 4927 nnm.2.
