3242 5775
652 690 801 735 aavsnsus
822 690 965 736 amusan.
1329 683 1386 746 691

215 837 394 898 sententiam
410 837 597 917 interpretari
614 849 774 914 conantur,
796 848 831 900 ut
851 859 944 921 aeque
964 842 994 902 in
1010 861 1068 904 una
1082 841 1212 923 persona
1234 854 1391 928 utromque
1442 821 1444 888 1

217 938 417 1015 distinguant,
440 947 553 1017 patrem
576 939 734 1012 etlilium,
758 940 910 1002 discentes
933 941 1024 1003 filium
1047 962 1165 1006 carnem
1187 964 1269 1020 esse,
1293 947 1322 1009 io
1345 957 1392 1009 est

216 1039 383 1111 bominem,
408 1039 436 1098 id
461 1049 508 1099 εει
528 1040 642 1114 lesum,
664 1050 779 1119 patrem
801 1051 899 1103 autem
923 1042 1078 1121 spiritum,
1107 1045 1136 1106 id
1158 1054 1206 1107 εει
1228 1047 1331 1120 deum,
1361 1048 1392 1109 itl
1439 1085 1443 1122 ς

215 1148 263 1200 εει
278 1140 439 1200 Christum.
475 1140 511 1199 Et
531 1140 581 1218 qui
605 1160 695 1202 unum
718 1141 903 1222 eundemque
919 1143 1102 1204 contendunt
1114 1155 1228 1225 patrem
1245 1155 1275 1208 ει
1288 1147 1390 1219 filium,
1439 1129 1442 1134 ’

216 1241 273 1301 iam
297 1240 441 1320 incipiunt
462 1240 592 1301 dividere
616 1241 681 1301 illos
705 1243 805 1320 potios
829 1262 914 1322 qaam
937 1243 1057 1305 ⁴unare.
1090 1244 1122 1305 Si
1145 1245 1225 1307 enim
1246 1246 1321 1309 alius
1343 1256 1393 1309 εει

215 1340 312 1412 1εευε,
335 1341 410 1401 alius
427 1341 573 1411 Christos,
597 1342 671 1402 alins
695 1343 751 1403 crit
772 1343 861 1416 lilius,
883 1343 975 1404 'alius
997 1353 1092 1422 pater,
1115 1346 1182 1423 quia
1202 1346 1279 1409 filius
1294 1347 1390 1419 lesus,

216 1452 247 1501 ει
269 1453 353 1519 pater
375 1442 520 1503 Christus.
572 1443 671 1503 Talem
701 1444 902 1504 monarchiam
930 1444 1007 1522 apud
1030 1444 1215 1507 Valentinum
1244 1448 1391 1509 tortasse*
1452 1459 1472 1488 ⁸

215 1541 398 1615 didicerunt,
421 1543 497 1603 duos
520 1544 632 1615 lacere,
666 1543 765 1604 lesum
789 1551 820 1604 ει
840 1537 1000 1606 Christum.
1045 1545 1104 1606 Sed
1127 1555 1156 1607 et
1178 1546 1250 1609 baec
1270 1548 1390 1610 iniectio

215 1661 321 1703 eorum
345 1663 379 1703 ex
402 1644 623 1722 “praetractatis
646 1645 704 1704 iam
727 1652 829 1705 retusa
852 1653 914 1717 εει,
937 1644 1017 1724 quod
1040 1664 1139 1706 sermo
1162 1647 1209 1707 dei
1232 1647 1277 1708 vel
1298 1649 1390 1728 spiri-

217 1753 266 1804 tus
291 1743 337 1804 dei
360 1753 389 1804 ει
410 1744 505 1804 virtus
528 1744 663 1804 altissimi
691 1744 786 1805 dictus
816 1745 869 1817 sit,
904 1764 990 1825 quem
1019 1755 1134 1825 patrem
1162 1747 1282 1808 laciunt.
1325 1748 1392 1808 Nou

215 1845 401 1922 enimipsac
423 1854 491 1905 suut
514 1844 596 1905 cuius
619 1845 772 1916 dicuntur,
805 1847 859 1906 sed
889 1864 924 1906 ex
952 1846 1018 1925 ipso
1048 1856 1078 1907 et
1099 1847 1205 1926 ipsius.
1248 1846 1287 1908 Ει
1308 1847 1393 1909 aliter
1441 1862 1451 1883 ¹

216 1954 315 2005 tamen
339 1945 368 2005 in
392 1947 450 2006 isto
473 1946 599 2024 capitulo
621 1946 820 2006 revincentur.
853 1945 939 2020 Ecce,
962 1946 1107 2026 inquiunt,
1131 1947 1167 2008 ab
1182 1947 1287 2028 angelo
1301 1944 1390 2027 prae·

215 2045 343 2105 dicatum
366 2056 426 2106 est:
449 2046 610 2124 Propterea
632 2046 711 2125 quod
734 2054 873 2107 nascetur
893 2056 1043 2120 sanctum,
1065 2048 1217 2110 vocabitur
1237 2048 1314 2111 lilius
1329 2047 1388 2111 dci.
1402 2061 1522 2115 unetos.

215 2146 292 2205 Caro
315 2146 413 2224 itaque
437 2156 503 2207 nata
527 2157 587 2218 εει,
611 2165 679 2206 caro
701 2147 817 2225 'itaque
840 2148 897 2208 erit
918 2147 994 2207 lilius
1015 2147 1072 2208 dei.
1106 2148 1201 2209 Immo
1223 2149 1261 2210 de
1283 2149 1391 2229 spiritu

215 2246 264 2306 dei
288 2246 396 2307 dictum
420 2256 476 2308 est.
522 2247 607 2308 Certe
630 2247 707 2308 enim
731 2247 767 2307 de
797 2248 903 2325 spiritu
934 2256 1035 2308 sancto
1064 2248 1146 2328 virgo
1178 2249 1327 2329 concepit,
1361 2256 1391 2310 ει
1495 2256 1505 2279 ’

216 2348 295 2425 quod
319 2348 468 2427 concepit,
502 2347 531 2406 id
560 2348 691 2426 peperit3
722 2347 752 2407 id
781 2365 852 2425 crgo
874 2348 956 2408 nasci
979 2348 1105 2410 babebat
1127 2349 1206 2427 quod
1229 2358 1293 2410 erat
1314 2366 1389 2409 con·
1458 2427 1461 2432 ι

216 2457 335 2525 ceptum
359 2457 388 2509 et
409 2448 604 2528 pariuutlum,
637 2447 667 2506 id
691 2457 736 2508 est
758 2448 896 2526 spiritus,
930 2448 1014 2509 cuius
1044 2459 1073 2510 et
1101 2450 1253 2510 vocabitur
1280 2467 1404 2536 nomen¹

214 2548 424 2620 ”Emmanueb
447 2548 526 2627 quod
550 2557 596 2608 εει
617 2548 858 2626 interpretatum:
881 2548 1041 2609 Nobiscum
1064 2549 1149 2610 deae.
1193 2549 1268 2610 Caro
1291 2558 1529 2636 autemnamtma

216 2648 292 2709 deus
315 2668 375 2709 non
400 2659 455 2722 est,
479 2658 510 2710 ut
533 2650 569 2709 tle
591 2648 639 2708 illa
658 2648 767 2709 dictum
783 2649 831 2719 sit,
855 2648 1050 2717 ”Vocabitur
1072 2658 1206 2711 sanctum
1228 2649 1306 2711 filius
1329 2649 1389 2723 oet,

216 2748 271 2809 sed
294 2748 342 2809 ille
365 2750 414 2828 qui
437 2749 466 2809 in
484 2769 517 2809 ea
532 2758 619 2809 natus
635 2757 682 2809 εει
697 2749 780 2821 deus,
804 2750 915 2829 dequo
933 2759 960 2811 et
975 2750 1127 2829 psalmus:
1152 2750 1299 2823 Quoniam
1314 2750 1388 2811 deus
1399 2748 1529 2843 usp-„¹³

216 2851 307 2910 bomo
331 2860 417 2912 natus
441 2860 486 2912 εει
507 2849 624 2923 inilia,
656 2858 685 2910 et
712 2849 874 2912 aedificavit
903 2869 966 2912 eam
995 2850 1146 2913 voluntale
1167 2850 1270 2930 patris.
1315 2849 1390 2924 Quis
1509 2829 1515 2847 ’

216 2952 292 3012 ‹leus
315 2952 344 3011 in
368 2971 401 3012 ea
424 2950 534 3012 natus?
566 2956 666 3012 sermo
690 2960 720 3012 et
741 2952 880 3032 spiritus,
910 2952 960 3031 qui
989 2971 1054 3014 cum
1077 2970 1218 3013 sermone
1240 2953 1277 3013 tle
1298 2951 1390 3030 patris

215 3053 367 3112 voluntate
390 3060 547 3112 natusest.
585 3051 678 3129 Igitur
699 3070 798 3113 sermo
821 3053 851 3113 in
874 3072 976 3125 carne,
998 3051 1086 3112 'dum
1110 3061 1139 3112 et
1160 3052 1200 3113 de
1217 3052 1276 3113 boc
1297 3071 1389 3131 quac·

216 3153 357 3225 rendunt,
381 3154 530 3231 quomodo
554 3171 653 3213 sermo
677 3171 745 3212 caro
768 3152 938 3225 ε111εειυε,
965 3162 1104 3213 utrumne
1126 3154 1211 3231 quasi
1232 3153 1393 3231 transfigu-

217 3265 298 3314 ratus
322 3255 351 3314 in
375 3273 478 3326 earne,
502 3272 538 3313 an
560 3252 681 3313 indutus
705 3271 834 3313 carnem.
868 3253 962 3313 lmmo
985 3251 1117 3312 indutus
1152 3251 1289 3313 Ceterum
1304 3240 1392 3313 deum

218 3354 420 3415 inmutabilem
454 3364 484 3414 ει
516 3353 732 3414 informabilem
766 3353 846 3413 credi
880 3370 1004 3412 necesse
1037 3361 1098 3422 εει,
1136 3352 1196 3411 ¹⁰ut
1229 3362 1392 3411 aeternum.

216 3455 452 3533 Transfiguratio
476 3464 572 3514 autem
596 3453 785 3532 interemptio
815 3460 861 3513 est
882 3451 1010 3530 pristini.
1056 3450 1152 3512 Omne
1175 3450 1270 3520 enim,
1293 3449 1390 3527 quod-

217 3575 334 3634 cunque
358 3543 584 3634 transfiguratur
611 3556 641 3615 in
672 3554 765 3626 aliud,
800 3552 910 3612 desinit
938 3568 1007 3611 esse
1034 3549 1114 3629 quod
1143 3551 1253 3622 luerat,
1287 3557 1316 3609 ει
1343 3549 1391 3608 iu-

216 3656 289 3733 cipit
311 3675 379 3717 esse
402 3657 480 3733 qu'otl
504 3675 563 3717 non
588 3663 658 3716 erat.
714 3654 792 3714 Deus
821 3661 1037 3727 antemnaque
1067 3648 1175 3710 desinit
1203 3666 1270 3709 esse
1296 3665 1392 3728 neque

216 3756 295 3816 aliud
318 3765 521 3835 potestesse.
567 3757 673 3817 Sermo
697 3763 794 3816 autem
817 3753 891 3813 deus
920 3759 950 3811 et
971 3768 1070 3811 sermo
1099 3748 1212 3810 domini
1234 3756 1334 3821 manet
1361 3748 1392 3808 in

217 3876 339 3929 aerum,
372 3857 592 3936 perseverando
617 3856 729 3917 scilicet
756 3855 787 3914 in
810 3871 863 3915 sua
885 3853 991 3913 lorma.
1033 3851 1141 3924 Quem
1172 3851 1198 3910 si
1226 3867 1287 3910 non
1315 3847 1393 3928 capit

218 3959 440 4037 ¹¹configurari,
472 3975 658 4036 consequens
689 3964 735 4016 εει
756 3963 790 4016 ut
811 3954 855 4015 sio
877 3970 944 4014 caro
968 3953 1060 4013 lactus
1089 3951 1291 4031 intellegatur,
1320 3948 1390 4011 dom

218 4059 280 4119 ¹²l1t
301 4060 332 4118 in
355 4078 452 4130 carue,
476 4068 505 4119 et
528 4058 731 4118 manifestatur
753 4066 783 4117 ει
804 4055 921 4116 ridetur
936 4062 966 4113 ει
981 4061 1180 4115 contrectatur
1193 4070 1247 4132 per
1262 4068 1391 4140 carnem,

217 4160 286 4237 quia
310 4169 339 4220 et
361 4169 455 4220 cetera
479 4160 524 4219 sic
545 4157 636 4237 accipi
660 4158 789 4235 exigunt.
843 4155 875 4215 Si
905 4153 983 4214 enim
1013 4170 1112 4213 sermo
1141 4171 1176 4213 ex
1196 4152 1391 4229 transfigura-

219 4260 301 4321 tione
324 4270 353 4321 et
382 4260 583 4321 demutatione
611 4257 793 4319 substantiae
822 4275 891 4317 caro
919 4256 1013 4315 lactus
1043 4261 1104 4325 est,
1139 4270 1197 4312 una
1226 4253 1284 4314 iam
1308 4251 1394 4312 ¹³orit

218 4380 243 4428 4.
263 4396 337 4428 unare
356 4381 440 4430 Bobcd.
477 4380 560 4426 iuuare
578 4381 602 4427 Α.
622 4380 686 4426 leid.
722 4379 790 4425 unire
809 4376 978 4434 tralaticium,
998 4371 1173 4421 tettePamelio.
1225 4370 1248 4420 b.
1267 4370 1329 4420 alius
1348 4385 1415 4429 om..

218 4448 262 4496 to.
282 4449 345 4496 leid.
407 4446 431 4495 6.
450 4447 616 4509 praetractatis
634 4447 676 4495 ild.
696 4446 769 4504 leid„
795 4451 816 4493 et
834 4444 859 4491 B.
878 4445 903 4490 in
920 4456 1001 4503 moro„
1028 4454 1057 4488 ea
1074 4439 1242 4501 Hirsoupienri,
1270 4440 1295 4486 ni
1311 4437 1390 4501 fallor,

219 4518 306 4563 coelice.
350 4516 484 4563 retractatis
509 4515 576 4562 bobo.
629 4513 653 4561 1.
679 4513 761 4575 otique
785 4512 818 4572 ab,
847 4525 896 4560 cunt
921 4509 1001 4556 Fulvio
1021 4506 1111 4555 Ursino.
1173 4504 1196 4553 8.
1221 4502 1347 4554 emanuhel
1367 4502 1391 4550 B.

219 4581 264 4630 8b.
284 4583 347 4645 quod
368 4590 480 4630 nascetur
498 4589 616 4638 sanctum,
634 4580 757 4628 nocebitur
775 4578 839 4627 illius
857 4577 895 4625 dei
914 4574 946 4636 d„
965 4589 1017 4624 corn
1034 4574 1114 4622 Fulvio
1134 4572 1224 4648 Ursipo.
1276 4571 1300 4620 9.
1320 4569 1392 4617 [teni-

219 4665 265 4711 que
285 4658 307 4698 ει
324 4650 352 4698 dc
372 4650 417 4698 boc
437 4650 550 4697 Latinius.
595 4647 633 4695 lll.
652 4648 675 4695 in
694 4655 818 4695 aeternum
836 4648 860 4694 1.
882 4644 943 4692 teto.
990 4640 1029 4689 ll.
1049 4640 1276 4716 configurarr‘ltabc.
1312 4645 1393 4684 trans-

219 4718 316 4777 figurari
336 4720 367 4776 a,
388 4733 437 4766 cum
456 4718 536 4764 fulvio
557 4716 646 4763 Ursino.
688 4713 825 4773 consignari
844 4714 869 4760 ,1.
930 4707 969 4758 12.
987 4708 1013 4757 ttt
1030 4708 1071 4757 aa.
1090 4708 1154 4757 leid.
1190 4705 1305 4756 sitlobc.
1353 4699 1396 4749 13.

217 4788 264 4832 erit
283 4786 314 4845 tl„
335 4801 385 4835 cunr
404 4784 484 4833 Fuluio
504 4783 594 4830 l'rsiuo.
632 4790 682 4829 erat
699 4782 786 4830 tuate.
805 4779 870 4829 leta.

253 4884 277 4932 b.
297 4885 360 4948 apud
379 4883 528 4933 Valentinum
548 4875 664 4943 tortasse]
685 4881 720 4930 Cl.
739 4879 796 4930 Adi.
808 4877 925 4927 valentin.
944 4889 998 4939 cap.
1011 4873 1042 4923 16
1061 4881 1084 4923 ει
1102 4871 1142 4920 tt.
1182 4949 1240 5002 44*
