<?xml version="1.0" encoding="UTF-8"?>
<!DOCTYPE html PUBLIC "-//W3C//DTD XHTML 1.0 Transitional//EN"
    "http://www.w3.org/TR/xhtml1/DTD/xhtml1-transitional.dtd">
<html xmlns="http://www.w3.org/1999/xhtml" xml:lang="en" lang="en">
 <head>
  <title>
</title>
<meta http-equiv="Content-Type" content="text/html;charset=utf-8" />
  <meta name='ocr-system' content='tesseract 3.04.00' />
  <meta name='ocr-capabilities' content='ocr_page ocr_carea ocr_par ocr_line ocrx_word'/>
</head>
<body>
  <div class='ocr_page' id='page_1' title='image "./quaesupersuntom00oehlgoog_0543.png"; bbox 0 0 3242 5775; ppageno 0'>
   <div class='ocr_carea' id='block_1_1' title="bbox 313 636 1233 704">
    <p class='ocr_par' dir='ltr' id='par_1_1' title="bbox 313 636 1233 704">
     <span class='ocr_line' id='line_1_1' title="bbox 313 636 1233 704; baseline -0.001 -3"><span class='ocrx_word' id='word_1_1' title='bbox 313 636 376 701; x_wconf 76' lang='lat'><strong>528</strong></span> <span class='ocrx_word' id='word_1_2' title='bbox 571 653 673 704; x_wconf 66' lang='lat' dir='ltr'><strong>omar!</strong></span> <span class='ocrx_word' id='word_1_3' title='bbox 695 654 827 697; x_wconf 74' lang='lat' dir='ltr'><strong>Sill’fflll</strong></span> <span class='ocrx_word' id='word_1_4' title='bbox 849 654 1014 698; x_wconf 67' lang='lat' dir='ltr'><strong>rhodunus</strong></span> <span class='ocrx_word' id='word_1_5' title='bbox 1035 655 1233 700; x_wconf 65' lang='lat' dir='ltr'><strong>statutum</strong></span> 
     </span>
    </p>
   </div>
   <div class='ocr_carea' id='block_1_2' title="bbox 139 802 1507 3899">
    <p class='ocr_par' dir='ltr' id='par_1_2' title="bbox 195 802 1507 2422">
     <span class='ocr_line' id='line_1_2' title="bbox 312 802 1507 886; baseline 0.002 -19"><span class='ocrx_word' id='word_1_6' title='bbox 312 804 444 867; x_wconf 87' lang='lat' dir='ltr'><strong>membra</strong></span> <span class='ocrx_word' id='word_1_7' title='bbox 467 812 564 864; x_wconf 85' lang='lat' dir='ltr'><strong>restra</strong></span> <span class='ocrx_word' id='word_1_8' title='bbox 587 803 692 864; x_wconf 92' lang='lat' dir='ltr'><strong>lamula</strong></span> <span class='ocrx_word' id='word_1_9' title='bbox 722 803 925 865; x_wconf 79' lang='lat' dir='ltr'><strong>immunditiae</strong></span> <span class='ocrx_word' id='word_1_10' title='bbox 954 813 983 865; x_wconf 86' lang='lat' dir='ltr'><strong>et</strong></span> <span class='ocrx_word' id='word_1_11' title='bbox 1011 802 1200 883; x_wconf 82' lang='lat' dir='ltr'><strong>¹’iniquitatis</strong></span> <span class='ocrx_word' id='word_1_12' title='bbox 1227 804 1263 865; x_wconf 91' lang='lat' dir='ltr'><strong>ad</strong></span> <span class='ocrx_word' id='word_1_13' title='bbox 1293 806 1507 886; x_wconf 76' lang='lat' dir='ltr'><strong>iniquitatem·</strong></span> 
     </span>
     <span class='ocr_line' id='line_1_3' title="bbox 313 904 1507 969; baseline 0.002 -2"><span class='ocrx_word' id='word_1_14' title='bbox 313 906 352 967; x_wconf 87' lang='lat' dir='ltr'><strong>ita</strong></span> <span class='ocrx_word' id='word_1_15' title='bbox 375 914 405 966; x_wconf 88' lang='lat' dir='ltr'><strong>et</strong></span> <span class='ocrx_word' id='word_1_16' title='bbox 426 923 504 965; x_wconf 90' lang='lat' dir='ltr'><strong>nunc</strong></span> <span class='ocrx_word' id='word_1_17' title='bbox 526 904 660 965; x_wconf 81' lang='lat' dir='ltr'><strong>exhibete</strong></span> <span class='ocrx_word' id='word_1_18' title='bbox 683 905 814 965; x_wconf 89' lang='lat' dir='ltr'><strong>membra</strong></span> <span class='ocrx_word' id='word_1_19' title='bbox 842 913 940 966; x_wconf 86' lang='lat' dir='ltr'><strong>restra</strong></span> <span class='ocrx_word' id='word_1_20' title='bbox 969 904 1103 967; x_wconf 78' lang='lat' dir='ltr'><strong>¹³tamula</strong></span> <span class='ocrx_word' id='word_1_21' title='bbox 1130 906 1261 967; x_wconf 85' lang='lat' dir='ltr'><strong>iustitiae</strong></span> <span class='ocrx_word' id='word_1_22' title='bbox 1288 905 1322 967; x_wconf 93' lang='lat' dir='ltr'><strong>in</strong></span> <span class='ocrx_word' id='word_1_23' title='bbox 1351 906 1507 969; x_wconf 81' lang='lat' dir='ltr'><strong>¹⁴snncti--</strong></span> 
     </span>
     <span class='ocr_line' id='line_1_4' title="bbox 313 1004 1507 1084; baseline 0.002 -17"><span class='ocrx_word' id='word_1_24' title='bbox 313 1006 426 1078; x_wconf 80' lang='lat' dir='ltr'><strong>licium3</strong></span> <span class='ocrx_word' id='word_1_25' title='bbox 448 1023 513 1066; x_wconf 90' lang='lat' dir='ltr'><strong>cum</strong></span> <span class='ocrx_word' id='word_1_26' title='bbox 537 1006 615 1067; x_wconf 86' lang='lat' dir='ltr'><strong>enim</strong></span> <span class='ocrx_word' id='word_1_27' title='bbox 637 1004 714 1066; x_wconf 83' lang='lat' dir='ltr'><strong>servi</strong></span> <span class='ocrx_word' id='word_1_28' title='bbox 738 1004 846 1065; x_wconf 86' lang='lat' dir='ltr'><strong>essetis</strong></span> <span class='ocrx_word' id='word_1_29' title='bbox 870 1004 1102 1084; x_wconf 78' lang='lat' dir='ltr'><strong>delinquentiae,</strong></span> <span class='ocrx_word' id='word_1_30' title='bbox 1125 1005 1211 1067; x_wconf 85' lang='lat' dir='ltr'><strong>liberi</strong></span> <span class='ocrx_word' id='word_1_31' title='bbox 1234 1006 1326 1068; x_wconf 85' lang='lat' dir='ltr'><strong>eratis</strong></span> <span class='ocrx_word' id='word_1_32' title='bbox 1348 1008 1507 1070; x_wconf 75' lang='lat' dir='ltr'><strong>iustitiae</strong></span> 
     </span>
     <span class='ocr_line' id='line_1_5' title="bbox 314 1105 1507 1185; baseline 0 -16"><span class='ocrx_word' id='word_1_33' title='bbox 314 1107 408 1180; x_wconf 85' lang='lat' dir='ltr'><strong>Quem</strong></span> <span class='ocrx_word' id='word_1_34' title='bbox 432 1124 503 1184; x_wconf 87' lang='lat' dir='ltr'><strong>ergo</strong></span> <span class='ocrx_word' id='word_1_35' title='bbox 526 1108 652 1168; x_wconf 88' lang='lat' dir='ltr'><strong>lructum</strong></span> <span class='ocrx_word' id='word_1_36' title='bbox 675 1105 828 1166; x_wconf 87' lang='lat' dir='ltr'><strong>habebatis</strong></span> <span class='ocrx_word' id='word_1_37' title='bbox 851 1124 942 1185; x_wconf 91' lang='lat' dir='ltr'><strong>snper</strong></span> <span class='ocrx_word' id='word_1_38' title='bbox 968 1105 1016 1165; x_wconf 88' lang='lat' dir='ltr'><strong>his</strong></span> <span class='ocrx_word' id='word_1_39' title='bbox 1039 1106 1076 1166; x_wconf 89' lang='lat' dir='ltr'><strong>de</strong></span> <span class='ocrx_word' id='word_1_40' title='bbox 1098 1107 1207 1185; x_wconf 90' lang='lat' dir='ltr'><strong>quibus</strong></span> <span class='ocrx_word' id='word_1_41' title='bbox 1229 1125 1312 1169; x_wconf 92' lang='lat' dir='ltr'><strong>nunc</strong></span> <span class='ocrx_word' id='word_1_42' title='bbox 1334 1109 1507 1170; x_wconf 68' lang='lat' dir='ltr'><strong>¹&#39;conlim-</strong></span> 
     </span>
     <span class='ocr_line' id='line_1_6' title="bbox 313 1205 1507 1269; baseline 0.001 -1"><span class='ocrx_word' id='word_1_43' title='bbox 313 1205 440 1269; x_wconf 78' lang='lat' dir='ltr'><strong>diminil</strong></span> <span class='ocrx_word' id='word_1_44' title='bbox 467 1206 535 1268; x_wconf 91' lang='lat' dir='ltr'><strong>linis</strong></span> <span class='ocrx_word' id='word_1_45' title='bbox 559 1206 664 1267; x_wconf 79' lang='lat' dir='ltr'><strong>¹⁶enim</strong></span> <span class='ocrx_word' id='word_1_46' title='bbox 688 1206 805 1266; x_wconf 92' lang='lat' dir='ltr'><strong>illorum</strong></span> <span class='ocrx_word' id='word_1_47' title='bbox 830 1224 923 1266; x_wconf 90' lang='lat' dir='ltr'><strong>mors.</strong></span> <span class='ocrx_word' id='word_1_48' title='bbox 968 1206 1052 1268; x_wconf 89' lang='lat' dir='ltr'><strong>Nunc</strong></span> <span class='ocrx_word' id='word_1_49' title='bbox 1074 1207 1173 1268; x_wconf 73' lang='lat' dir='ltr'><strong>¹&#39;vero</strong></span> <span class='ocrx_word' id='word_1_50' title='bbox 1194 1207 1281 1269; x_wconf 87' lang='lat' dir='ltr'><strong>liberi</strong></span> <span class='ocrx_word' id='word_1_51' title='bbox 1304 1208 1372 1269; x_wconf 85' lang='lat' dir='ltr'><strong>laeti</strong></span> <span class='ocrx_word' id='word_1_52' title='bbox 1395 1228 1412 1268; x_wconf 92' lang='lat' dir='ltr'><strong>a</strong></span> <span class='ocrx_word' id='word_1_53' title='bbox 1434 1208 1507 1269; x_wconf 80' lang='lat' dir='ltr'><strong>de-</strong></span> 
     </span>
     <span class='ocr_line' id='line_1_7' title="bbox 312 1306 1502 1387; baseline 0 -17"><span class='ocrx_word' id='word_1_54' title='bbox 312 1308 488 1387; x_wconf 92' lang='lat' dir='ltr'><strong>linquentia,</strong></span> <span class='ocrx_word' id='word_1_55' title='bbox 510 1307 640 1369; x_wconf 78' lang='lat' dir='ltr'><strong>famulati</strong></span> <span class='ocrx_word' id='word_1_56' title='bbox 662 1315 758 1368; x_wconf 91' lang='lat' dir='ltr'><strong>autem</strong></span> <span class='ocrx_word' id='word_1_57' title='bbox 783 1307 856 1378; x_wconf 93' lang='lat' dir='ltr'><strong>deo,</strong></span> <span class='ocrx_word' id='word_1_58' title='bbox 880 1306 995 1368; x_wconf 85' lang='lat' dir='ltr'><strong>habetis</strong></span> <span class='ocrx_word' id='word_1_59' title='bbox 1011 1309 1138 1369; x_wconf 90' lang='lat' dir='ltr'><strong>lructum</strong></span> <span class='ocrx_word' id='word_1_60' title='bbox 1152 1316 1285 1370; x_wconf 83' lang='lat' dir='ltr'><strong>restrum</strong></span> <span class='ocrx_word' id='word_1_61' title='bbox 1302 1308 1333 1370; x_wconf 92' lang='lat' dir='ltr'><strong>in</strong></span> <span class='ocrx_word' id='word_1_62' title='bbox 1348 1309 1502 1370; x_wconf 79' lang='lat' dir='ltr'><strong>¹&#39;sancti-</strong></span> 
     </span>
     <span class='ocr_line' id='line_1_8' title="bbox 312 1407 1493 1489; baseline 0.001 -19"><span class='ocrx_word' id='word_1_63' title='bbox 312 1410 428 1482; x_wconf 91' lang='lat' dir='ltr'><strong>lioium,</strong></span> <span class='ocrx_word' id='word_1_64' title='bbox 450 1410 538 1469; x_wconf 89' lang='lat' dir='ltr'><strong>linem</strong></span> <span class='ocrx_word' id='word_1_65' title='bbox 562 1418 658 1469; x_wconf 83' lang='lat' dir='ltr'><strong>autern</strong></span> <span class='ocrx_word' id='word_1_66' title='bbox 681 1409 769 1469; x_wconf 83' lang='lat' dir='ltr'><strong>vitam</strong></span> <span class='ocrx_word' id='word_1_67' title='bbox 792 1416 952 1469; x_wconf 80' lang='lat' dir='ltr'><strong>aeternam.</strong></span> <span class='ocrx_word' id='word_1_68' title='bbox 991 1407 1145 1487; x_wconf 86' lang='lat' dir='ltr'><strong>Stipendia</strong></span> <span class='ocrx_word' id='word_1_69' title='bbox 1168 1409 1246 1469; x_wconf 86' lang='lat' dir='ltr'><strong>euim</strong></span> <span class='ocrx_word' id='word_1_70' title='bbox 1269 1409 1493 1489; x_wconf 80' lang='lat' dir='ltr'><strong>delinquentiae</strong></span> 
     </span>
     <span class='ocr_line' id='line_1_9' title="bbox 313 1508 1487 1581; baseline 0.003 -12"><span class='ocrx_word' id='word_1_71' title='bbox 313 1528 411 1581; x_wconf 90' lang='lat' dir='ltr'><strong>mors,</strong></span> <span class='ocrx_word' id='word_1_72' title='bbox 444 1509 612 1570; x_wconf 85' lang='lat' dir='ltr'><strong>donativum</strong></span> <span class='ocrx_word' id='word_1_73' title='bbox 642 1516 739 1569; x_wconf 90' lang='lat' dir='ltr'><strong>autem</strong></span> <span class='ocrx_word' id='word_1_74' title='bbox 767 1508 815 1568; x_wconf 88' lang='lat' dir='ltr'><strong>dei</strong></span> <span class='ocrx_word' id='word_1_75' title='bbox 844 1509 902 1568; x_wconf 87' lang='lat' dir='ltr'><strong>vita</strong></span> <span class='ocrx_word' id='word_1_76' title='bbox 931 1516 1050 1569; x_wconf 86' lang='lat' dir='ltr'><strong>aeterna</strong></span> <span class='ocrx_word' id='word_1_77' title='bbox 1079 1510 1109 1569; x_wconf 94' lang='lat' dir='ltr'><strong>in</strong></span> <span class='ocrx_word' id='word_1_78' title='bbox 1133 1508 1251 1570; x_wconf 85' lang='lat' dir='ltr'><strong>Christo</strong></span> <span class='ocrx_word' id='word_1_79' title='bbox 1273 1510 1343 1572; x_wconf 89' lang='lat' dir='ltr'><strong>lesu</strong></span> <span class='ocrx_word' id='word_1_80' title='bbox 1365 1510 1487 1572; x_wconf 90' lang='lat' dir='ltr'><strong>domino</strong></span> 
     </span>
     <span class='ocr_line' id='line_1_10' title="bbox 312 1607 1480 1696; baseline 0.001 -25"><span class='ocrx_word' id='word_1_81' title='bbox 312 1618 428 1672; x_wconf 91' lang='lat' dir='ltr'><strong>nostro.</strong></span> <span class='ocrx_word' id='word_1_82' title='bbox 480 1610 523 1670; x_wconf 91' lang='lat' dir='ltr'><strong>lta</strong></span> <span class='ocrx_word' id='word_1_83' title='bbox 551 1628 605 1687; x_wconf 91' lang='lat' dir='ltr'><strong>per</strong></span> <span class='ocrx_word' id='word_1_84' title='bbox 633 1607 751 1670; x_wconf 72' lang='lat' dir='ltr'><strong>¹⁹totam</strong></span> <span class='ocrx_word' id='word_1_85' title='bbox 780 1608 856 1669; x_wconf 90' lang='lat' dir='ltr'><strong>hanc</strong></span> <span class='ocrx_word' id='word_1_86' title='bbox 884 1626 1026 1669; x_wconf 91' lang='lat' dir='ltr'><strong>sensuum</strong></span> <span class='ocrx_word' id='word_1_87' title='bbox 1054 1608 1190 1670; x_wconf 65' lang='lat' dir='ltr'><strong>”seriem</strong></span> <span class='ocrx_word' id='word_1_88' title='bbox 1219 1610 1261 1696; x_wconf 77' lang='lat' dir='ltr'><strong>alr¹</strong></span> <span class='ocrx_word' id='word_1_89' title='bbox 1284 1610 1429 1672; x_wconf 86' lang='lat' dir='ltr'><strong>iniustitia</strong></span> <span class='ocrx_word' id='word_1_90' title='bbox 1454 1621 1480 1672; x_wconf 91' lang='lat' dir='ltr'><strong>et</strong></span> 
     </span>
     <span class='ocr_line' id='line_1_11' title="bbox 312 1709 1476 1789; baseline -0.002 -17"><span class='ocrx_word' id='word_1_91' title='bbox 312 1710 511 1789; x_wconf 83' lang='lat' dir='ltr'><strong>delinquentia</strong></span> <span class='ocrx_word' id='word_1_92' title='bbox 538 1709 670 1770; x_wconf 89' lang='lat' dir='ltr'><strong>membra</strong></span> <span class='ocrx_word' id='word_1_93' title='bbox 699 1722 801 1770; x_wconf 84' lang='lat' dir='ltr'><strong>nostra</strong></span> <span class='ocrx_word' id='word_1_94' title='bbox 830 1709 971 1769; x_wconf 84' lang='lat' dir='ltr'><strong>divellens</strong></span> <span class='ocrx_word' id='word_1_95' title='bbox 1000 1717 1029 1769; x_wconf 89' lang='lat' dir='ltr'><strong>et</strong></span> <span class='ocrx_word' id='word_1_96' title='bbox 1056 1709 1186 1771; x_wconf 87' lang='lat' dir='ltr'><strong>iustitiae</strong></span> <span class='ocrx_word' id='word_1_97' title='bbox 1217 1719 1247 1771; x_wconf 91' lang='lat' dir='ltr'><strong>et</strong></span> <span class='ocrx_word' id='word_1_98' title='bbox 1273 1710 1476 1772; x_wconf 80' lang='lat' dir='ltr'><strong>sanctimoniae</strong></span> 
     </span>
     <span class='ocr_line' id='line_1_12' title="bbox 311 1810 1470 1890; baseline -0.003 -17"><span class='ocrx_word' id='word_1_99' title='bbox 311 1812 488 1890; x_wconf 89' lang='lat' dir='ltr'><strong>adiungens,</strong></span> <span class='ocrx_word' id='word_1_100' title='bbox 518 1819 549 1871; x_wconf 92' lang='lat' dir='ltr'><strong>et</strong></span> <span class='ocrx_word' id='word_1_101' title='bbox 569 1812 751 1872; x_wconf 79' lang='lat' dir='ltr'><strong>transferens</strong></span> <span class='ocrx_word' id='word_1_102' title='bbox 774 1810 877 1884; x_wconf 89' lang='lat' dir='ltr'><strong>eadem</strong></span> <span class='ocrx_word' id='word_1_103' title='bbox 900 1828 915 1869; x_wconf 90' lang='lat' dir='ltr'><strong>a</strong></span> <span class='ocrx_word' id='word_1_104' title='bbox 938 1810 1086 1888; x_wconf 89' lang='lat' dir='ltr'><strong>stipendio</strong></span> <span class='ocrx_word' id='word_1_105' title='bbox 1115 1810 1221 1873; x_wconf 91' lang='lat' dir='ltr'><strong>mortis</strong></span> <span class='ocrx_word' id='word_1_106' title='bbox 1249 1812 1285 1872; x_wconf 91' lang='lat' dir='ltr'><strong>ad</strong></span> <span class='ocrx_word' id='word_1_107' title='bbox 1316 1812 1470 1873; x_wconf 72' lang='lat' dir='ltr'><strong>donativum</strong></span> 
     </span>
     <span class='ocr_line' id='line_1_13' title="bbox 309 1909 1467 1991; baseline 0 -19"><span class='ocrx_word' id='word_1_108' title='bbox 309 1913 387 1974; x_wconf 83' lang='lat' dir='ltr'><strong>ritae</strong></span> <span class='ocrx_word' id='word_1_109' title='bbox 408 1919 561 1984; x_wconf 86' lang='lat' dir='ltr'><strong>aeternae,</strong></span> <span class='ocrx_word' id='word_1_110' title='bbox 584 1912 664 1971; x_wconf 87' lang='lat' dir='ltr'><strong>carni</strong></span> <span class='ocrx_word' id='word_1_111' title='bbox 687 1910 788 1989; x_wconf 91' lang='lat' dir='ltr'><strong>utique</strong></span> <span class='ocrx_word' id='word_1_112' title='bbox 811 1911 1083 1988; x_wconf 85' lang='lat' dir='ltr'><strong>compensationem</strong></span> <span class='ocrx_word' id='word_1_113' title='bbox 1100 1912 1204 1972; x_wconf 90' lang='lat' dir='ltr'><strong>salutis</strong></span> <span class='ocrx_word' id='word_1_114' title='bbox 1218 1913 1412 1991; x_wconf 89' lang='lat' dir='ltr'><strong>repromittit,</strong></span> <span class='ocrx_word' id='word_1_115' title='bbox 1432 1909 1467 1972; x_wconf 88' lang='lat' dir='ltr'><strong>cui</strong></span> 
     </span>
     <span class='ocr_line' id='line_1_14' title="bbox 312 2011 1465 2091; baseline -0.005 -17"><span class='ocrx_word' id='word_1_116' title='bbox 312 2013 420 2074; x_wconf 90' lang='lat' dir='ltr'><strong>nullam</strong></span> <span class='ocrx_word' id='word_1_117' title='bbox 444 2012 565 2073; x_wconf 90' lang='lat' dir='ltr'><strong>omnino</strong></span> <span class='ocrx_word' id='word_1_118' title='bbox 588 2012 782 2088; x_wconf 87' lang='lat' dir='ltr'><strong>competisset</strong></span> <span class='ocrx_word' id='word_1_119' title='bbox 798 2011 937 2089; x_wconf 88' lang='lat' dir='ltr'><strong>imperari</strong></span> <span class='ocrx_word' id='word_1_120' title='bbox 953 2011 1104 2091; x_wconf 84' lang='lat' dir='ltr'><strong>propriam</strong></span> <span class='ocrx_word' id='word_1_121' title='bbox 1121 2011 1336 2074; x_wconf 81' lang='lat' dir='ltr'><strong>sanctimoniae</strong></span> <span class='ocrx_word' id='word_1_122' title='bbox 1351 2024 1380 2075; x_wconf 87' lang='lat' dir='ltr'><strong>et</strong></span> <span class='ocrx_word' id='word_1_123' title='bbox 1393 2011 1465 2073; x_wconf 86' lang='lat' dir='ltr'><strong>iusti-</strong></span> 
     </span>
     <span class='ocr_line' id='line_1_15' title="bbox 311 2108 1465 2193; baseline -0.003 -18"><span class='ocrx_word' id='word_1_124' title='bbox 311 2114 369 2175; x_wconf 89' lang='lat' dir='ltr'><strong>tiae</strong></span> <span class='ocrx_word' id='word_1_125' title='bbox 391 2112 591 2193; x_wconf 85' lang='lat' dir='ltr'><strong>disciplinam,</strong></span> <span class='ocrx_word' id='word_1_126' title='bbox 616 2112 640 2171; x_wconf 91' lang='lat' dir='ltr'><strong>si</strong></span> <span class='ocrx_word' id='word_1_127' title='bbox 664 2129 724 2171; x_wconf 95' lang='lat' dir='ltr'><strong>non</strong></span> <span class='ocrx_word' id='word_1_128' title='bbox 747 2111 843 2189; x_wconf 89' lang='lat' dir='ltr'><strong>ipsios</strong></span> <span class='ocrx_word' id='word_1_129' title='bbox 867 2120 950 2171; x_wconf 87' lang='lat' dir='ltr'><strong>esset</strong></span> <span class='ocrx_word' id='word_1_130' title='bbox 972 2121 1001 2172; x_wconf 91' lang='lat' dir='ltr'><strong>et</strong></span> <span class='ocrx_word' id='word_1_131' title='bbox 1021 2112 1185 2191; x_wconf 90' lang='lat' dir='ltr'><strong>praemium</strong></span> <span class='ocrx_word' id='word_1_132' title='bbox 1209 2112 1396 2192; x_wconf 89' lang='lat' dir='ltr'><strong>disciplinae,</strong></span> <span class='ocrx_word' id='word_1_133' title='bbox 1424 2108 1465 2171; x_wconf 81' lang='lat' dir='ltr'><strong>sed</strong></span> 
     </span>
     <span class='ocr_line' id='line_1_16' title="bbox 311 2211 1463 2295; baseline -0.005 -19"><span class='ocrx_word' id='word_1_134' title='bbox 311 2234 366 2277; x_wconf 90' lang='lat' dir='ltr'><strong>nec</strong></span> <span class='ocrx_word' id='word_1_135' title='bbox 386 2216 483 2295; x_wconf 92' lang='lat' dir='ltr'><strong>ipsum</strong></span> <span class='ocrx_word' id='word_1_136' title='bbox 507 2214 652 2293; x_wconf 89' lang='lat' dir='ltr'><strong>baptisma</strong></span> <span class='ocrx_word' id='word_1_137' title='bbox 674 2211 834 2286; x_wconf 85' lang='lat' dir='ltr'><strong>committi,</strong></span> <span class='ocrx_word' id='word_1_138' title='bbox 856 2211 875 2243; x_wconf 85' lang='lat'><strong>²¹</strong></span> <span class='ocrx_word' id='word_1_139' title='bbox 886 2213 912 2272; x_wconf 93' lang='lat' dir='ltr'><strong>si</strong></span> <span class='ocrx_word' id='word_1_140' title='bbox 934 2230 988 2292; x_wconf 88' lang='lat' dir='ltr'><strong>per</strong></span> <span class='ocrx_word' id='word_1_141' title='bbox 1010 2213 1266 2291; x_wconf 82' lang='lat' dir='ltr'><strong>regenerationem</strong></span> <span class='ocrx_word' id='word_1_142' title='bbox 1287 2213 1377 2276; x_wconf 79' lang='lat' dir='ltr'><strong>”non</strong></span> <span class='ocrx_word' id='word_1_143' title='bbox 1393 2214 1463 2275; x_wconf 85' lang='lat' dir='ltr'><strong>etiam</strong></span> 
     </span>
     <span class='ocr_line' id='line_1_17' title="bbox 195 2314 1463 2422; baseline -0.002 -45"><span class='ocrx_word' id='word_1_144' title='bbox 195 2316 279 2422; x_wconf 49' lang='lat' dir='ltr'><strong>,iffi</strong></span> <span class='ocrx_word' id='word_1_145' title='bbox 313 2316 494 2378; x_wconf 89' lang='lat' dir='ltr'><strong>restitutioni</strong></span> <span class='ocrx_word' id='word_1_146' title='bbox 517 2315 757 2393; x_wconf 78' lang='lat' dir='ltr'><strong>inauguraretur,</strong></span> <span class='ocrx_word' id='word_1_147' title='bbox 781 2314 839 2373; x_wconf 88' lang='lat' dir='ltr'><strong>hoc</strong></span> <span class='ocrx_word' id='word_1_148' title='bbox 860 2331 978 2391; x_wconf 92' lang='lat' dir='ltr'><strong>quoque</strong></span> <span class='ocrx_word' id='word_1_149' title='bbox 993 2314 1129 2394; x_wconf 91' lang='lat' dir='ltr'><strong>apostolo</strong></span> <span class='ocrx_word' id='word_1_150' title='bbox 1145 2315 1315 2392; x_wconf 84' lang='lat' dir='ltr'><strong>ingerente:</strong></span> <span class='ocrx_word' id='word_1_151' title='bbox 1337 2318 1380 2377; x_wconf 79' lang='lat' dir='ltr'><strong>An</strong></span> <span class='ocrx_word' id='word_1_152' title='bbox 1394 2316 1463 2393; x_wconf 88' lang='lat' dir='ltr'><strong>igno·</strong></span> 
     </span>
    </p>

    <p class='ocr_par' dir='ltr' id='par_1_3' title="bbox 223 2396 1463 2898">
     <span class='ocr_line' id='line_1_18' title="bbox 223 2396 1462 2496; baseline -0.006 -19"><span class='ocrx_word' id='word_1_153' title='bbox 223 2397 230 2418; x_wconf 76' lang='grc'><strong><em>’</em></strong></span> <span class='ocrx_word' id='word_1_154' title='bbox 281 2396 287 2409; x_wconf 55' lang='grc'><em>’</em></span> <span class='ocrx_word' id='word_1_155' title='bbox 309 2418 382 2477; x_wconf 87' lang='lat' dir='ltr'><strong>ratis</strong></span> <span class='ocrx_word' id='word_1_156' title='bbox 405 2417 485 2496; x_wconf 92' lang='lat' dir='ltr'><strong>quod</strong></span> <span class='ocrx_word' id='word_1_157' title='bbox 507 2416 673 2494; x_wconf 91' lang='lat' dir='ltr'><strong>quicunque</strong></span> <span class='ocrx_word' id='word_1_158' title='bbox 694 2415 726 2474; x_wconf 92' lang='lat' dir='ltr'><strong>in</strong></span> <span class='ocrx_word' id='word_1_159' title='bbox 746 2397 930 2475; x_wconf 73' lang='lat' dir='ltr'><strong>”Christum</strong></span> <span class='ocrx_word' id='word_1_160' title='bbox 947 2413 1045 2475; x_wconf 91' lang='lat' dir='ltr'><strong>lesum</strong></span> <span class='ocrx_word' id='word_1_161' title='bbox 1068 2414 1151 2475; x_wconf 89' lang='lat' dir='ltr'><strong>tincti</strong></span> <span class='ocrx_word' id='word_1_162' title='bbox 1174 2434 1295 2488; x_wconf 90' lang='lat' dir='ltr'><strong>sumus,</strong></span> <span class='ocrx_word' id='word_1_163' title='bbox 1319 2414 1377 2476; x_wconf 70' lang='lat' dir='ltr'><strong>”in</strong></span> <span class='ocrx_word' id='word_1_164' title='bbox 1396 2427 1462 2475; x_wconf 90' lang='lat' dir='ltr'><strong>mor·</strong></span> 
     </span>
     <span class='ocr_line' id='line_1_19' title="bbox 311 2509 1462 2596; baseline -0.003 -17"><span class='ocrx_word' id='word_1_165' title='bbox 311 2526 369 2579; x_wconf 90' lang='lat' dir='ltr'><strong>tem</strong></span> <span class='ocrx_word' id='word_1_166' title='bbox 392 2519 457 2579; x_wconf 90' lang='lat' dir='ltr'><strong>eius</strong></span> <span class='ocrx_word' id='word_1_167' title='bbox 480 2517 562 2577; x_wconf 90' lang='lat' dir='ltr'><strong>tincti</strong></span> <span class='ocrx_word' id='word_1_168' title='bbox 584 2513 713 2577; x_wconf 82' lang='lat' dir='ltr'><strong>sumus?</strong></span> <span class='ocrx_word' id='word_1_169' title='bbox 736 2514 903 2593; x_wconf 86' lang='lat' dir='ltr'><strong>consepulti</strong></span> <span class='ocrx_word' id='word_1_170' title='bbox 925 2532 996 2592; x_wconf 85' lang='lat' dir='ltr'><strong>ergo</strong></span> <span class='ocrx_word' id='word_1_171' title='bbox 1020 2514 1061 2575; x_wconf 96' lang='lat' dir='ltr'><strong>illi</strong></span> <span class='ocrx_word' id='word_1_172' title='bbox 1082 2534 1186 2576; x_wconf 89' lang='lat' dir='ltr'><strong>sumus</strong></span> <span class='ocrx_word' id='word_1_173' title='bbox 1209 2534 1264 2594; x_wconf 89' lang='lat' dir='ltr'><strong>per</strong></span> <span class='ocrx_word' id='word_1_174' title='bbox 1285 2516 1422 2596; x_wconf 86' lang='lat' dir='ltr'><strong>baptisma</strong></span> <span class='ocrx_word' id='word_1_175' title='bbox 1440 2509 1462 2568; x_wconf 73' lang='lat' dir='ltr'><strong>ln</strong></span> 
     </span>
     <span class='ocr_line' id='line_1_20' title="bbox 311 2610 1462 2694; baseline -0.003 -16"><span class='ocrx_word' id='word_1_176' title='bbox 311 2626 453 2690; x_wconf 90' lang='lat' dir='ltr'><strong>mortem,</strong></span> <span class='ocrx_word' id='word_1_177' title='bbox 477 2617 536 2688; x_wconf 91' lang='lat' dir='ltr'><strong>uti,</strong></span> <span class='ocrx_word' id='word_1_178' title='bbox 559 2615 804 2694; x_wconf 88' lang='lat' dir='ltr'><strong>quemadmodum</strong></span> <span class='ocrx_word' id='word_1_179' title='bbox 827 2615 956 2676; x_wconf 83' lang='lat' dir='ltr'><strong>surrexit</strong></span> <span class='ocrx_word' id='word_1_180' title='bbox 972 2613 1105 2675; x_wconf 84' lang='lat' dir='ltr'><strong>Christus</strong></span> <span class='ocrx_word' id='word_1_181' title='bbox 1128 2615 1303 2685; x_wconf 85' lang='lat' dir='ltr'><strong>amortuis,</strong></span> <span class='ocrx_word' id='word_1_182' title='bbox 1326 2610 1366 2677; x_wconf 88' lang='lat' dir='ltr'><strong>ita</strong></span> <span class='ocrx_word' id='word_1_183' title='bbox 1380 2623 1462 2676; x_wconf 75' lang='lat' dir='ltr'><strong>eonor</strong></span> 
     </span>
     <span class='ocr_line' id='line_1_21' title="bbox 308 2714 1463 2794; baseline -0.003 -16"><span class='ocrx_word' id='word_1_184' title='bbox 308 2717 339 2778; x_wconf 94' lang='lat' dir='ltr'><strong>in</strong></span> <span class='ocrx_word' id='word_1_185' title='bbox 362 2716 491 2777; x_wconf 85' lang='lat' dir='ltr'><strong>novitate</strong></span> <span class='ocrx_word' id='word_1_186' title='bbox 513 2715 587 2776; x_wconf 85' lang='lat' dir='ltr'><strong>vitae</strong></span> <span class='ocrx_word' id='word_1_187' title='bbox 609 2715 790 2777; x_wconf 89' lang='lat' dir='ltr'><strong>incedamus.</strong></span> <span class='ocrx_word' id='word_1_188' title='bbox 823 2715 864 2775; x_wconf 71' lang='lat' dir='ltr'><strong>ilo</strong></span> <span class='ocrx_word' id='word_1_189' title='bbox 885 2732 923 2774; x_wconf 90' lang='lat' dir='ltr'><strong>ne</strong></span> <span class='ocrx_word' id='word_1_190' title='bbox 945 2714 981 2774; x_wconf 89' lang='lat' dir='ltr'><strong>de</strong></span> <span class='ocrx_word' id='word_1_191' title='bbox 998 2715 1055 2775; x_wconf 84' lang='lat' dir='ltr'><strong>ista</strong></span> <span class='ocrx_word' id='word_1_192' title='bbox 1071 2723 1183 2775; x_wconf 91' lang='lat' dir='ltr'><strong>tantum</strong></span> <span class='ocrx_word' id='word_1_193' title='bbox 1200 2717 1256 2777; x_wconf 87' lang='lat' dir='ltr'><strong>rita</strong></span> <span class='ocrx_word' id='word_1_194' title='bbox 1271 2724 1358 2794; x_wconf 88' lang='lat' dir='ltr'><strong>putes</strong></span> <span class='ocrx_word' id='word_1_195' title='bbox 1372 2716 1463 2778; x_wconf 77' lang='lat' dir='ltr'><strong>dictum</strong></span> 
     </span>
     <span class='ocr_line' id='line_1_22' title="bbox 309 2813 1461 2898; baseline -0.004 -20"><span class='ocrx_word' id='word_1_196' title='bbox 309 2836 384 2896; x_wconf 91' lang='lat' dir='ltr'><strong>quae</strong></span> <span class='ocrx_word' id='word_1_197' title='bbox 406 2835 441 2877; x_wconf 86' lang='lat' dir='ltr'><strong>ex</strong></span> <span class='ocrx_word' id='word_1_198' title='bbox 463 2814 520 2876; x_wconf 90' lang='lat' dir='ltr'><strong>lide</strong></span> <span class='ocrx_word' id='word_1_199' title='bbox 542 2815 646 2894; x_wconf 64' lang='lat' dir='ltr'><strong>²¹¹’per</strong></span> <span class='ocrx_word' id='word_1_200' title='bbox 666 2814 810 2895; x_wconf 87' lang='lat' dir='ltr'><strong>baptisma</strong></span> <span class='ocrx_word' id='word_1_201' title='bbox 834 2815 864 2874; x_wconf 94' lang='lat' dir='ltr'><strong>in</strong></span> <span class='ocrx_word' id='word_1_202' title='bbox 885 2814 1014 2875; x_wconf 89' lang='lat' dir='ltr'><strong>novitate</strong></span> <span class='ocrx_word' id='word_1_203' title='bbox 1028 2813 1217 2877; x_wconf 71' lang='lat' dir='ltr'><strong>²³incedenda</strong></span> <span class='ocrx_word' id='word_1_204' title='bbox 1233 2826 1299 2889; x_wconf 85' lang='lat' dir='ltr'><strong>est,</strong></span> <span class='ocrx_word' id='word_1_205' title='bbox 1320 2815 1461 2898; x_wconf 80' lang='lat' dir='ltr'><strong>provideo·</strong></span> 
     </span>
    </p>

    <p class='ocr_par' dir='ltr' id='par_1_4' title="bbox 166 2910 1463 3085">
     <span class='ocr_line' id='line_1_23' title="bbox 166 2910 1463 2994; baseline 0.001 -20"><span class='ocrx_word' id='word_1_206' title='bbox 166 2931 294 2983; x_wconf 65' lang='lat' dir='ltr'><strong>somnne</strong></span> <span class='ocrx_word' id='word_1_207' title='bbox 309 2918 425 2978; x_wconf 88' lang='lat' dir='ltr'><strong>tissime</strong></span> <span class='ocrx_word' id='word_1_208' title='bbox 446 2916 617 2976; x_wconf 65' lang='lat' dir='ltr'><strong>”adstruiu</strong></span> <span class='ocrx_word' id='word_1_209' title='bbox 639 2915 670 2976; x_wconf 91' lang='lat' dir='ltr'><strong>Si</strong></span> <span class='ocrx_word' id='word_1_210' title='bbox 693 2917 772 2975; x_wconf 91' lang='lat' dir='ltr'><strong>enim</strong></span> <span class='ocrx_word' id='word_1_211' title='bbox 794 2915 1014 2994; x_wconf 76' lang='lat' dir='ltr'><strong>¹⁷complantati</strong></span> <span class='ocrx_word' id='word_1_212' title='bbox 1037 2915 1180 2977; x_wconf 88' lang='lat' dir='ltr'><strong>luerimus</strong></span> <span class='ocrx_word' id='word_1_213' title='bbox 1201 2917 1362 2980; x_wconf 86' lang='lat' dir='ltr'><strong>simulacro</strong></span> <span class='ocrx_word' id='word_1_214' title='bbox 1375 2910 1463 2979; x_wconf 67' lang='lat' dir='ltr'><strong>mortis</strong></span> 
     </span>
     <span class='ocr_line' id='line_1_24' title="bbox 310 3009 1462 3085; baseline -0.005 -7"><span class='ocrx_word' id='word_1_215' title='bbox 310 3016 436 3085; x_wconf 86' lang='lat' dir='ltr'><strong>Christi,</strong></span> <span class='ocrx_word' id='word_1_216' title='bbox 459 3015 528 3076; x_wconf 71' lang='lat' dir='ltr'><strong>”ita</strong></span> <span class='ocrx_word' id='word_1_217' title='bbox 551 3024 581 3076; x_wconf 91' lang='lat' dir='ltr'><strong>et</strong></span> <span class='ocrx_word' id='word_1_218' title='bbox 602 3015 831 3077; x_wconf 89' lang='lat' dir='ltr'><strong>resurrectionis</strong></span> <span class='ocrx_word' id='word_1_219' title='bbox 854 3016 976 3077; x_wconf 88' lang='lat' dir='ltr'><strong>erimus.</strong></span> <span class='ocrx_word' id='word_1_220' title='bbox 1013 3016 1072 3077; x_wconf 82' lang='lat' dir='ltr'><strong>Per</strong></span> <span class='ocrx_word' id='word_1_221' title='bbox 1087 3017 1276 3079; x_wconf 88' lang='lat' dir='ltr'><strong>simulacrum</strong></span> <span class='ocrx_word' id='word_1_222' title='bbox 1292 3019 1371 3080; x_wconf 89' lang='lat' dir='ltr'><strong>enim</strong></span> <span class='ocrx_word' id='word_1_223' title='bbox 1385 3009 1462 3078; x_wconf 86' lang='lat' dir='ltr'><strong>mori·</strong></span> 
     </span>
    </p>

    <p class='ocr_par' dir='ltr' id='par_1_5' title="bbox 139 3114 1464 3399">
     <span class='ocr_line' id='line_1_25' title="bbox 309 3114 1464 3196; baseline -0.002 -19"><span class='ocrx_word' id='word_1_224' title='bbox 309 3135 377 3177; x_wconf 90' lang='lat' dir='ltr'><strong>mur</strong></span> <span class='ocrx_word' id='word_1_225' title='bbox 398 3117 428 3177; x_wconf 93' lang='lat' dir='ltr'><strong>in</strong></span> <span class='ocrx_word' id='word_1_226' title='bbox 451 3115 653 3195; x_wconf 86' lang='lat' dir='ltr'><strong>baptismata·,</strong></span> <span class='ocrx_word' id='word_1_227' title='bbox 677 3114 730 3175; x_wconf 87' lang='lat' dir='ltr'><strong>sod</strong></span> <span class='ocrx_word' id='word_1_228' title='bbox 752 3134 807 3193; x_wconf 88' lang='lat' dir='ltr'><strong>per</strong></span> <span class='ocrx_word' id='word_1_229' title='bbox 828 3116 979 3177; x_wconf 89' lang='lat' dir='ltr'><strong>veritatem</strong></span> <span class='ocrx_word' id='word_1_230' title='bbox 1002 3116 1216 3196; x_wconf 68' lang='lat' dir='ltr'><strong>”resurgimus</strong></span> <span class='ocrx_word' id='word_1_231' title='bbox 1237 3119 1380 3194; x_wconf 89' lang='lat' dir='ltr'><strong>incarne,</strong></span> <span class='ocrx_word' id='word_1_232' title='bbox 1401 3116 1464 3178; x_wconf 76' lang='lat' dir='ltr'><strong>sicut</strong></span> 
     </span>
     <span class='ocr_line' id='line_1_26' title="bbox 139 3212 1463 3298; baseline 0.005 -26"><span class='ocrx_word' id='word_1_233' title='bbox 139 3227 341 3282; x_wconf 38' lang='lat' dir='ltr'><strong>‘consuet</strong></span> <span class='ocrx_word' id='word_1_234' title='bbox 362 3217 515 3289; x_wconf 79' lang='lat' dir='ltr'><strong>Christus3</strong></span> <span class='ocrx_word' id='word_1_235' title='bbox 551 3217 602 3289; x_wconf 90' lang='lat' dir='ltr'><strong>Ut,</strong></span> <span class='ocrx_word' id='word_1_236' title='bbox 636 3217 713 3278; x_wconf 90' lang='lat' dir='ltr'><strong>sicut</strong></span> <span class='ocrx_word' id='word_1_237' title='bbox 734 3218 867 3295; x_wconf 84' lang='lat' dir='ltr'><strong>regnarit</strong></span> <span class='ocrx_word' id='word_1_238' title='bbox 894 3217 923 3277; x_wconf 94' lang='lat' dir='ltr'><strong>in</strong></span> <span class='ocrx_word' id='word_1_239' title='bbox 952 3225 1049 3278; x_wconf 91' lang='lat' dir='ltr'><strong>morte</strong></span> <span class='ocrx_word' id='word_1_240' title='bbox 1078 3218 1232 3291; x_wconf 86' lang='lat' dir='ltr'><strong>delictum,</strong></span> <span class='ocrx_word' id='word_1_241' title='bbox 1270 3221 1311 3280; x_wconf 89' lang='lat' dir='ltr'><strong>ita</strong></span> <span class='ocrx_word' id='word_1_242' title='bbox 1338 3228 1368 3281; x_wconf 91' lang='lat' dir='ltr'><strong>et</strong></span> <span class='ocrx_word' id='word_1_243' title='bbox 1388 3212 1463 3298; x_wconf 64' lang='lat' dir='ltr'><strong>gralli</strong></span> 
     </span>
     <span class='ocr_line' id='line_1_27' title="bbox 309 3316 1463 3399; baseline -0.002 -18"><span class='ocrx_word' id='word_1_244' title='bbox 309 3328 412 3399; x_wconf 89' lang='lat' dir='ltr'><strong>regnet</strong></span> <span class='ocrx_word' id='word_1_245' title='bbox 433 3337 487 3399; x_wconf 89' lang='lat' dir='ltr'><strong>per</strong></span> <span class='ocrx_word' id='word_1_246' title='bbox 508 3318 651 3379; x_wconf 89' lang='lat' dir='ltr'><strong>iustitiam</strong></span> <span class='ocrx_word' id='word_1_247' title='bbox 673 3316 702 3376; x_wconf 95' lang='lat' dir='ltr'><strong>in</strong></span> <span class='ocrx_word' id='word_1_248' title='bbox 725 3317 813 3377; x_wconf 85' lang='lat' dir='ltr'><strong>ritam</strong></span> <span class='ocrx_word' id='word_1_249' title='bbox 836 3318 1047 3396; x_wconf 88' lang='lat' dir='ltr'><strong>sempiternam</strong></span> <span class='ocrx_word' id='word_1_250' title='bbox 1070 3338 1124 3396; x_wconf 93' lang='lat' dir='ltr'><strong>per</strong></span> <span class='ocrx_word' id='word_1_251' title='bbox 1138 3319 1236 3380; x_wconf 90' lang='lat' dir='ltr'><strong>lesum</strong></span> <span class='ocrx_word' id='word_1_252' title='bbox 1250 3319 1399 3382; x_wconf 83' lang='lat' dir='ltr'><strong>Christum</strong></span> <span class='ocrx_word' id='word_1_253' title='bbox 1419 3317 1463 3379; x_wconf 78' lang='lat' dir='ltr'><strong>do·</strong></span> 
     </span>
    </p>

    <p class='ocr_par' dir='ltr' id='par_1_6' title="bbox 307 3415 1464 3497">
     <span class='ocr_line' id='line_1_28' title="bbox 307 3415 1464 3497; baseline 0.001 -15"><span class='ocrx_word' id='word_1_254' title='bbox 307 3421 419 3482; x_wconf 91' lang='lat' dir='ltr'><strong>minum</strong></span> <span class='ocrx_word' id='word_1_255' title='bbox 436 3428 583 3481; x_wconf 88' lang='lat' dir='ltr'><strong>nostrum.</strong></span> <span class='ocrx_word' id='word_1_256' title='bbox 618 3418 776 3490; x_wconf 84' lang='lat' dir='ltr'><strong>Quomodo</strong></span> <span class='ocrx_word' id='word_1_257' title='bbox 791 3417 877 3490; x_wconf 72' lang='lat' dir='ltr'><strong>³⁰ita,</strong></span> <span class='ocrx_word' id='word_1_258' title='bbox 900 3419 926 3478; x_wconf 87' lang='lat' dir='ltr'><strong>si</strong></span> <span class='ocrx_word' id='word_1_259' title='bbox 948 3436 1008 3479; x_wconf 91' lang='lat' dir='ltr'><strong>non</strong></span> <span class='ocrx_word' id='word_1_260' title='bbox 1031 3438 1123 3497; x_wconf 89' lang='lat' dir='ltr'><strong>aeque</strong></span> <span class='ocrx_word' id='word_1_261' title='bbox 1145 3419 1303 3481; x_wconf 78' lang='lat' dir='ltr'><strong>incarne?</strong></span> <span class='ocrx_word' id='word_1_262' title='bbox 1332 3422 1386 3483; x_wconf 91' lang='lat' dir='ltr'><strong>Ubi</strong></span> <span class='ocrx_word' id='word_1_263' title='bbox 1400 3415 1464 3482; x_wconf 68' lang='lat' dir='ltr'><strong>enim</strong></span> 
     </span>
    </p>

    <p class='ocr_par' dir='ltr' id='par_1_7' title="bbox 306 3518 1467 3602">
     <span class='ocr_line' id='line_1_29' title="bbox 306 3518 1467 3602; baseline -0.003 -20"><span class='ocrx_word' id='word_1_264' title='bbox 306 3540 405 3594; x_wconf 90' lang='lat' dir='ltr'><strong>mors,</strong></span> <span class='ocrx_word' id='word_1_265' title='bbox 437 3520 478 3582; x_wconf 90' lang='lat' dir='ltr'><strong>ibi</strong></span> <span class='ocrx_word' id='word_1_266' title='bbox 501 3520 610 3582; x_wconf 84' lang='lat' dir='ltr'><strong>etrite</strong></span> <span class='ocrx_word' id='word_1_267' title='bbox 631 3528 701 3599; x_wconf 89' lang='lat' dir='ltr'><strong>post</strong></span> <span class='ocrx_word' id='word_1_268' title='bbox 723 3527 865 3588; x_wconf 80' lang='lat' dir='ltr'><strong>mortem,</strong></span> <span class='ocrx_word' id='word_1_269' title='bbox 898 3518 964 3597; x_wconf 90' lang='lat' dir='ltr'><strong>quia</strong></span> <span class='ocrx_word' id='word_1_270' title='bbox 993 3529 1021 3580; x_wconf 87' lang='lat' dir='ltr'><strong>ct</strong></span> <span class='ocrx_word' id='word_1_271' title='bbox 1049 3521 1107 3580; x_wconf 87' lang='lat' dir='ltr'><strong>rita</strong></span> <span class='ocrx_word' id='word_1_272' title='bbox 1135 3520 1174 3580; x_wconf 92' lang='lat' dir='ltr'><strong>ibi</strong></span> <span class='ocrx_word' id='word_1_273' title='bbox 1205 3529 1272 3582; x_wconf 89' lang='lat' dir='ltr'><strong>ante</strong></span> <span class='ocrx_word' id='word_1_274' title='bbox 1294 3521 1347 3583; x_wconf 90' lang='lat' dir='ltr'><strong>ubi</strong></span> <span class='ocrx_word' id='word_1_275' title='bbox 1374 3520 1467 3602; x_wconf 70' lang='lat' dir='ltr'><strong>postea·</strong></span> 
     </span>
    </p>

    <p class='ocr_par' dir='ltr' id='par_1_8' title="bbox 307 3618 1463 3709">
     <span class='ocr_line' id='line_1_30' title="bbox 307 3618 1463 3709; baseline -0.003 -27"><span class='ocrx_word' id='word_1_276' title='bbox 307 3640 400 3682; x_wconf 88' lang='lat' dir='ltr'><strong>mors.</strong></span> <span class='ocrx_word' id='word_1_277' title='bbox 438 3622 511 3684; x_wconf 87' lang='lat' dir='ltr'><strong>Nam</strong></span> <span class='ocrx_word' id='word_1_278' title='bbox 534 3621 561 3682; x_wconf 92' lang='lat' dir='ltr'><strong>si</strong></span> <span class='ocrx_word' id='word_1_279' title='bbox 582 3639 707 3700; x_wconf 89' lang='lat' dir='ltr'><strong>regnum</strong></span> <span class='ocrx_word' id='word_1_280' title='bbox 729 3619 836 3681; x_wconf 91' lang='lat' dir='ltr'><strong>mortis</strong></span> <span class='ocrx_word' id='word_1_281' title='bbox 859 3618 932 3679; x_wconf 91' lang='lat' dir='ltr'><strong>nihil</strong></span> <span class='ocrx_word' id='word_1_282' title='bbox 954 3629 1095 3698; x_wconf 91' lang='lat' dir='ltr'><strong>operatur</strong></span> <span class='ocrx_word' id='word_1_283' title='bbox 1116 3640 1202 3699; x_wconf 90' lang='lat' dir='ltr'><strong>quam</strong></span> <span class='ocrx_word' id='word_1_284' title='bbox 1225 3623 1324 3694; x_wconf 79' lang='lat' dir='ltr'><strong>carnis</strong></span> <span class='ocrx_word' id='word_1_285' title='bbox 1346 3621 1463 3709; x_wconf 78' lang='lat' dir='ltr'><strong>dissolu·</strong></span> 
     </span>
    </p>

    <p class='ocr_par' dir='ltr' id='par_1_9' title="bbox 306 3719 1463 3802">
     <span class='ocr_line' id='line_1_31' title="bbox 306 3719 1463 3802; baseline 0.001 -20"><span class='ocrx_word' id='word_1_286' title='bbox 306 3721 433 3792; x_wconf 88' lang='lat' dir='ltr'><strong>tionem,</strong></span> <span class='ocrx_word' id='word_1_287' title='bbox 455 3722 475 3754; x_wconf 84' lang='lat'><strong>³¹</strong></span> <span class='ocrx_word' id='word_1_288' title='bbox 484 3721 610 3800; x_wconf 82' lang='lat' dir='ltr'><strong>proinde</strong></span> <span class='ocrx_word' id='word_1_289' title='bbox 632 3722 719 3781; x_wconf 83' lang='lat' dir='ltr'><strong>vitam</strong></span> <span class='ocrx_word' id='word_1_290' title='bbox 742 3719 920 3782; x_wconf 89' lang='lat' dir='ltr'><strong>contrariam</strong></span> <span class='ocrx_word' id='word_1_291' title='bbox 943 3721 1033 3781; x_wconf 87' lang='lat' dir='ltr'><strong>morti</strong></span> <span class='ocrx_word' id='word_1_292' title='bbox 1055 3722 1236 3782; x_wconf 89' lang='lat' dir='ltr'><strong>contrarium</strong></span> <span class='ocrx_word' id='word_1_293' title='bbox 1260 3733 1380 3801; x_wconf 87' lang='lat' dir='ltr'><strong>oportet</strong></span> <span class='ocrx_word' id='word_1_294' title='bbox 1402 3737 1463 3802; x_wconf 76' lang='lat' dir='ltr'><strong>ope·</strong></span> 
     </span>
    </p>

    <p class='ocr_par' dir='ltr' id='par_1_10' title="bbox 306 3819 1466 3899">
     <span class='ocr_line' id='line_1_32' title="bbox 306 3819 1466 3899; baseline 0.008 -21"><span class='ocrx_word' id='word_1_295' title='bbox 306 3821 382 3890; x_wconf 86' lang='lat' dir='ltr'><strong>rari,</strong></span> <span class='ocrx_word' id='word_1_296' title='bbox 412 3820 440 3880; x_wconf 92' lang='lat' dir='ltr'><strong>id</strong></span> <span class='ocrx_word' id='word_1_297' title='bbox 463 3827 511 3880; x_wconf 90' lang='lat' dir='ltr'><strong>est</strong></span> <span class='ocrx_word' id='word_1_298' title='bbox 532 3819 628 3881; x_wconf 87' lang='lat' dir='ltr'><strong>carnis</strong></span> <span class='ocrx_word' id='word_1_299' title='bbox 657 3820 954 3899; x_wconf 86' lang='lat' dir='ltr'><strong>redintegrationem,</strong></span> <span class='ocrx_word' id='word_1_300' title='bbox 983 3821 1043 3893; x_wconf 91' lang='lat' dir='ltr'><strong>uti,</strong></span> <span class='ocrx_word' id='word_1_301' title='bbox 1073 3820 1150 3881; x_wconf 90' lang='lat' dir='ltr'><strong>sicut</strong></span> <span class='ocrx_word' id='word_1_302' title='bbox 1178 3823 1370 3886; x_wconf 83' lang='lat' dir='ltr'><strong>devoraverat</strong></span> <span class='ocrx_word' id='word_1_303' title='bbox 1398 3833 1466 3886; x_wconf 72' lang='lat' dir='ltr'><strong>morl</strong></span> 
     </span>
    </p>
   </div>
   <div class='ocr_carea' id='block_1_3' title="bbox 303 3967 1476 4642">
    <p class='ocr_par' dir='ltr' id='par_1_11' title="bbox 303 3967 1476 4642">
     <span class='ocr_line' id='line_1_33' title="bbox 309 3967 1465 4040; baseline 0.01 -25"><span class='ocrx_word' id='word_1_304' title='bbox 309 3967 346 4017; x_wconf 88' lang='grc'><strong>12.</strong></span> <span class='ocrx_word' id='word_1_305' title='bbox 366 3970 482 4032; x_wconf 86' lang='lat' dir='ltr'><strong>iniquitali</strong></span> <span class='ocrx_word' id='word_1_306' title='bbox 501 3986 530 4030; x_wconf 72' lang='lat' dir='ltr'><strong>c,</strong></span> <span class='ocrx_word' id='word_1_307' title='bbox 559 3971 587 4019; x_wconf 86' lang='lat' dir='ltr'><strong>de</strong></span> <span class='ocrx_word' id='word_1_308' title='bbox 605 3972 655 4020; x_wconf 82' lang='lat' dir='ltr'><strong>sod.</strong></span> <span class='ocrx_word' id='word_1_309' title='bbox 674 3972 848 4021; x_wconf 72' lang='lat' dir='ltr'><strong>loclementis.</strong></span> <span class='ocrx_word' id='word_1_310' title='bbox 912 3971 949 4022; x_wconf 83' lang='lat'><strong>13.</strong></span> <span class='ocrx_word' id='word_1_311' title='bbox 969 3972 1057 4021; x_wconf 88' lang='lat' dir='ltr'><strong>lamnia</strong></span> <span class='ocrx_word' id='word_1_312' title='bbox 1077 3989 1120 4023; x_wconf 83' lang='lat' dir='ltr'><strong>orn.</strong></span> <span class='ocrx_word' id='word_1_313' title='bbox 1139 3975 1300 4023; x_wconf 59' lang='lat' dir='ltr'><strong>eratenim·</strong></span> <span class='ocrx_word' id='word_1_314' title='bbox 1319 3982 1342 4024; x_wconf 89' lang='lat' dir='ltr'><strong>et</strong></span> <span class='ocrx_word' id='word_1_315' title='bbox 1360 3972 1465 4040; x_wconf 80' lang='lat' dir='ltr'><strong>teopotti</strong></span> 
     </span>
     <span class='ocr_line' id='line_1_34' title="bbox 304 4035 1467 4102; baseline 0.004 -18"><span class='ocrx_word' id='word_1_316' title='bbox 304 4039 420 4085; x_wconf 82' lang='lat' dir='ltr'><strong>mendose.</strong></span> <span class='ocrx_word' id='word_1_317' title='bbox 475 4035 514 4085; x_wconf 84' lang='grc'><strong>11.</strong></span> <span class='ocrx_word' id='word_1_318' title='bbox 532 4039 675 4087; x_wconf 85' lang='lat' dir='ltr'><strong>sacrillcinm</strong></span> <span class='ocrx_word' id='word_1_319' title='bbox 696 4039 719 4088; x_wconf 80' lang='lat' dir='ltr'><strong>C.</strong></span> <span class='ocrx_word' id='word_1_320' title='bbox 774 4039 812 4088; x_wconf 78' lang='lat'><strong>15.</strong></span> <span class='ocrx_word' id='word_1_321' title='bbox 832 4040 1012 4088; x_wconf 75' lang='lat' dir='ltr'><strong>confundemini</strong></span> <span class='ocrx_word' id='word_1_322' title='bbox 1030 4040 1074 4090; x_wconf 81' lang='grc'><strong>111.</strong></span> <span class='ocrx_word' id='word_1_323' title='bbox 1136 4040 1174 4089; x_wconf 82' lang='lat' dir='ltr'><strong>lo.</strong></span> <span class='ocrx_word' id='word_1_324' title='bbox 1194 4045 1255 4089; x_wconf 87' lang='lat' dir='ltr'><strong>enim</strong></span> <span class='ocrx_word' id='word_1_325' title='bbox 1275 4044 1323 4102; x_wconf 80' lang='lat' dir='ltr'><strong>cd,</strong></span> <span class='ocrx_word' id='word_1_326' title='bbox 1343 4059 1374 4092; x_wconf 74' lang='lat' dir='ltr'><strong>ea</strong></span> <span class='ocrx_word' id='word_1_327' title='bbox 1391 4040 1467 4093; x_wconf 67' lang='lat' dir='ltr'><strong>euml·</strong></span> 
     </span>
     <span class='ocr_line' id='line_1_35' title="bbox 306 4103 1468 4171; baseline 0.004 -21"><span class='ocrx_word' id='word_1_328' title='bbox 306 4103 407 4152; x_wconf 75' lang='lat' dir='ltr'><strong>l&#39;asnelii.</strong></span> <span class='ocrx_word' id='word_1_329' title='bbox 442 4117 499 4164; x_wconf 82' lang='lat' dir='ltr'><strong>ergo</strong></span> <span class='ocrx_word' id='word_1_330' title='bbox 517 4105 609 4168; x_wconf 80' lang='lat' dir='ltr'><strong>reliqui.</strong></span> <span class='ocrx_word' id='word_1_331' title='bbox 653 4104 691 4155; x_wconf 86' lang='lat' dir='ltr'><strong>l‘l.</strong></span> <span class='ocrx_word' id='word_1_332' title='bbox 709 4120 767 4166; x_wconf 77' lang='lat' dir='ltr'><strong>ergo</strong></span> <span class='ocrx_word' id='word_1_333' title='bbox 784 4106 828 4156; x_wconf 78' lang='lat' dir='ltr'><strong>lc.</strong></span> <span class='ocrx_word' id='word_1_334' title='bbox 876 4105 913 4155; x_wconf 84' lang='grc'><strong>18.</strong></span> <span class='ocrx_word' id='word_1_335' title='bbox 933 4108 1077 4156; x_wconf 81' lang='lat' dir='ltr'><strong>sacrificium</strong></span> <span class='ocrx_word' id='word_1_336' title='bbox 1098 4107 1119 4155; x_wconf 82' lang='lat'><strong>0.</strong></span> <span class='ocrx_word' id='word_1_337' title='bbox 1168 4107 1206 4157; x_wconf 85' lang='grc'><strong>19.</strong></span> <span class='ocrx_word' id='word_1_338' title='bbox 1225 4117 1321 4171; x_wconf 85' lang='lat' dir='ltr'><strong>portam</strong></span> <span class='ocrx_word' id='word_1_339' title='bbox 1340 4111 1402 4161; x_wconf 70' lang='lat' dir='ltr'><strong>Attt</strong></span> <span class='ocrx_word' id='word_1_340' title='bbox 1436 4108 1468 4158; x_wconf 86' lang='grc'><strong>21.</strong></span> 
     </span>
     <span class='ocr_line' id='line_1_36' title="bbox 305 4170 1469 4239; baseline 0.006 -21"><span class='ocrx_word' id='word_1_341' title='bbox 305 4170 441 4232; x_wconf 85' lang='lat' dir='ltr'><strong>seriemque</strong></span> <span class='ocrx_word' id='word_1_342' title='bbox 459 4171 520 4221; x_wconf 75' lang='lat' dir='ltr'><strong>aad.</strong></span> <span class='ocrx_word' id='word_1_343' title='bbox 572 4170 783 4223; x_wconf 57' lang='grc'><strong>2111111116.</strong></span> <span class='ocrx_word' id='word_1_344' title='bbox 827 4176 923 4223; x_wconf 77' lang='lat' dir='ltr'><strong>Addidit</strong></span> <span class='ocrx_word' id='word_1_345' title='bbox 939 4177 1037 4238; x_wconf 83' lang='lat' dir='ltr'><strong>primum</strong></span> <span class='ocrx_word' id='word_1_346' title='bbox 1056 4176 1084 4224; x_wconf 90' lang='lat' dir='ltr'><strong>de</strong></span> <span class='ocrx_word' id='word_1_347' title='bbox 1101 4176 1151 4223; x_wconf 81' lang='lat' dir='ltr'><strong>sois</strong></span> <span class='ocrx_word' id='word_1_348' title='bbox 1169 4177 1235 4226; x_wconf 82' lang='lat' dir='ltr'><strong>lilris</strong></span> <span class='ocrx_word' id='word_1_349' title='bbox 1254 4176 1395 4239; x_wconf 71' lang='lat' dir='ltr'><strong>Gargarius.</strong></span> <span class='ocrx_word' id='word_1_350' title='bbox 1436 4174 1469 4227; x_wconf 75' lang='lat' dir='ltr'><strong>tl.</strong></span> 
     </span>
     <span class='ocr_line' id='line_1_37' title="bbox 305 4234 1470 4302; baseline 0.005 -18"><span class='ocrx_word' id='word_1_351' title='bbox 305 4236 350 4284; x_wconf 88' lang='lat' dir='ltr'><strong>nisi</strong></span> <span class='ocrx_word' id='word_1_352' title='bbox 369 4238 439 4285; x_wconf 85' lang='lat' dir='ltr'><strong>etiam</strong></span> <span class='ocrx_word' id='word_1_353' title='bbox 460 4238 520 4301; x_wconf 75' lang='lat' dir='ltr'><strong>cinq.</strong></span> <span class='ocrx_word' id='word_1_354' title='bbox 554 4237 595 4288; x_wconf 80' lang='grc'><strong>23.</strong></span> <span class='ocrx_word' id='word_1_355' title='bbox 614 4234 735 4289; x_wconf 78' lang='lat' dir='ltr'><strong>Christum</strong></span> <span class='ocrx_word' id='word_1_356' title='bbox 749 4240 829 4290; x_wconf 84' lang='lat' dir='ltr'><strong>lesum</strong></span> <span class='ocrx_word' id='word_1_357' title='bbox 849 4243 884 4290; x_wconf 85' lang='lat' dir='ltr'><strong>ed.</strong></span> <span class='ocrx_word' id='word_1_358' title='bbox 903 4249 948 4291; x_wconf 78' lang='lat' dir='ltr'><strong>tres</strong></span> <span class='ocrx_word' id='word_1_359' title='bbox 961 4242 1070 4302; x_wconf 83' lang='lat' dir='ltr'><strong>Vaticani,</strong></span> <span class='ocrx_word' id='word_1_360' title='bbox 1090 4250 1111 4290; x_wconf 88' lang='lat' dir='ltr'><strong>et</strong></span> <span class='ocrx_word' id='word_1_361' title='bbox 1125 4245 1176 4292; x_wconf 90' lang='lat' dir='ltr'><strong>cod.</strong></span> <span class='ocrx_word' id='word_1_362' title='bbox 1189 4244 1220 4293; x_wconf 89' lang='lat' dir='ltr'><strong>lo.</strong></span> <span class='ocrx_word' id='word_1_363' title='bbox 1232 4241 1363 4294; x_wconf 74' lang='lat' dir='ltr'><strong>Clementis.</strong></span> <span class='ocrx_word' id='word_1_364' title='bbox 1399 4244 1470 4295; x_wconf 77' lang='lat' dir='ltr'><strong>lesuin</strong></span> 
     </span>
     <span class='ocr_line' id='line_1_38' title="bbox 306 4304 1471 4373; baseline 0.008 -22"><span class='ocrx_word' id='word_1_365' title='bbox 306 4304 358 4352; x_wconf 76' lang='lat' dir='ltr'><strong>Col.</strong></span> <span class='ocrx_word' id='word_1_366' title='bbox 395 4304 447 4353; x_wconf 85' lang='lat' dir='ltr'><strong>lesu</strong></span> <span class='ocrx_word' id='word_1_367' title='bbox 466 4307 509 4357; x_wconf 80' lang='grc'><strong>111,</strong></span> <span class='ocrx_word' id='word_1_368' title='bbox 549 4305 590 4356; x_wconf 82' lang='grc'><strong>21.</strong></span> <span class='ocrx_word' id='word_1_369' title='bbox 609 4307 632 4356; x_wconf 88' lang='lat' dir='ltr'><strong>in</strong></span> <span class='ocrx_word' id='word_1_370' title='bbox 653 4315 754 4356; x_wconf 89' lang='lat' dir='ltr'><strong>mortem</strong></span> <span class='ocrx_word' id='word_1_371' title='bbox 772 4309 825 4357; x_wconf 87' lang='lat' dir='ltr'><strong>eins</strong></span> <span class='ocrx_word' id='word_1_372' title='bbox 843 4309 910 4357; x_wconf 86' lang='lat' dir='ltr'><strong>tincti</strong></span> <span class='ocrx_word' id='word_1_373' title='bbox 928 4323 1013 4358; x_wconf 85' lang='lat' dir='ltr'><strong>sumus</strong></span> <span class='ocrx_word' id='word_1_374' title='bbox 1031 4325 1074 4358; x_wconf 85' lang='lat' dir='ltr'><strong>om.</strong></span> <span class='ocrx_word' id='word_1_375' title='bbox 1085 4310 1128 4358; x_wconf 80' lang='grc'><strong>111.</strong></span> <span class='ocrx_word' id='word_1_376' title='bbox 1173 4308 1235 4359; x_wconf 85' lang='grc'><strong>241.</strong></span> <span class='ocrx_word' id='word_1_377' title='bbox 1254 4319 1312 4373; x_wconf 90' lang='lat' dir='ltr'><strong>post</strong></span> <span class='ocrx_word' id='word_1_378' title='bbox 1330 4329 1360 4373; x_wconf 74' lang='lat' dir='ltr'><strong>a,</strong></span> <span class='ocrx_word' id='word_1_379' title='bbox 1380 4314 1471 4363; x_wconf 81' lang='lat' dir='ltr'><strong>decod.</strong></span> 
     </span>
     <span class='ocr_line' id='line_1_39' title="bbox 304 4370 1472 4440; baseline 0.009 -22"><span class='ocrx_word' id='word_1_380' title='bbox 304 4371 336 4419; x_wconf 91' lang='lat' dir='ltr'><strong>lo.</strong></span> <span class='ocrx_word' id='word_1_381' title='bbox 354 4370 483 4422; x_wconf 80' lang='lat' dir='ltr'><strong>Clementis.</strong></span> <span class='ocrx_word' id='word_1_382' title='bbox 549 4372 590 4422; x_wconf 76' lang='lat'><strong>25.</strong></span> <span class='ocrx_word' id='word_1_383' title='bbox 615 4375 746 4423; x_wconf 81' lang='lat' dir='ltr'><strong>incedenda</strong></span> <span class='ocrx_word' id='word_1_384' title='bbox 770 4377 876 4437; x_wconf 79' lang='lat' dir='ltr'><strong>ansqdcd.</strong></span> <span class='ocrx_word' id='word_1_385' title='bbox 924 4377 1021 4425; x_wconf 80' lang='lat' dir='ltr'><strong>silenda</strong></span> <span class='ocrx_word' id='word_1_386' title='bbox 1045 4377 1138 4440; x_wconf 83' lang='lat' dir='ltr'><strong>reliqui,</strong></span> <span class='ocrx_word' id='word_1_387' title='bbox 1167 4385 1188 4426; x_wconf 87' lang='lat' dir='ltr'><strong>et</strong></span> <span class='ocrx_word' id='word_1_388' title='bbox 1212 4386 1257 4426; x_wconf 87' lang='lat' dir='ltr'><strong>tres</strong></span> <span class='ocrx_word' id='word_1_389' title='bbox 1280 4378 1394 4429; x_wconf 78' lang='lat' dir='ltr'><strong>Vaticani.</strong></span> <span class='ocrx_word' id='word_1_390' title='bbox 1437 4378 1472 4429; x_wconf 82' lang='grc'><strong>26.</strong></span> 
     </span>
     <span class='ocr_line' id='line_1_40' title="bbox 303 4438 1473 4507; baseline 0.009 -22"><span class='ocrx_word' id='word_1_391' title='bbox 303 4438 406 4485; x_wconf 82' lang='lat' dir='ltr'><strong>asseruit</strong></span> <span class='ocrx_word' id='word_1_392' title='bbox 424 4438 449 4487; x_wconf 87' lang='lat' dir='ltr'><strong>ll.</strong></span> <span class='ocrx_word' id='word_1_393' title='bbox 501 4438 542 4489; x_wconf 82' lang='grc'><strong>27.</strong></span> <span class='ocrx_word' id='word_1_394' title='bbox 561 4440 716 4503; x_wconf 79' lang='lat' dir='ltr'><strong>complantati</strong></span> <span class='ocrx_word' id='word_1_395' title='bbox 734 4443 900 4507; x_wconf 74' lang='lat' dir='ltr'><strong>(contemplati</strong></span> <span class='ocrx_word' id='word_1_396' title='bbox 919 4444 954 4501; x_wconf 85' lang='lat' dir='ltr'><strong>B.)</strong></span> <span class='ocrx_word' id='word_1_397' title='bbox 973 4446 1089 4493; x_wconf 80' lang='lat' dir='ltr'><strong>fuerimus</strong></span> <span class='ocrx_word' id='word_1_398' title='bbox 1113 4444 1190 4494; x_wconf 77' lang='lat' dir='ltr'><strong>luca.</strong></span> <span class='ocrx_word' id='word_1_399' title='bbox 1209 4453 1254 4494; x_wconf 83' lang='lat' dir='ltr'><strong>tres</strong></span> <span class='ocrx_word' id='word_1_400' title='bbox 1273 4446 1385 4496; x_wconf 77' lang='lat' dir='ltr'><strong>Vaticani.</strong></span> <span class='ocrx_word' id='word_1_401' title='bbox 1420 4463 1473 4497; x_wconf 85' lang='lat' dir='ltr'><strong>con·</strong></span> 
     </span>
     <span class='ocr_line' id='line_1_41' title="bbox 303 4505 1476 4577; baseline 0.009 -25"><span class='ocrx_word' id='word_1_402' title='bbox 303 4505 348 4553; x_wconf 85' lang='lat' dir='ltr'><strong>sati</strong></span> <span class='ocrx_word' id='word_1_403' title='bbox 368 4505 483 4553; x_wconf 87' lang='lat' dir='ltr'><strong>loerimns</strong></span> <span class='ocrx_word' id='word_1_404' title='bbox 502 4523 524 4555; x_wconf 85' lang='lat' dir='ltr'><strong>a.</strong></span> <span class='ocrx_word' id='word_1_405' title='bbox 566 4510 656 4557; x_wconf 81' lang='lat' dir='ltr'><strong>consati</strong></span> <span class='ocrx_word' id='word_1_406' title='bbox 675 4523 759 4557; x_wconf 83' lang='lat' dir='ltr'><strong>snmus</strong></span> <span class='ocrx_word' id='word_1_407' title='bbox 777 4511 811 4560; x_wconf 83' lang='lat' dir='ltr'><strong>dc.</strong></span> <span class='ocrx_word' id='word_1_408' title='bbox 873 4509 914 4561; x_wconf 84' lang='grc'><strong>28.</strong></span> <span class='ocrx_word' id='word_1_409' title='bbox 932 4512 1004 4560; x_wconf 90' lang='lat' dir='ltr'><strong>simul</strong></span> <span class='ocrx_word' id='word_1_410' title='bbox 1024 4520 1046 4560; x_wconf 89' lang='lat' dir='ltr'><strong>et</strong></span> <span class='ocrx_word' id='word_1_411' title='bbox 1065 4513 1099 4562; x_wconf 84' lang='lat' dir='ltr'><strong>dc.</strong></span> <span class='ocrx_word' id='word_1_412' title='bbox 1158 4511 1198 4562; x_wconf 89' lang='grc'><strong>29.</strong></span> <span class='ocrx_word' id='word_1_413' title='bbox 1219 4527 1377 4574; x_wconf 83' lang='lat' dir='ltr'><strong>resurgemus</strong></span> <span class='ocrx_word' id='word_1_414' title='bbox 1396 4531 1425 4577; x_wconf 72' lang='lat' dir='ltr'><strong>c,</strong></span> <span class='ocrx_word' id='word_1_415' title='bbox 1451 4519 1476 4564; x_wconf 81' lang='lat' dir='ltr'><strong>ds</strong></span> 
     </span>
     <span class='ocr_line' id='line_1_42' title="bbox 303 4572 1039 4642; baseline 0.011 -22"><span class='ocrx_word' id='word_1_416' title='bbox 303 4572 354 4621; x_wconf 82' lang='lat' dir='ltr'><strong>sod.</strong></span> <span class='ocrx_word' id='word_1_417' title='bbox 373 4572 406 4621; x_wconf 89' lang='lat' dir='ltr'><strong>lo.</strong></span> <span class='ocrx_word' id='word_1_418' title='bbox 419 4572 546 4622; x_wconf 83' lang='lat' dir='ltr'><strong>Clesuentir.</strong></span> <span class='ocrx_word' id='word_1_419' title='bbox 599 4573 640 4623; x_wconf 82' lang='lat'><strong>³0.</strong></span> <span class='ocrx_word' id='word_1_420' title='bbox 659 4577 703 4625; x_wconf 83' lang='lat' dir='ltr'><strong>ista</strong></span> <span class='ocrx_word' id='word_1_421' title='bbox 722 4577 782 4627; x_wconf 82' lang='lat' dir='ltr'><strong>loc.</strong></span> <span class='ocrx_word' id='word_1_422' title='bbox 836 4575 877 4626; x_wconf 79' lang='lat'><strong>31.</strong></span> <span class='ocrx_word' id='word_1_423' title='bbox 896 4578 996 4642; x_wconf 84' lang='lat' dir='ltr'><strong>perinde</strong></span> <span class='ocrx_word' id='word_1_424' title='bbox 1015 4579 1039 4628; x_wconf 82' lang='lat' dir='ltr'><strong>B.</strong></span> 
     </span>
    </p>
   </div>
   <div class='ocr_carea' id='block_1_4' title="bbox 301 4705 1480 4906">
    <p class='ocr_par' dir='ltr' id='par_1_12' title="bbox 301 4705 1480 4906">
     <span class='ocr_line' id='line_1_43' title="bbox 336 4705 1480 4777; baseline 0.012 -24"><span class='ocrx_word' id='word_1_425' title='bbox 336 4705 394 4768; x_wconf 83' lang='lat' dir='ltr'><strong>Cap.</strong></span> <span class='ocrx_word' id='word_1_426' title='bbox 414 4705 500 4754; x_wconf 85' lang='lat' dir='ltr'><strong>lllllll.</strong></span> <span class='ocrx_word' id='word_1_427' title='bbox 526 4722 547 4756; x_wconf 89' lang='lat' dir='ltr'><strong>a.</strong></span> <span class='ocrx_word' id='word_1_428' title='bbox 567 4707 612 4756; x_wconf 82' lang='lat' dir='ltr'><strong>Per</strong></span> <span class='ocrx_word' id='word_1_429' title='bbox 628 4708 784 4758; x_wconf 86' lang='lat' dir='ltr'><strong>simulacrum</strong></span> <span class='ocrx_word' id='word_1_430' title='bbox 799 4711 861 4758; x_wconf 86' lang='lat' dir='ltr'><strong>enim</strong></span> <span class='ocrx_word' id='word_1_431' title='bbox 916 4727 1008 4760; x_wconf 83' lang='lat' dir='ltr'><strong>eamus.</strong></span> <span class='ocrx_word' id='word_1_432' title='bbox 1036 4713 1196 4774; x_wconf 85' lang='lat' dir='ltr'><strong>Emcrgimus,</strong></span> <span class='ocrx_word' id='word_1_433' title='bbox 1214 4716 1284 4777; x_wconf 85' lang='lat' dir='ltr'><strong>quasi</strong></span> <span class='ocrx_word' id='word_1_434' title='bbox 1304 4716 1480 4768; x_wconf 82' lang='lat' dir='ltr'><strong>reririscenlcs.</strong></span> 
     </span>
     <span class='ocr_line' id='line_1_44' title="bbox 302 4771 1023 4840; baseline 0.011 -19"><span class='ocrx_word' id='word_1_435' title='bbox 302 4775 419 4822; x_wconf 86' lang='lat' dir='ltr'><strong>morimur</strong></span> <span class='ocrx_word' id='word_1_436' title='bbox 437 4775 460 4821; x_wconf 91' lang='lat' dir='ltr'><strong>in</strong></span> <span class='ocrx_word' id='word_1_437' title='bbox 479 4771 634 4839; x_wconf 82' lang='lat' dir='ltr'><strong>baptismate]</strong></span> <span class='ocrx_word' id='word_1_438' title='bbox 654 4776 803 4839; x_wconf 86' lang='lat' dir='ltr'><strong>Baptizamur</strong></span> <span class='ocrx_word' id='word_1_439' title='bbox 818 4792 862 4840; x_wconf 90' lang='lat' dir='ltr'><strong>pro</strong></span> <span class='ocrx_word' id='word_1_440' title='bbox 917 4780 1023 4840; x_wconf 82' lang='lat' dir='ltr'><strong>(Rigalt.)</strong></span> 
     </span>
     <span class='ocr_line' id='line_1_45' title="bbox 301 4840 866 4906; baseline 0.012 -18"><span class='ocrx_word' id='word_1_441' title='bbox 301 4841 411 4889; x_wconf 84' lang='lat' dir='ltr'><strong>mortuis.</strong></span> <span class='ocrx_word' id='word_1_442' title='bbox 442 4840 580 4903; x_wconf 83' lang='lat' dir='ltr'><strong>llergimor,</strong></span> <span class='ocrx_word' id='word_1_443' title='bbox 597 4843 667 4906; x_wconf 81' lang='lat' dir='ltr'><strong>quasi</strong></span> <span class='ocrx_word' id='word_1_444' title='bbox 685 4851 787 4893; x_wconf 79' lang='lat' dir='ltr'><strong>mortem</strong></span> <span class='ocrx_word' id='word_1_445' title='bbox 804 4845 866 4894; x_wconf 84' lang='lat' dir='ltr'><strong>sub·</strong></span> 
     </span>
    </p>
   </div>
   <div class='ocr_carea' id='block_1_5' title="bbox 0 0 1626 5775">
    <p class='ocr_par' dir='ltr' id='par_1_13' title="bbox 0 0 1626 5775">
     <span class='ocr_line' id='line_1_46' title="bbox 0 0 1626 5775; baseline 0 2"><span class='ocrx_word' id='word_1_446' title='bbox 0 0 1626 5775; x_wconf 95' lang='lat' dir='ltr'><strong> </strong></span> 
     </span>
    </p>
   </div>
  </div>
 </body>
</html>
