3242 5775
518 573 557 616 ne
578 573 825 656 aasumacrtoue
846 573 958 617 emata.
1258 560 1327 626 'att

149 677 228 805 quae
256 720 422 797 intercidit,
456 722 515 784 ¹³ut
542 722 664 785 claudus
693 732 723 784 et
750 723 851 785 luscus
880 722 937 785 ¹⁴ct
958 741 1064 786 caecus
1087 709 1118 785 e't
1136 707 1275 804 leprosus
1298 733 1329 787 et

149 824 330 907 paralyticus
354 824 582 897 ¹⁸revectantur,
617 835 649 885 ut
676 824 793 885 redisse
821 842 881 885 non
903 823 993 902 libeat
1014 824 1050 885 ad
1061 824 1257 903 pristinum?
1289 844 1328 887 an
1383 875 1390 884 .
1437 890 1441 898 ,
1499 812 1509 822 ’

150 926 276 1006 integri,
305 925 466 987 utiterum
491 925 557 986 talia
580 925 641 1005 pati
664 923 808 986 timeant?
857 924 935 998 Quid
958 934 1019 987 tum
1042 926 1079 987 de
1105 924 1328 1005 consequentiis

150 1025 288 1090 carnis¹i
324 1027 481 1089 Rursusne
503 1026 601 1088 omnia
624 1026 793 1088 neccssaria
815 1025 874 1099 illi,
897 1033 928 1088 et
947 1026 1085 1105 inprimis
1108 1025 1215 1107 pabula
1239 1034 1328 1107 atque

137 1127 304 1210 potacula,
317 1170 322 1173 -
337 1136 368 1188 et
388 1126 580 1207 pulmonibus
607 1126 797 1199 natandumt,
832 1134 862 1188 et
889 1127 1041 1188 intestinis
1063 1126 1277 1203 aestuandum,
1298 1135 1329 1189 et

152 1228 299 1309 pudendis
321 1247 382 1290 nou
397 1228 585 1307 pudendum,
609 1236 639 1288 et
654 1227 792 1289 omuibus
808 1227 950 1289 membris
965 1226 1184 1290 laborandum?
1211 1228 1327 1292 llursus

154 1331 248 1393 ulcera
272 1338 303 1391 et
323 1329 443 1391 vulnera
467 1338 498 1391 et
518 1329 611 1391 iebris
635 1329 692 1391 '‘et
712 1328 843 1408 podagra
866 1337 896 1390 et
917 1347 1000 1390 mors
1024 1328 1239 1408 ¹⁷reoptaudai
1272 1329 1327 1391 Ni·
1397 1306 1401 1318 ¹

155 1432 258 1492 uirum
283 1430 357 1491 baec
378 1438 466 1500 eruut
486 1438 553 1491 vota
576 1431 674 1519 carnis
696 1429 932 1508 recuperandae,
966 1429 1072 1492 iteruin
1103 1448 1212 1511 cupere
1234 1430 1271 1493 de
1293 1450 1328 1493 ea

156 1532 287 1593 eradere.
319 1531 357 1592 Et
377 1550 436 1592 nos
458 1532 576 1611 quidem
599 1532 673 1592 haec
693 1530 841 1609 aliquanto
864 1530 1019 1592 honestius
1041 1548 1097 1609 pro
1120 1531 1180 1594 atili
1200 1532 1327 1612 pudore.

158 1631 291 1693 Ceterum
314 1640 455 1710 quantum
479 1632 566 1694 etiam
591 1632 819 1711 ¹'spurciloquio
835 1631 922 1693 liceat
934 1630 1052 1692 illorum
1068 1631 1099 1693 in
1115 1632 1326 1712 congressibus

159 1731 334 1812 ”especiem
357 1740 416 1794 mm
439 1732 625 1794 ethnicorum
637 1752 733 1812 quam
757 1732 984 1793 baereticorum.
1027 1742 1030 1747 ’

238 1832 332 1912 igitur
354 1833 494 1911 quoniam
516 1842 546 1894 et
567 1834 658 1895 rutles
681 1834 789 1913 quique
819 1834 856 1894 de
878 1832 1084 1895 communibus
1105 1832 1202 1895 adbuc
1218 1833 1325 1896 senai-
1345 1840 1436 1899 cul·

159 1930 209 1995 bus
232 1932 371 2012 sapiunt,
400 1945 430 1995 et
451 1934 531 1995 dubii
556 1942 585 1994 et
607 1933 757 2013 simplices
784 1953 840 2013 per
862 1933 984 1995 eosdem
1006 1951 1115 1995 seusus
1138 1933 1254 1996 ¹denuo
1277 1934 1326 1996 in·

159 2032 337 2112 quietantuc,
370 2042 401 2095 et
423 2033 531 2114 ubique
552 2034 683 2114 'primus
711 2034 769 2094 iste
797 2034 828 2095 in
857 2053 913 2096 nos
941 2035 1019 2096 aries
1048 2033 1246 2113 'temperatur
1266 2055 1326 2117 quo

159 2134 249 2195 carnis
272 2131 409 2194 condicio
431 2134 620 2214 ‘quassatum
654 2134 824 2198 necessario
854 2145 883 2196 et
910 2153 926 2195 a
954 2134 1041 2197 uobis
1069 2136 1167 2197 caruis
1197 2136 1327 2216 primum

156 2233 288 2296 condicio
311 2234 477 2309 munietur,
500 2236 716 2315 vituperatione
737 2235 906 2297 laudatione
928 2235 1061 2315 depulsa.
1090 2236 1134 2297 lta
1148 2253 1207 2297 nos
1221 2237 1327 2299 rheto-

156 2335 240 2398 ricari
262 2353 382 2414 quoque
403 2346 566 2414 provocant
587 2334 742 2409 baeretici,
765 2337 843 2396 sicut
864 2335 970 2396 ⁸etium
985 2336 1202 2417 philosophari.
1233 2337 1327 2400 Futile

154 2444 186 2498 et
205 2435 346 2497 tricolum
368 2436 446 2498 istud
470 2438 697 2517 corpusculum,
720 2437 799 2515 quod
823 2436 930 2498 malum
953 2436 1082 2515 denique
1103 2437 1251 2518 appellare
1265 2456 1327 2500 nou

152 2537 296 2611 horrent,
319 2537 569 2620 etsiqangelorum
593 2537 701 2600 luisset
722 2537 874 2617 operatio,
903 2547 936 2598 ut
957 2538 1118 2600 Menandro
1141 2547 1171 2600 et
1191 2537 1327 2600 ‘blanco'

149 2637 264 2718 piacet,
288 2637 346 2698 etsi
368 2637 446 2715 ignei
469 2638 593 2699 alicuius
610 2638 772 2700 exstructio
788 2655 881 2716 aeque
896 2638 1009 2716 angeli,
1031 2649 1065 2701 ut
1076 2639 1193 2719 Apelles
1208 2637 1342 2714 docet⁸,'

151 2739 306 2825 sufficeret
328 2737 364 2799 ad
387 2739 590 2800 auctoritatem
613 2738 710 2800 caruis
732 2737 915 2800 'secundae'
938 2738 1098 2802 divinitatis
1120 2740 1327 2821 patrocinium.
1397 2790 1401 2798 .

149 2839 282 2920 Angelos
303 2847 375 2919 post
396 2838 483 2901 deum
508 2839 653 2901 novimus.
690 2840 751 2901 latu
773 2857 852 2900 nune
872 2838 1025 2920 ‘quisquis
1040 2840 1088 2905 ille
1104 2859 1238 2904 summus
1254 2841 1327 2905 deus

149 2941 293 3003 baeretici
323 2940 465 3019 cuiusque
495 2949 558 3012 est,
591 2960 651 3001 non
680 2941 828 3016 immerito
856 2940 892 3001 ab
924 2941 990 3020 ips‘o
1013 2960 1132 3022 quoque
1152 2943 1330 3005 deducerem

149 3042 255 3104 carnis
276 3041 466 3120 dignitatem,
489 3060 504 3101 a
528 3060 586 3121 quo
609 3042 746 3102 voluntas
767 3041 977 3120 producendae
993 3042 1020 3102 ei
1037 3042 1190 3105 adfuisset.
1221 3043 1331 3124 Utique

149 3142 236 3206 enim
258 3141 463 3222 prohdiuisset
484 3142 549 3202 lieri
571 3161 657 3220 quam
681 3142 745 3203 lteri
769 3143 892 3215 scisset,
916 3142 943 3202 si
965 3142 1030 3203 fieri
1051 3142 1209 3204 noluisset
1242 3144 1286 3205 lta
1300 3152 1333 3206 et

151 3243 321 3306 secundum
345 3242 413 3304 illos
436 3261 529 3322 aeque
552 3262 621 3304 caro
644 3243 690 3304 dei
713 3262 771 3304 res.
805 3241 902 3302 'Nihil
925 3241 1026 3320 operis
1049 3260 1110 3302 non
1126 3241 1197 3304 'eius
1218 3251 1266 3304 est
1280 3243 1330 3322 qui
1379 3276 1385 3285 ·

154 3429 197 3480 tt.
217 3436 241 3477 ct
258 3429 339 3488 (liic.
394 3428 432 3477 ll.
451 3436 474 3477 et
492 3430 623 3479 omllidc.
679 3428 716 3476 15.
735 3434 885 3478 revertentur
902 3429 927 3477 l.
982 3425 1021 3476 16.
1041 3428 1064 3475 'et
1082 3427 1188 3490 podagra
1207 3441 1252 3476 oar.
1267 3424 1330 3476 tec.

149 3499 253 3550 Addidit
276 3498 376 3560 primasi
399 3498 428 3545 de
451 3499 500 3544 ruis
522 3492 590 3545 tibris
609 3497 746 3558 Gnupueiar.
809 3493 847 3542 l'l.
873 3494 1004 3557 reoptanda
1032 3494 1058 3544 d,
1076 3494 1254 3543 tres-Vaticani.
1290 3507 1330 3542 re·

151 3566 247 3630 ptaadr
262 3566 289 3614 t.
324 3564 472 3627 redoptanda
491 3566 584 3627 reliqui.
631 3562 669 3612 ta.
688 3560 855 3625 spurciloquio
874 3561 1011 3612 liceatlide.
1031 3562 1199 3612 trerl'eticari.
1235 3559 1332 3623 spurci·

151 3633 264 3696 loquium
284 3631 355 3680 liccat
372 3648 394 3680 a.
429 3631 587 3694 spurciloquii
607 3630 677 3679 liceat
694 3632 734 3679 to.
780 3628 939 3692 spurciloquii
958 3628 1015 3678 licat
1032 3630 1064 3690 d.,
1084 3644 1135 3679 eum
1152 3627 1330 3678 triennum

151 3709 177 3751 et
195 3701 265 3763 (ἔπη.
284 3699 401 3762 Seioppio.
456 3698 494 3747 ts.
514 3698 622 3761 experire
641 3714 690 3760 epo.
726 3697 829 3760 experiri
847 3697 903 3746 libri
920 3712 1006 3746 omncs.

225 3767 285 3829 Cap.
303 3765 329 3814 l.
374 3765 397 3816 l.
415 3765 675 3828 inquietanturdenuo
694 3767 720 3815 t.
772 3763 796 3814 2
815 3764 995 3826 primustbcd.
1031 3764 1055 3813 in
1073 3761 1159 3826 primis
1176 3762 1270 3826 reliqui.
1306 3759 1333 3812 ³.

152 3842 311 3896 comperattrr
329 3833 369 3896 qui
387 3834 412 3882 t.
465 3833 489 3881 l.
508 3842 635 3895 quassetur
652 3834 677 3882 t.
736 3832 759 3880 5.
778 3832 951 3894 vituperatione
975 3831 1112 3881 laudatione
1135 3828 1237 3893 depulsa
1254 3828 1333 3880 teta.

152 3910 202 3951 tres
224 3901 334 3951 Vulcani.
368 3900 567 3963 vituperationem
588 3900 724 3948 laudatione
742 3898 852 3961 depellas
870 3900 921 3949 bed.
968 3898 991 3948 5.
1011 3899 1082 3948 etiam
1102 3897 1181 3948 oded.
1222 3895 1247 3945 d.
1265 3910 1332 3946 naar-

152 3970 194 4019 cio
211 3967 239 4018 B.
273 3967 387 4017 darsiani
406 3967 573 4017 duol'oticom'.
626 3967 650 4015 'l.
669 3966 751 4015 sedem
772 3967 796 4014 ll.
831 3966 963 4015 secuudum
980 3965 1025 4016 tc.
1085 3964 1109 4015 8.
1128 3964 1231 4028 quisque
1249 3963 1290 4019 illa
1309 3971 1334 4014 et

152 4049 266 4086 nanas
285 4039 309 4084 t.
353 4035 378 4084 9.
398 4036 455 4083 nihil
476 4050 523 4082 non
542 4043 587 4092 est,
607 4035 657 4082 eins
676 4039 746 4083 estt.
781 4033 845 4083 llilril
865 4034 947 4102 operis
966 4047 1014 4082 uon
1032 4041 1078 4093 est,
1096 4031 1197 4081 einserl
1213 4031 1237 4082 0.
1272 4029 1333 4082 utet

154 4102 242 4167 operia
258 4116 305 4151 non
325 4110 362 4152 est
378 4103 402 4151 d.
438 4103 501 4152 lliltil
522 4103 603 4164 operis
622 4116 670 4150 nou
688 4109 725 4151 cst
743 4102 794 4150 eius
812 4117 835 4149 a.

190 4237 207 4285 l.
227 4235 257 4285 dc
274 4237 455 4300 consequentiis
482 4231 573 4300 caruis]
602 4235 638 4285 ct.
658 4234 720 4284 inira
771 4233 943 4284 Tertullianus.
987 4230 1117 4281 llcnander
1141 4190 1200 4280 illud
1217 4230 1333 4281 babuita

160 4303 265 4368 apso.
284 4311 308 4352 et
327 4304 430 4366 eaput.
771 4302 880 4360 Simone,
899 4300 966 4348 cuius
984 4298 1118 4361 discipulus
1136 4299 1189 4348 luit.
1221 4297 1258 4348 Cl.
1276 4297 1333 4348 tur.

112 4380 115 4384 ·
191 4388 213 4434 q.
232 4370 390 4433 pulmonibus
416 4365 557 4434 natandum]
582 4368 720 4432 ldetapboaa
772 4369 863 4418 Omnes
882 4368 952 4417 llaer.
971 4366 1063 4429 capt.

159 4438 189 4489 de
225 4438 364 4497 branchiis,
399 4437 602 4501 quemadmodum
632 4437 721 4551 ιιιάοιὰ
807 4469 830 4518 ὴ.
855 4476 880 4517 m
903 4466 1000 4528 mua
1023 4463 1107 4529 dom]
1133 4466 1170 4517 cr·
1198 4458 1235 4516 m-
1255 4466 1335 4517 cm

774 4536 832 4585 Cba.
855 4550 908 4597 cap.
926 4534 949 4583 8.
986 4534 1019 4582 lie
1042 4533 1136 4582 tuimr-
1153 4547 1206 4598 cap.
1223 4533 1264 4583 23.
1299 4532 1335 4582 lla

775 4603 884 4652 Praeser.
903 4603 997 4650 llaeret
1016 4599 1118 4665 capdd.

160 4507 189 4556 da
206 4506 231 4555 la
250 4505 327 4554 Cerdr
347 4513 437 4564 censet,
463 4505 498 4553 rel
517 4505 546 4553 de
564 4504 678 4561 brachiis,
698 4503 704 4552 i

160 4582 195 4622 est
212 4573 304 4636 pinnis,
332 4573 434 4635 piscium
454 4573 590 4634 desumpta,
620 4583 722 4634 quorum

161 4641 248 4690 similis
257 4647 295 4690 est
308 4648 389 4689 motus
399 4640 558 4703 reciprocatui
572 4637 722 4702 pulmonum.

194 4708 254 4772 Cap.
272 4708 297 4754 ll.
343 4723 365 4756 a.
390 4716 416 4755 nt
442 4707 571 4756 llcnandro
597 4713 620 4755 ct
642 4705 722 4754 llarco
807 4719 829 4753 e.
847 4700 980 4767 secundae]
1006 4701 1033 4752 ld
1051 4709 1089 4753 cst
1105 4699 1271 4758 secundariae,
1290 4712 1335 4748 an-

163 4769 253 4840 placct]
271 4774 352 4825 llarco
371 4775 439 4823 aolus
457 4775 528 4824 tradit
547 4775 593 4822 hoc
607 4773 722 4837 placitum
772 4771 892 4835 pelorum.
