3242 5775
588 668 736 713 mucosus
758 668 902 732 amma,
1269 656 1329 721 b'll

153 819 246 899 accipi
277 818 334 880 ¹¹et
361 816 507 879 visibilem
538 827 567 879 et
594 816 787 892 invisibilem,
821 818 974 898 quomodo
1003 818 1131 882 eundem
1158 829 1274 899 patrem
1302 831 1333 886 et

153 921 262 995 lilium,
291 919 430 998 quoniam
453 927 482 980 ct
503 918 591 999 paulo
615 937 723 998 supra,
755 926 911 998 antequam
939 920 1042 983 lacicm
1063 919 1159 1001 Moysi
1180 931 1332 1001 negasset,

154 1020 296 1100 scriptum
324 1020 363 1083 sit
390 1020 544 1082 dominum
572 1020 611 1081 ad
637 1020 759 1099 Moysen
786 1019 919 1081 locutum
952 1039 1067 1094 coram,
1101 1020 1182 1083 runt
1208 1022 1236 1084 si
1263 1021 1332 1103 quis

153 1123 291 1201 loquatur
311 1121 347 1184 ad
369 1122 497 1184 amicum
520 1139 630 1193 suum,
657 1137 719 1182 non
746 1120 847 1183 minos
869 1139 956 1201 quam
986 1131 1016 1184 ct
1035 1120 1140 1196 Iacob,
1173 1122 1237 1203 Ego
1258 1122 1331 1197 ridi,
1350 1106 1471 1208 11⁰1qu

154 1224 265 1302 inquit,
301 1222 454 1284 dominum
481 1221 556 1283 facie
583 1222 619 1282 ad
647 1220 762 1283 faciem.
812 1220 892 1302 Ersso
925 1222 1052 1286 visibilis
1086 1222 1144 1285 ’ἐι
1174 1222 1332 1289 invisibilis

154 1323 245 1385 idcm.
278 1321 317 1382 Et
338 1321 505 1401 quia-idem
528 1330 699 1401 utmmque,
721 1320 790 1383 idco
814 1331 845 1384 ct
865 1322 933 1401 ipse
947 1321 1058 1403 ¹⁸pater
1077 1323 1252 1400 invisibilis,
1274 1341 1333 1406 qua

155 1424 295 1496 attilius,
317 1421 454 1483 risibilis.
488 1421 585 1495 Quasi
603 1441 664 1485 non
686 1423 835 1503 expositio
859 1423 1040 1503 scripturae,
1063 1443 1139 1505 quae
1152 1426 1186 1487 lit
1199 1444 1218 1487 a
1231 1426 1331 1503 nobis,

154 1524 216 1583 filio
240 1531 402 1603 competat,
425 1532 509 1603 patre
531 1524 666 1604 seposito
689 1522 720 1585 in
741 1542 796 1585 sua
820 1523 1058 1605 ¹⁴inyisibilitate.
1095 1526 1228 1589 Dicimus
1250 1528 1332 1591 enim
1443 1603 1447 1609 ι

156 1634 186 1684 ει
208 1623 301 1686 lilium
323 1643 379 1686 suo
406 1624 527 1687 nominc
555 1632 678 1686 eatenus
706 1623 901 1699 invisibilem,
935 1644 992 1705 qua
1020 1644 1120 1689 sermo
1149 1635 1181 1690 ct
1207 1629 1331 1709 spiritus

154 1725 203 1786 dei
226 1743 261 1786 ex
284 1724 466 1787 substantiae
488 1725 663 1788 condicione
685 1725 744 1787 iam
765 1743 861 1798 nunc,
896 1724 953 1787 1ἐι
976 1715 1060 1807 ¹⁶qua
1081 1727 1156 1789 deus
1178 1737 1209 1791 ct
1230 1748 1332 1793 sermo

155 1834 185 1885 ει
206 1825 332 1904 spiritus
355 1814 447 1900 ¹⁷dei,
469 1825 615 1888 risibilem
638 1835 736 1894 autem
758 1827 855 1888 luisse
876 1833 944 1888 ante
966 1844 1086 1888 carnem
1108 1845 1145 1889 co
1164 1830 1255 1891 modo
1270 1848 1331 1911 quo
1383 1844 1386 1847 ·

154 1924 224 1987 dicit
245 1926 282 1987 ad
296 1926 395 1988 Aaron
417 1935 448 1988 ct
460 1927 591 2000 Mariam,
610 1926 678 2002 ,Etsi
700 1927 790 1988 luerit
810 1928 973 2006 prophetes
995 1928 1027 1989 in
1049 1926 1145 2001 vobis,
1167 1929 1199 1991 in
1214 1930 1329 1995 risione
1343 1926 1454 2036 ffiqq

156 2044 319 2105 cognoscar
339 2026 397 2102 illi,
423 2035 453 2088 et
473 2028 505 2087 in
527 2027 692 2088 ¹³¹’somnio
714 2027 820 2106 loquar
837 2028 894 2101 illi,
916 2047 977 2089 non
993 2021 1144 2109 quomodo
1160 2030 1271 2111 Mopsi,
1295 2052 1331 2096 oa
1382 2008 1389 2032 ’
1455 2011 1462 2024 ’

155 2128 191 2189 ad
214 2147 248 2189 os
269 2128 375 2210 loquar
399 2128 466 2188 ¹⁸illi
489 2127 519 2189 in
542 2128 653 2206 specie,
675 2127 705 2188 id
728 2129 820 2189 estin
835 2129 966 2201 veritate,
989 2139 1019 2191 ει
1032 2147 1094 2192 non
1109 2131 1140 2192 in
1155 2133 1331 2212 aenigmate,

155 2228 184 2289 id
207 2237 336 2290 estnon
358 2230 419 2291 ¹⁰iu
441 2228 584 2306 imagine3
607 2229 685 2289 sicut
706 2237 735 2289 ει
749 2228 919 2307 apostolus:
941 2230 1174 2293 Nuncvidemua
1190 2242 1330 2315 tanquam
1344 2229 1439 2333 ffifflq·

155 2348 210 2408 per
232 2330 385 2409 speculum
407 2330 437 2390 in
466 2330 646 2408 aenigmate,
684 2335 754 2391 tunc
783 2337 882 2391 autem
909 2330 984 2392 lacie
1010 2332 1048 2393 ad
1075 2332 1188 2395 taciem.
1237 2334 1332 2413 Igitur

155 2449 223 2491 cum
245 2430 336 2508 Moysi
359 2438 456 2492 servat
477 2439 669 2509 conspectum
691 2448 777 2491 suum
806 2439 838 2491 et
864 2429 1043 2511 colloquium
1071 2432 1146 2495 lacie
1167 2433 1205 2495 ad
1226 2435 1331 2499 laciern
1376 2449 1382 2465 “

156 2532 187 2590 in
215 2530 346 2591 loturum
374 2534 452 2606 (nam
483 2532 541 2591 hoc
567 2540 681 2609 postea·
701 2531 893 2611 adimpletum
922 2540 970 2594 est
997 2532 1029 2593 in
1057 2533 1168 2595 montis
1198 2553 1332 2611 secessu,

154 2632 233 2692 sicut
254 2630 379 2710 legimus
406 2631 436 2713 ip
467 2631 617 2711 cvangelio
645 2631 742 2693 visum
771 2651 838 2694 cum
867 2632 918 2694 illo
940 2633 1064 2712 Moysen
1091 2633 1333 2716 colloquentem),

155 2740 279 2810 apparet
299 2740 380 2793 retro
403 2751 523 2812 semper
544 2733 574 2794 in
596 2733 718 2812 speculo
741 2733 799 2794 ”et
813 2734 978 2813 aenigmate
993 2741 1023 2795 et
1037 2734 1153 2797 visione
1168 2744 1198 2798 ct
1212 2738 1332 2801 somnio

156 2834 260 2906 deum,
284 2833 314 2895 id
336 2841 383 2896 est
404 2834 496 2895 lilium
518 2833 581 2908 dei,
603 2833 715 2910 risum,
741 2844 798 2897 tam
822 2834 977 2915 prophetis
1001 2843 1031 2897 et
1051 2835 1228 2915 patriarchis
1243 2856 1333 2918 quam

156 2945 184 2997 ει
206 2936 264 3015 ipsi
287 2935 383 2996 adbuc
403 2934 506 3012 Moysi.
550 2935 588 2995 Ει
608 2936 675 3016 ipsc
703 2937 823 3017 quidem
851 2937 990 2997 dominus
1020 2936 1045 2999 si
1073 2939 1151 3000 lorte
1173 2957 1274 3001 coram
1295 2940 1333 3003 ad

156 3037 259 3097 laciem
289 3035 481 3115 loquebatur,
517 3054 577 3096 non
607 3046 704 3098 tamen
732 3047 766 3099 ut
792 3045 840 3100 est
866 3039 957 3100 homo
987 3037 1089 3100 faciem
1121 3039 1185 3102 eius
1207 3040 1333 3117 rideret,

155 3138 242 3198 ²¹nisi
270 3138 347 3197 sorte
374 3136 405 3206 in
434 3137 555 3217 speculo
584 3136 643 3198 ²²et
670 3138 701 3198 in
730 3139 904 3216 aenigmate.
954 3138 1088 3218 Denique
1118 3140 1143 3200 si
1174 3141 1219 3201 sic
1239 3142 1332 3222 Mopsi

156 3238 273 3300 locutus
303 3247 348 3299 est
377 3237 532 3310 dominus,
567 3246 601 3296 ut
629 3246 658 3298 ει
679 3238 796 3316 Moyses
825 3238 929 3300 laciem
951 3239 1017 3300 eius
1040 3238 1207 3301 ”cominus
1230 3243 1332 3318 sciret,

156 3338 305 3417 quomodo
328 3339 426 3399 statim
449 3346 537 3416 atque
560 3336 669 3398 ibidem
691 3337 842 3400 desiderat
862 3339 966 3400 faciem
990 3338 1054 3401 eius
1075 3339 1191 3412 videre,
1214 3339 1332 3420 ”quam

158 3440 224 3520 qnia
247 3440 373 3511 viderat,
397 3458 458 3500 non
482 3436 688 3500 desideraret?
732 3438 899 3511 Quomodo·
917 3456 1010 3517 aeque
1032 3448 1063 3498 ει
1084 3437 1223 3500 dominus
1245 3450 1334 3520 negat

156 3540 248 3601 videri
270 3540 373 3623 faciem
398 3559 481 3600 suam
503 3557 611 3618 posse,
636 3557 723 3617 quam
740 3538 929 3612 ostenderat,
952 3538 1006 3599 ”si
1022 3546 1120 3599 tamen
1136 3538 1333 3603 ostenderat?

156 3643 212 3702 but
235 3660 309 3720 quac
331 3649 378 3702 εει
399 3639 490 3701 iacies
520 3640 582 3711 dci,
614 3641 698 3700 cuius
727 3646 907 3718 conspectus
935 3645 1077 3716 negatur,
1111 3639 1137 3699 si
1165 3647 1230 3700 erat
1257 3638 1333 3720 quae

156 3744 218 3804 risa
241 3740 312 3804 est?
345 3742 427 3814 Vidi,
450 3741 546 3819 inquit
567 3739 671 3813 lacob,
695 3740 782 3801 deum
804 3739 879 3801 lacie
901 3739 1079 3812 adfaciem,
1103 3747 1133 3800 ct
1155 3739 1234 3802 salva
1256 3742 1330 3804 lacta
1351 3730 1473 3835 ffffflw,

158 3853 203 3905 est
225 3844 322 3904 anima
345 3861 420 3903 mea.
464 3840 526 3901 lilia
549 3841 638 3902 debet
660 3859 728 3903 esse
750 3841 856 3915 lacios,
879 3859 969 3919 quae,
993 3840 1019 3901 si
1042 3839 1189 3916 videatur,
1214 3841 1332 3904 occidit

156 3947 213 4007 dut
234 3944 378 4023 numquid
402 3943 477 4004 filius
501 3942 619 4022 quidem
641 3941 810 4016 ridebatur,
833 3940 918 4003 ²⁰etsi
933 3942 1039 4017 lacios,
1063 3940 1144 4003 ''sed
1161 3940 1334 4021 ipsumhoc

157 4047 185 4105 in
208 4046 325 4107 risione
349 4052 379 4104 et
399 4043 547 4105 ²⁸s0mnio
571 4052 601 4104 et
623 4043 744 4123 speculo
773 4052 803 4105 et
832 4043 1013 4121 aenigmate,
1050 4041 1118 4122 quia
1145 4041 1274 4103 2‘'sarrrao
1304 4051 1334 4107 et

161 4197 199 4245 ll.
217 4204 240 4245 ct
258 4214 301 4246 om.
318 4200 369 4247 bcrl.
424 4196 462 4245 12,
482 4204 505 4246 ει
523 4213 567 4246 om.
581 4200 615 4247 bc.
668 4195 707 4246 13.
727 4204 796 4260 pater
815 4195 947 4254 invisibilis,
966 4209 1012 4259 qua
1031 4201 1055 4243 ει
1072 4193 1145 4248 dlins.
1164 4193 1264 4244 visibilis
1282 4210 1332 4258 eqo.

158 4278 203 4326 qua
222 4272 290 4326 pater
308 4265 433 4314 invisibilis
458 4272 482 4312 et
505 4280 551 4328 qua
570 4266 634 4314 lilius
659 4266 691 4324 d,
712 4280 741 4313 ec
759 4265 871 4313 emendat.
889 4264 966 4313 Fuluii
984 4263 1069 4311 llrrici.
1113 4268 1183 4325 pater
1206 4263 1334 4314 invisibilia

157 4332 213 4393 quia
232 4340 255 4379 et
273 4331 336 4380 lilius
354 4333 440 4382 Allobo.
459 4333 524 4381 leid.
581 4333 619 4381 14.
637 4332 798 4382 invisibilitate
817 4332 863 4393 cd,
884 4346 913 4380 cc
931 4329 1162 4379 amendatflorrisii.
1197 4328 1335 4381 visibilitate

156 4400 250 4461 reliqui.
297 4399 336 4447 15.
355 4408 378 4449 ει
395 4402 477 4449 omri.
529 4398 568 4448 16.
587 4413 633 4463 qua
652 4402 685 4460 d.,
705 4414 735 4449 ec
752 4399 865 4449 emendet.
883 4397 1056 4447 Fulciillrrini.
1091 4396 1147 4458 qnia
1164 4396 1251 4448 Allobo.
1268 4397 1334 4448 leid.

159 4466 199 4515 17.
217 4466 256 4514 dci
275 4469 342 4515 om?
395 4467 457 4516 llb.
476 4468 695 4517 somnisrl.l.cid.
755 4465 795 4516 18.
814 4464 939 4516 illisdBo.
958 4464 1022 4514 leid.
1076 4462 1116 4512 ta.
1135 4463 1158 4513 in
1177 4464 1281 4527 imagine
1299 4466 1332 4525 d,
1368 4468 1405 4493 ·'

157 4533 467 4583 caemend.Fulciillrriai.
504 4535 607 4595 imagine
625 4536 719 4599 reliqui.
759 4532 801 4583 20.
820 4540 844 4582 ει
861 4533 885 4583 io
905 4532 1081 4593 aenigmated.
1124 4529 1166 4581 21.
1183 4531 1207 4581 ni
1226 4531 1290 4581 lorta
1306 4530 1334 4580 B.

157 4600 198 4649 22.
218 4608 242 4650 ει
261 4601 339 4651 omi.
359 4601 422 4652 leid.
482 4601 523 4650 23.
543 4603 677 4652 comminus
696 4603 734 4651 Bu
799 4598 840 4649 24.
865 4613 937 4664 qnam
961 4599 1085 4661 (qnoniam
1102 4598 1139 4659 d.)
1163 4599 1219 4664 qnia
1242 4597 1335 4648 viderat

156 4670 210 4719 led.
228 4669 293 4719 leid.
314 4676 336 4717 ct
352 4675 397 4719 tres
419 4670 530 4719 Vaticani.
574 4684 647 4734 quam
670 4670 691 4719 si
715 4667 805 4717 rideret
822 4668 916 4732 reliqui.
974 4665 1016 4717 25.
1029 4667 1061 4716 ‘si
1088 4672 1168 4715 tamen
1195 4664 1336 4715 ostenderat

157 4752 200 4783 rim.
218 4737 244 4785 Α.
264 4738 328 4787 beid.
381 4736 422 4785 26.
448 4744 471 4785 ει
494 4738 530 4785 sic
554 4738 585 4798 d,
611 4753 662 4788 rum
678 4737 759 4787 Fuluio
779 4736 870 4786 llrrirro.
929 4732 970 4783 21.
995 4733 1061 4784 etri.
1113 4732 1154 4782 28.
1178 4731 1274 4782 somnio
1299 4731 1332 4794 d,

158 4804 338 4853 lulullrriuua.
379 4818 467 4853 somno
484 4804 571 4855 Adobc.
588 4805 654 4855 Laid.
706 4803 747 4853 29.
765 4816 847 4853 sermo
867 4811 890 4853 ει
907 4802 1008 4867 spiritns
1025 4801 1066 4852 dd.
1084 4801 1148 4853 Laid.
1190 4801 1229 4850 Sic
1247 4799 1333 4849 maier.

157 4872 225 4921 ctiam
242 4872 306 4923 Fulc.
327 4869 432 4921 Ursinus.
467 4883 548 4921 sermo
567 4872 667 4936 spiritus
683 4872 776 4936 reliqui.
1284 4882 1287 4886 “
