3242 5775
139 678 145 688 ⁴
258 654 326 742 262
519 668 620 724 nnrrrr
643 668 775 713 saaraim
797 667 962 711 rnoaunrrs
984 667 1181 712 rsaruusram

143 854 157 898 ,-
258 840 363 886 uorem
386 820 504 883 Cbristo
526 819 618 882 llarid
639 817 831 900 procurabat,
854 836 942 896 quern
965 816 1144 880 ¹'dominum
1167 815 1317 880 Christum
1342 818 1441 897 magis

107 1122 249 1227 xvidfssm

260 941 347 1002 quam
376 921 468 982 lilium
490 920 581 982 llarid
608 919 815 992 confirmabat,
848 920 927 998 quod
957 937 1019 980 non
1046 927 1226 998 congrueret
1252 918 1439 982 destructori

260 1021 413 1086 creatoris.
446 1022 482 1083 lit
504 1041 540 1084 ex
561 1030 664 1085 nostra
680 1029 764 1100 parte
780 1021 895 1100 ¹”quam
909 1019 1089 1082 conveniens
1105 1017 1328 1099 interpretatio!
1362 1020 1440 1082 Nam

260 1124 311 1204 qui
334 1123 403 1184 olim
426 1142 443 1185 a
464 1141 552 1183 caeco
573 1122 624 1185 illo
646 1122 724 1183 iilius
746 1121 838 1183 David
860 1122 958 1181 luerat
978 1120 1147 1193 invocatus,
1169 1122 1249 1200 quod
1272 1129 1343 1182 tune
1360 1120 1441 1183 reti-

261 1222 555 1298 cuit,nonbabens
578 1223 799 1301 inpraesentia
823 1222 954 1293 scribas,
988 1240 1067 1283 nunc
1094 1222 1172 1283 ultro
1202 1240 1301 1284 coram
1332 1221 1377 1283 eis
1401 1221 1440 1284 de

262 1324 408 1386 industria
429 1323 568 1403 protudit,
591 1333 625 1384 ut
645 1343 693 1394 se,
716 1342 804 1403 quem
827 1341 932 1385 caecam
956 1322 1119 1384 secundum
1141 1322 1305 1385 scribarum
1322 1322 1441 1384 doctri-

262 1443 330 1486 nam
353 1424 444 1486 lilium
467 1432 579 1485 tantum
594 1423 685 1485 David
706 1424 904 1503 praedicarat,
927 1422 1080 1484 dominum
1102 1442 1222 1504 quoquo
1244 1424 1310 1486 eius
1330 1433 1439 1485 osten-

262 1525 361 1597 deret,
394 1533 581 1586 remunerata
603 1524 722 1603 quidem
743 1526 801 1586 lide
824 1524 916 1597 caeci,
948 1543 1006 1604 qua
1033 1524 1125 1585 lilium
1147 1523 1237 1585 David
1268 1525 1443 1586 crediderat

261 1625 387 1698 ”illum,
416 1626 531 1705 pulsata
552 1644 624 1688 vero
645 1625 665 1657 ²¹
674 1626 832 1688 traditione
855 1625 1035 1698 scribarum,
1068 1643 1124 1705 qua
1147 1643 1208 1685 non
1230 1634 1260 1686 et
1281 1625 1439 1688 dominum

262 1744 330 1789 eum
352 1734 468 1788 norant.
513 1726 718 1806 Quodcunque
739 1727 775 1788 ad
798 1726 921 1806 gloriam
950 1735 1098 1806 spectaret
1119 1724 1258 1788 ”Christi
1280 1725 1439 1800 creatoris,

262 1826 307 1890 sic
327 1846 389 1888 uon
410 1827 485 1888 alius
500 1835 642 1890 tueretur
663 1845 750 1906 quam
773 1827 909 1889 Christus
931 1827 1085 1888 creatoris.
1285 1815 1303 1839 ⁹

110 1951 265 2009 conixum.
352 1928 429 1990 Olim
451 1928 587 1990 constitit
607 1928 645 1990 de
665 1929 818 1990 nominum
844 1928 1039 2008 'proprietate
1055 1926 1155 1989 deberi
1171 1927 1267 1990 illam·
1289 1928 1341 2007 qui
1356 1928 1441 2007 prior

109 2757 164 2802 Lao.
174 2756 229 2809 111,
234 2758 253 2800 t.

263 2038 293 2096 et
307 2029 459 2091 Christum
480 2047 567 2090 suum
590 2029 620 2090 in
643 2029 779 2092 homines
802 2030 991 2091 annuntiaret
1011 2038 1041 2090 et
1055 2029 1155 2090 lesum
1176 2030 1438 2092 transnominaret.

262 2129 418 2192 Constabit
438 2129 536 2209 itaque
559 2138 589 2192 et
609 2130 646 2191 de
669 2130 849 2209 impudentia
877 2130 943 2192 eius
972 2130 1023 2209 qui
1052 2130 1160 2191 multos
1192 2130 1271 2192 dicat
1292 2139 1438 2192 renunes
1471 2153 1480 2166 ·

263 2231 436 2293 innomine
459 2231 570 2310 ipsius,
604 2232 683 2310 quod
710 2249 771 2292 non
798 2230 837 2291 sit
865 2231 977 2311 ipsius,
1000 2231 1032 2293 'si
1055 2249 1116 2292 non
1139 2230 1275 2294 Christus
1299 2240 1330 2292 et
1352 2231 1436 2292 lesus

262 2334 405 2396 creatoris
427 2340 489 2404 est,
520 2332 556 2393 ad
585 2351 672 2411 quem
701 2332 869 2411 proprietas
898 2333 1052 2393 nominum
1079 2333 1224 2411 pertinet,
1257 2331 1387 2412 amplius
1408 2339 1439 2394 et

262 2434 418 2513 prohibeat
440 2452 494 2495 eos
516 2432 607 2513 recipi
629 2448 757 2513 quorum
779 2441 809 2493 et
832 2432 896 2512 ipse
922 2452 977 2513 par
1006 2434 1062 2505 sit,
1094 2433 1145 2492 'ut
1171 2433 1221 2511 qui
1250 2433 1379 2512 proinde
1406 2432 1438 2494 in

261 2534 382 2595 nomine
403 2534 484 2596 venit
505 2534 618 2606 alieno,
641 2534 667 2594 si
689 2551 750 2594 non
772 2533 867 2612 ipsius
890 2542 954 2595 erat
975 2553 990 2593 a
1014 2533 1167 2595 mendacio
1193 2533 1325 2594 nominis
1348 2551 1437 2612 prae-

263 2634 362 2695 uenire
385 2633 563 2712 discipulos,
595 2632 646 2710 qui
667 2651 721 2710 per
742 2634 954 2712 proprietatem
977 2634 1108 2693 nominis
1129 2633 1305 2710 possidebat
1325 2632 1440 2694 verita·-

265 2743 324 2795 tem
347 2732 421 2794 eius.
457 2732 582 2794 Venient
603 2731 730 2810 denique
752 2731 794 2793 illi
816 2732 964 2802 dicentes,
987 2732 1049 2812 Ego
1072 2752 1139 2794 suna
1162 2732 1311 2794 consina·
1349 2733 1439 2796 Reci-

263 2834 328 2916 pies
357 2852 425 2906 eos,
457 2834 506 2911 qui
535 2832 727 2895 consimilem·
747 2833 897 2913 recepisti.
947 2832 985 2895 Et
1012 2833 1060 2895 bic
1082 2832 1161 2895 enim
1183 2833 1213 2895 in
1236 2834 1360 2897 nomine
1382 2853 1439 2898 suo

262 2935 352 2997 vonit.
386 2933 464 3007 Quid
487 2952 583 3005 nunc,
606 2934 684 3013 quod
708 2942 738 2995 et
759 2934 825 3013 ipse
846 2933 944 2996 reniet
958 2933 1111 2996 nominum
1128 2935 1268 2995 dominus
1282 2935 1441 2999 ³Cbristua

263 3045 294 3099 et
315 3035 401 3097 lesus
423 3033 589 3096 creatoris?
632 3033 747 3095 Reicies
775 3032 883 3096 illumi
926 3034 964 3095 Et
985 3053 1071 3113 quam
1093 3033 1244 3114 iniquum,
1278 3037 1439 3122 quamiu-

264 3136 376 3197 iustum
398 3143 428 3195 et
449 3135 561 3213 optimo
583 3135 640 3196 deo
663 3134 832 3214 indignum,
861 3144 894 3196 ut
921 3154 981 3195 non
1005 3135 1131 3214 recipias
1153 3154 1221 3199 curn
1244 3136 1275 3197 in
1297 3136 1441 3201 ⁴nomine

264 3255 319 3305 suo
341 3236 527 3307 venientem,
549 3235 599 3314 qui
621 3235 726 3297 ‘alium
749 3235 779 3296 in
803 3235 924 3297 nomine
946 3235 1011 3297 cius
1034 3235 1188 3315 recepisti!
1229 3236 1387 3301 Videamus
1408 3246 1443 3301 et

263 3355 338 3417 quae
361 3338 445 3417 signa
466 3335 651 3417 temporibus
674 3337 817 3417 imponat.
866 3336 961 3408 Bella,
992 3336 1113 3415 opinor,
1143 3345 1174 3398 et
1199 3355 1325 3417 regnum
1347 3358 1441 3420 super

263 3448 462 3519 regnum,.et
483 3449 601 3517 gentem
623 3456 714 3518 super
736 3447 870 3516 gentem,
901 3446 931 3498 ct
951 3446 1083 3516 pestem,
1114 3446 1146 3499 et
1166 3440 1260 3501 lames
1282 3447 1440 3520 terraeque
1476 3422 1480 3441 ¹

263 3549 379 3612 motus,
402 3550 433 3601 et
454 3540 642 3614 formidines,
665 3548 696 3601 et
716 3538 850 3618 prodigia
873 3538 910 3599 de
932 3538 1029 3611 caelo,
1062 3557 1137 3618 quae
1159 3541 1259 3601 omnia
1279 3560 1386 3604 severo
1409 3548 1441 3605 et
1467 3534 1480 3603 .'

262 3640 355 3702 anoni
371 3639 427 3700 deo
443 3648 619 3719 congruunt.
656 3639 735 3701 llaec
755 3658 822 3700 cum
844 3639 951 3700 “adicit
971 3640 1060 3701 etiam
1082 3650 1222 3720 oportere
1242 3626 1326 3714 lieri',
1349 3660 1439 3722 quens

263 3760 296 3803 se
318 3738 472 3820 praestat?
494 3741 710 3803 destructorem
732 3758 769 3800 an
791 3740 983 3820 probatorem
1005 3740 1173 3804 creatoris?
1216 3741 1307 3805 Cuius
1331 3743 1438 3824 dispo-

263 3890 574 3943 18.dominumom.abc.
627 3893 665 3942 ts.
685 3906 830 3958 quamquam
849 3892 892 3943 BC.
944 3892 984 3943 20.
1005 3894 1114 3943 inillum
1132 3894 1176 3945 BC.
1225 3892 1265 3944 21.
1284 3892 1439 3947 traductione

266 3961 387 4009 Vaticanus
405 3974 473 4008 unm.
525 3959 566 4009 22.
584 3959 673 4010 Christi
691 3963 751 4011 delet
769 3961 806 4010 Fr.
820 3961 908 4011 lunius.

331 4028 388 4090 Cep.
407 4026 503 4076 xxxix.
542 4029 562 4076 l.
582 4031 729 4092 proprietate
746 4028 829 4078 deberi
844 4029 910 4078 illam
923 4028 963 4092 qui
981 4044 1030 4092 epo.
1066 4029 1223 4092 proprietate,
1242 4029 1263 4079 ci
1283 4028 1350 4080 illsna
1368 4044 1439 4081 con·

263 4101 344 4157 petere
363 4094 403 4157 qui
422 4095 454 4154 d.,
474 4109 503 4142 aa
520 4097 616 4145 conieci.
634 4095 806 4146 Fulaiiilrsioi.
849 4096 997 4160 proprietate
1015 4095 1037 4145 ei
1056 4096 1121 4145 illum
1142 4095 1182 4159 qui
1207 4096 1292 4148 dCabe.
1315 4097 1439 4149 Vatiessas

261 4168 365 4224 sterque.
417 4158 441 4208 2.
460 4169 486 4210 ut
504 4162 543 4226 qui
562 4164 628 4212 abed.
648 4164 787 4213 Garamans.
829 4164 911 4227 utique
935 4171 959 4212 et
982 4163 1025 4213 ec.
1086 4163 1110 4213 ³.
1130 4164 1240 4214 Cbristus
1266 4172 1291 4213 et
1314 4164 1383 4215 lesus
1398 4164 1437 4217 sd·

264 4228 423 4279 Vaticanorum
439 4229 505 4277 atter.
541 4229 608 4279 lesus
625 4232 719 4295 reliqru.
766 4229 791 4279 t.
808 4245 854 4280 sno
874 4232 970 4281 nomine
989 4230 1031 4281 BC.
1073 4230 1096 4280 5.
1116 4230 1189 4281 alium
1209 4231 1297 4283 BCaed.
1315 4233 1439 4287 Vatitssas

260 4302 364 4360 aterque.
399 4295 503 4345 alienum
522 4299 544 4347 b.
597 4296 620 4347 6.
640 4297 697 4347 dicit
718 4298 839 4348 Vaticanus
858 4314 926 4348 unos.

295 4395 355 4458 Cap.
372 4395 469 4446 xlxix.
510 4412 532 4446 s.
566 4397 648 4446 deberi
675 4393 754 4462 illam}
786 4398 820 4447 ltu
874 4400 944 4447 uerit.
969 4398 1006 4449 Cl.
1024 4413 1097 4461 snpra
1116 4398 1200 4459 libll,
1219 4398 1352 4464 captiba.
1370 4400 1439 4460 „lla-

261 4464 355 4511 corre'ri
374 4463 434 4512 baec
451 4463 530 4513 rerba.
556 4464 659 4513 Verbum
672 4465 822 4515 deberilate·
874 4466 947 4529 nique
972 4474 995 4514 et
1013 4466 1109 4516 bonitas
1133 4467 1170 4516 dei
1190 4483 1203 4516 a
1222 4468 1358 4529 primordio
1375 4482 1438 4532 ape-

260 4529 302 4578 bet
320 4531 343 4578 iu
362 4531 530 4580 terminatione
547 4539 569 4581 te
596 4533 732 4593 praegressi
750 4548 823 4583 soca·
874 4548 926 4583 rum
946 4543 1072 4597 perspecta
1091 4534 1248 4596 persuadebit
1275 4535 1335 4585 nibil
1359 4534 1443 4589 adst.

261 4596 312 4647 buli
330 4605 355 4647 et
372 4598 450 4647 datiso
468 4600 498 4658 ei,
526 4599 567 4662 qui
591 4608 646 4647 ante
669 4601 735 4649 ittam
751 4599 822 4661 rnlgn
874 4601 930 4650 nauli
949 4602 1043 4650 euenire
1061 4603 1180 4666 potuisse,
1198 4611 1222 4652 et
1240 4603 1341 4653 libertas
1356 4602 1439 4653 bans

262 4663 394 4726 legebatur.
439 4664 507 4716 llunc
535 4675 614 4716 autem
642 4666 821 4717 demonstrativi
874 4668 911 4717 nis
935 4669 1065 4730 recogitata
1088 4684 1115 4719 se
1139 4670 1221 4732 potius
1246 4685 1310 4720 ressa
1333 4670 1441 4722 sitm

261 4733 413 4796 pronominis
446 4731 549 4782 dativum
576 4747 647 4782 nemo
675 4733 823 4783 desiderabit
873 4736 935 4799 quod
953 4736 1005 4798 ipsu
1025 4738 1171 4787 commisit.“
1208 4737 1315 4798 attoli,
1332 4752 1387 4802 cap.
1404 4734 1442 4789 80

261 4800 302 4862 qui
327 4802 373 4850 boe
399 4814 453 4849 cum
479 4801 580 4850 mesinae
603 4815 679 4862 genus
704 4801 821 4864 ellipseos
872 4803 937 4862 „nisi
955 4803 1020 4866 quod
1040 4818 1139 4853 necesse
1158 4805 1252 4870 estqui
1270 4806 1443 4857 suentana·

260 4880 310 4916 uon
329 4868 470 4933 infrequens
487 4867 637 4919 Tertulliano
655 4883 710 4919 esse
734 4870 821 4919 mensi·
873 4870 935 4919 rium
955 4884 1003 4920 nou
1021 4870 1121 4922 babet.“
