3242 5775
323 658 385 722 690
561 666 664 718 cnrnrr
687 664 818 709 serrruu
840 662 1006 707 rennnnrrs
1030 657 1227 706 rsnrncmun

320 839 408 904 quam
431 815 641 879 ¹‘substantiva
664 832 728 887 res,
758 811 898 874 nouerit
921 810 1013 891 ¹'ipse
1041 811 1133 881 deus,
1165 810 1217 871 sed
1245 810 1392 876 hactenus
1416 818 1496 890 deus,

284 970 286 980 .
321 922 405 1000 ¹'qua
428 918 581 997 exipsius
605 916 652 976 dci
675 913 856 986 substantia,
892 911 975 991 ¹'qua
998 919 1029 972 et
1056 910 1267 973 ”substantiva
1298 932 1348 975 res
1379 928 1444 992 est,
1472 934 1498 985 et

319 1029 353 1084 ut
374 1019 472 1100 portio
495 1017 590 1097 aliqua
613 1017 716 1078 totius.
759 1014 851 1076 blulto
874 1012 966 1092 magis
988 1012 1082 1073 virtus
1104 1012 1242 1073 altissimi
1270 1032 1333 1075 nou
1357 1019 1416 1082 erit
1437 1023 1498 1103 ipse

319 1121 496 1194 altissimus,
518 1118 614 1197 ²¹quia
636 1135 693 1178 nec
714 1114 899 1177 substantiva
921 1132 970 1174 res
994 1123 1055 1186 est,
1079 1114 1157 1192 quod
1181 1123 1227 1174 est
1247 1116 1388 1194 spiritus,
1425 1126 1498 1189 sicut

318 1241 376 1285 nec
397 1220 556 1300 sapientia,
579 1236 634 1279 nec
655 1215 857 1296 providentia3
880 1215 1004 1276 ethaeo
1025 1215 1104 1276 euim
1126 1215 1309 1276 substantiae
1332 1234 1395 1276 non
1420 1225 1497 1286 sunt,

287 1293 293 1394 l
320 1324 373 1385 sed
401 1321 563 1384 accidentia
593 1308 1047 1396 uniuscuiusquc‘substantiae.
1102 1314 1201 1377 Virtus
1235 1316 1353 1395 spiritui
1384 1317 1497 1387 accidit,

235 1443 245 1458 ·’
298 1399 375 1486 ’πω
395 1422 462 1500 ipsa
483 1420 540 1481 erit
562 1418 696 1497 spiritus.
740 1417 795 1478 llis
818 1417 916 1495 itaque
939 1416 1045 1488 rebus,
1068 1415 1295 1496 ”quodcunque
1319 1424 1408 1489 sunt,
1437 1418 1496 1496 spi-

318 1523 379 1585 ritu
401 1520 448 1582 dei
470 1529 501 1581 et
521 1536 662 1581 sermone
685 1528 715 1580 et
735 1518 860 1591 virtute,
894 1516 1019 1578 conlatis
1049 1516 1079 1576 iu
1103 1518 1264 1595 virginem,
1299 1517 1380 1596 quod
1406 1518 1443 1578 de
1466 1536 1497 1578 ea

318 1621 466 1693 nascitur,
489 1618 567 1681 lilius
583 1618 630 1679 dci
647 1625 709 1679 est·
740 1617 834 1679 ”Hoc
855 1636 889 1679 se
912 1625 941 1678 ct
964 1618 993 1678 in
1016 1618 1084 1678 istis
1107 1617 1266 1695 evangeliis
1290 1619 1355 1698 ipse
1371 1627 1497 1679 testatur

178 1722 419 1798 tue.n,n.atatim
443 1740 459 1782 a
481 1738 585 1800 puero.
628 1717 695 1779 Non
723 1719 822 1790 scitis,
856 1718 967 1797 inquit,
1001 1718 1080 1797 quod
1109 1718 1137 1778 iu
1160 1718 1252 1797 patris
1276 1719 1333 1780 mei
1358 1737 1407 1780 mc
1432 1740 1497 1782 esse

188 1863 192 1872 -
217 1813 294 1909 ,¹2¹ss
320 1819 462 1904 oportet?
499 1821 563 1882 lloc
584 1826 615 1881 et
635 1829 754 1881 satanas
776 1837 844 1879 eum
866 1819 896 1879 in
913 1818 1157 1897 temptationibus
1174 1819 1269 1879 novit:
1293 1820 1325 1881 Si
1348 1820 1430 1882 lilius
1453 1820 1497 1882 dei

179 1895 365 2008 uffheim.
404 1922 469 1984 lloc
490 1921 549 1983 ²⁴et
570 1919 675 1981 exinde
697 1919 852 1981 daemonia
874 1919 1069 1981 confitentur:
1099 1920 1215 1980 Scimus
1245 1920 1296 1998 qui
1325 1921 1385 1992 sis,
1422 1921 1497 1982 lilius

161 2096 164 2103 ¹
200 1977 379 2115 ,ffib’ljdei
417 2023 535 2083 Patrem
563 2028 592 2081 et
619 2020 686 2099 ipse
712 2019 826 2081 adorat.
870 2019 1020 2082 Christum
1050 2039 1084 2079 se
1111 2020 1158 2081 dei
1186 2020 1314 2081 aPetro
1337 2020 1497 2100 ²³agnitum

214 2077 306 2219 Ἣ*
320 2130 493 2202 nounegat.
525 2120 704 2182 ”lusultaus
726 2121 757 2180 in
779 2120 885 2199 spiritu
907 2120 943 2181 ad
965 2128 1095 2200 patrem,
1119 2120 1285 2193 Confiteor,
1309 2121 1423 2200 inquit,
1447 2122 1498 2184 tibi

317 2231 420 2305 peter,
452 2222 533 2302 quod
556 2220 748 2283 absconderis
770 2220 844 2281 haec
870 2239 887 2281 a
910 2221 1103 2300 sapientibus.
1156 2221 1209 2281 llic
1236 2240 1355 2301 quoque
1383 2232 1497 2301 patrem

157 2322 433 2404 'uanuxaauemini
454 2331 559 2384 notum
581 2322 640 2384 nisi
667 2321 727 2381 lilio
755 2321 898 2394 affirmat,
933 2330 963 2382 et
988 2321 1009 2353 ²¹
1018 2322 1111 2400 patris
1139 2322 1228 2383 ulium
1257 2322 1497 2386 ²⁸consessorum

318 2425 509 2487 confessores
532 2430 562 2484 et
582 2422 785 2501 ”negaturum
808 2430 966 2500 negatores
990 2441 1063 2482 suos
1086 2424 1162 2501 apud
1185 2432 1315 2502 patrem,
1351 2425 1496 2488 inducens

164 2516 306 2622 χῃξςξξῇ,
317 2523 489 2604 parabolam
511 2522 664 2602 lilii,‚non
686 2523 794 2602 patris,
817 2523 848 2583 iu
870 2523 985 2584 vineam
1008 2522 1093 2584 missi
1114 2534 1185 2603 post
1199 2524 1312 2603 aliquot
1326 2543 1444 2598 servos,
1469 2535 1497 2587 et

194 2598 303 2711 Q&
318 2622 410 2685 occisi
432 2641 448 2683 a
469 2621 555 2682 malis
576 2622 711 2693 rusticis,
742 2630 807 2684 eta
831 2632 915 2702 patre
938 2623 1068 2696 defensi,
1103 2625 1243 2703 ignoraus
1272 2634 1301 2686 et
1329 2626 1396 2705 ipse
1420 2628 1496 2689 diem

259 2698 265 2718 ⁹
314 2730 349 2794 ,et
369 2722 473 2783 boram
496 2721 627 2783 ultimam
650 2721 706 2784 soli
729 2722 806 2801 patri
828 2733 945 2795 notam,
969 2724 1133 2803 disponens
1156 2744 1279 2804 reguum
1301 2726 1495 2806 ”discipulis

202 2799 297 2914 iffi
319 2822 470 2904 quomodo
493 2828 523 2881 et
544 2821 602 2882 sibi
625 2820 803 2901 dispositum
820 2822 890 2883 dicit
910 2832 1041 2903 apatre,
1064 2824 1176 2887 babens
1198 2835 1377 2905 potestatem
1400 2827 1495 2908 legio-

194 2896 373 3013 ,ffifflucs
395 2922 567 3001 angelorum
589 2921 760 3000 postulandi
782 2922 819 2983 ad
841 2921 980 2984 auxilium
1003 2943 1018 2985 a
1041 2934 1124 3004 patre
1147 2927 1172 2987 si
1196 2927 1302 3000 vellet,¹
1328 2929 1495 2991 exclamans

186 2999 401 3103 mu3⁴⁸·quod
423 3041 457 3084 se
479 3021 552 3082 deus
574 3021 758 3099 reliquisset,
792 3022 823 3083 iu
853 3023 945 3102 patris
974 3026 1109 3088 manibus
1138 3027 1274 3106 spiritum
1298 3047 1434 3107 ponens,
1469 3040 1498 3093 ot

229 3069 284 3113 Luc.

191 3118 304 3214 ξξῌνῐῇξ
317 3131 390 3205 post
411 3122 661 3184 resurrectionem
684 3121 835 3200 spondens
857 3123 1019 3187 missurum
1043 3145 1076 3188 se
1095 3127 1246 3206 discipulis
1263 3130 1495 3207 promissionem

176 3219 430 3322 umqpatris,
460 3232 490 3284 et
511 3223 674 3283 novissime
696 3222 839 3283 mandans
862 3233 895 3285 ut
916 3225 1083 3304 tinguerent
1111 3229 1140 3288 in
1163 3239 1276 3307 patrem
1300 3231 1444 3293 etlilium
1467 3241 1497 3294 et

318 3323 456 3404 spiritum
480 3333 631 3394 sanctum,
664 3341 724 3384 nou
747 3324 777 3383 in
807 3342 909 3385 uuum.
959 3327 1031 3387 Nam
1060 3347 1115 3398 nec
1142 3330 1249 3402 semel,
1282 3331 1335 3392 sed
1365 3343 1424 3404 ter,
1460 3333 1495 3394 ad

283 3458 287 3469 ·
316 3424 431 3504 singula
453 3424 574 3487 nomina
597 3424 627 3485 iu
648 3441 795 3504 personas
817 3424 949 3504 singulas
972 3426 1142 3506 tinguimur.

166 3545 310 3604 capram.
401 3524 439 3585 Et
464 3525 534 3604 quid
563 3543 618 3604 ego
647 3525 676 3585 iu
705 3533 764 3586 tam
795 3525 976 3588 'manifestis
1005 3528 1177 3600 ’morabom
1215 3550 1280 3591 oum
1311 3550 1345 3592 ea
1374 3534 1495 3613 aggredi

316 3623 438 3687 debeam
461 3624 628 3704 dequibus
651 3627 805 3688 manifesta
839 3624 1016 3688 obumbrare
1045 3629 1213 3708 quaerunt?
1258 3632 1392 3711 Undique
1415 3635 1495 3697 enirn

317 3723 436 3787 obducti
458 3724 513 3786 'de
533 3724 741 3786 distinctione·
761 3726 855 3806 patris
878 3736 908 3787 et
929 3727 997 3800 tilii,
1020 3747 1108 3807 quam
1130 3740 1268 3793 manente
1283 3732 1495 3797 coniunctione

316 3823 520 3905 disponimus,
553 3832 587 3884 ut
614 3824 688 3886 solis
716 3834 746 3886 et
771 3826 846 3887 radii
875 3834 905 3887 et
926 3828 1016 3890 tontis
1045 3837 1075 3891 et
1095 3831 1193 3900 lluvii,
1226 3850 1282 3911 per
1308 3833 1493 3898 individuum

315 3929 414 3984 tamen
435 3939 593 3983 numerum
615 3923 741 3986 duomm
764 3934 794 3987 et
816 3926 921 4000 bium,
945 3927 1031 3990 aliter
1049 3947 1112 3992 eam
1135 3932 1171 3992 ad
1194 3951 1278 3994 suam
1299 3933 1494 3999 nibilominus

240 4109 249 4126 ·
317 4104 357 4155 16.
376 4106 636 4159 scaturrientes.
697 4110 737 4161 tt.
755 4112 807 4176 ipss
826 4113 878 4176 ipss
896 4112 956 4164 daus
978 4116 1004 4164 t.
1023 4117 1085 4167 leid.
1149 4117 1187 4168 ta.
1213 4133 1259 4182 qua
1280 4121 1393 4170 latinius.
1437 4124 1492 4186 qnia

318 4172 373 4222 libri
391 4183 504 4224 ennea·
532 4173 570 4224 19.
590 4191 636 4240 qua
655 4185 678 4226 et
696 4179 729 4238 d,
749 4195 799 4229 enm
818 4180 1001 4231 Fulciollrsino.
1036 4198 1098 4247 quae
1116 4192 1139 4232 et
1156 4186 1242 4236 Allato.
1263 4188 1326 4236 leid.
1371 4186 1413 4238 20.
1432 4190 1492 4239 sub-

314 4241 444 4290 stantiad.
464 4242 528 4292 test.
581 4242 622 4293 21.
642 4246 800 4308 quialobcd.
836 4249 876 4311 qui
896 4248 921 4297 B.
940 4250 1005 4299 leid.
1028 4249 1090 4299 ,22.
1110 4262 1264 4317 quotcunque
1282 4271 1303 4303 e.
1345 4254 1386 4304 23.
1406 4258 1426 4305 si
1447 4259 1493 4307 boc

315 4321 343 4356 se
361 4307 403 4356 ld.
424 4309 487 4359 Leid.
540 4309 580 4360 tt.
600 4314 718 4362 atomi.
737 4314 800 4363 Laid.
844 4314 884 4363 25.
904 4317 1025 4378 cognitum
1044 4322 1068 4368 t.
1088 4320 1151 4368 leid.
1195 4320 1490 4384 sternumentum,

313 4381 334 4423 et
356 4374 515 4425 Vaticcncrem
532 4394 601 4429 enea.
654 4376 694 4428 tt.
713 4381 774 4444 patri
792 4385 818 4430 t.
837 4382 902 4432 teta.
953 4381 994 4433 28.
1014 4386 1171 4437 consessurus
1188 4389 1253 4437 leid.
1285 4388 1341 4439 „aa
1360 4399 1492 4452 negaturus

314 4442 342 4490 A.
361 4441 425 4491 leid.
478 4442 519 4491 30.
538 4445 756 4510 disciputommt.
775 4449 839 4498 Leid.
1449 4464 1455 4473 “

381 4509 440 4572 Cap.
459 4509 546 4562 xxttt.
583 4514 604 4562 l.
624 4514 909 4566 circumrodentem.
961 4517 986 4567 2.
1007 4520 1121 4570 morabor
1138 4522 1181 4571 tn.
1200 4523 1264 4572 leid.
1301 4539 1385 4574 moror
1396 4527 1490 4591 reliqui.

313 4573 337 4624 3.
356 4575 386 4624 da
404 4574 558 4627 distinctione
576 4595 625 4644 eqo.
661 4582 815 4632 distinetione
833 4583 919 4635 Bnbcd.
954 4585 1131 4637 distinctionem
1150 4592 1175 4639 t.
1194 4591 1258 4639 leid.

346 4708 405 4771 Cap.
423 4707 510 4758 xxttt.
560 4725 582 4760 a.
606 4712 703 4777 obduqti
731 4715 761 4766 de
788 4716 874 4767 distin·
927 4718 997 4768 verbi
1024 4723 1137 4773 obducere
1163 4686 1226 4787 apud
1245 4725 1421 4775 Tertullianum
1439 4728 1490 4777 iera

312 4771 463 4841 ctioueJJta
483 4777 605 4826 emendari
625 4782 708 4830 rocula
726 4785 755 4833 de
772 4787 874 4848 repetita
927 4800 973 4849 pro
1005 4791 1138 4844 conciscere
1166 4792 1201 4840 vel
1233 4797 1353 4854 consulere
1380 4796 1489 4857 usurpati

310 4853 338 4889 er
357 4841 443 4893 initiali
469 4843 619 4908 insequentis
641 4849 749 4900 vocabuli
773 4852 875 4915 syllaba.
927 4855 1036 4918 exempla
1055 4857 1142 4919 collegi
1161 4859 1190 4908 ad
1209 4858 1243 4909 lle
1261 4860 1337 4910 leion.
1356 4875 1409 4924 erp.
1422 4862 1460 4911 ll.
