3242 5775
310 639 372 706 732
431 667 433 674 ·
561 650 663 704 onmrr
685 649 816 736 amrium
836 649 1001 694 rnosunrra
1022 650 1221 698 resruxuuu

309 806 409 879 rides,
431 802 472 864 hli
493 800 649 864 hominis?
671 799 814 881 numquid
828 800 933 880 pusilla
949 800 969 832 ¹¹
977 800 1079 863 domui
1093 801 1198 878 ludae,
1222 814 1255 867 ut
1277 803 1390 868 ludant
1410 808 1477 870 lari·

309 925 385 971 nora
405 923 481 986 quae
502 904 637 965 lecerunt
658 900 739 965 ”hit
772 903 911 981 quoniam
932 902 1127 982 impleverunt
1147 904 1319 985 impietates
1343 928 1431 981 suas,
1452 920 1477 972 et

310 1025 379 1072 soce
400 1004 459 1086 ipsi
486 1004 571 1083 quasi
599 1003 832 1078 subsannantem
864 1021 918 1083 eqo
946 1004 1049 1066 faciam
1078 1024 1143 1067 cum
1170 1007 1381 1088 indignatione
1408 1030 1476 1085 mee,

310 1127 371 1172 non
392 1115 494 1188 parcet
508 1105 610 1168 onnus
625 1123 725 1179 meus,
750 1104 873 1184 ”neque
887 1105 1070 1180 miserebor;
1094 1106 1327 1172 “exclamabunt
1341 1089 1380 1174 'ad
1396 1132 1476 1176 auree

311 1227 393 1274 meas
416 1208 514 1268 “voce
535 1224 657 1286 magna,
686 1213 717 1267 et
737 1223 798 1266 non
821 1205 972 1268 exaudiam
995 1225 1066 1280 sos,
1094 1206 1148 1269 sed
1175 1227 1272 1289 neque
1304 1212 1477 1290 miserebor,

312 1320 342 1374 st
363 1306 523 1372 “clamarit
543 1307 574 1369 in
596 1325 683 1369 aures
706 1325 786 1369 meas
808 1325 881 1368 voce
902 1325 1006 1386 magna
1028 1309 1146 1371 diceus:
1174 1311 1399 1391 adproximavit
1419 1316 1478 1378 vin·
1520 1311 1523 1316 ’

310 1413 387 1476 dicta
409 1391 535 1472 diritatis
556 1408 660 1482 huius,
683 1418 712 1470 et
733 1408 936 1488 unusquisque
957 1409 1059 1472 habuit
1078 1430 1146 1473 vasa
1162 1415 1331 1476 exterminii
1348 1417 1382 1478 in
1398 1437 1479 1481 mann

312 1533 385 1586 sut,
410 1522 440 1574 et
460 1529 528 1598 eoos
550 1529 601 1572 sex
624 1509 678 1571 viri
701 1509 857 1571 veniebant
879 1509 942 1572 ¹'ad
964 1511 1039 1573 viam
1061 1521 1164 1592 portae
1185 1514 1261 1577 altae
1283 1535 1364 1596 quae
1387 1521 1479 1601 respi-

312 1614 409 1680 ciebat
428 1613 466 1674 ad
487 1610 669 1691 aquilonem.
692 1622 722 1673 et
736 1610 967 1690 uniuscuiusque
982 1612 1119 1692 bipennis
1142 1615 1342 1695 dispersionis
1368 1623 1480 1684 eratin

311 1732 401 1780 manu
422 1713 502 1787 eius,
536 1721 566 1776 et
588 1730 663 1774 unus
684 1712 730 1774 vir
751 1712 782 1773 in
803 1712 901 1774 medio
924 1732 1027 1774 eorum
1050 1714 1170 1777 indutus
1193 1716 1333 1796 ¹'podere
1358 1731 1393 1783 et
1413 1743 1481 1785 zona

312 1816 425 1899 saphiri
448 1814 552 1877 ¹'circu
573 1814 690 1876 lumbos
712 1812 793 1887 eius,
828 1823 858 1875 et
883 1814 1064 1877 introierunt
1090 1826 1120 1877 et
1148 1826 1297 1881 steterunt
1318 1821 1483 1903 ¹”proxime

312 1918 412 1982 altaris
434 1916 530 1991 aerei,
553 1925 583 1978 et
604 1914 720 1978 claritas
742 1915 789 1976 dei
811 1915 903 1978 lsrael
928 1916 1060 1978 ascendit
1081 1918 1277 1992 aCherubin,
1301 1941 1383 2002 quae
1406 1925 1483 1989 ''luit

312 2038 404 2101 super
424 2019 539 2080 ''leam
561 2018 591 2079 in
612 2016 804 2079 ²'subdivali'
827 2018 950 2087 domus,
973 2026 1003 2080 et
1023 2020 1137 2081 vocavit
1157 2020 1308 2084 hominem
1326 2027 1383 2104 qui
1399 2029 1482 2090 indu·

314 2131 362 2185 tus
384 2129 447 2184 erat
467 2118 622 2200 ”podere,
645 2118 694 2198 qui
717 2117 820 2180 habuit
841 2138 932 2197 super
946 2119 1063 2182 lumbos
1079 2140 1152 2184 suos
1167 2142 1291 2197 zonam,
1315 2138 1347 2187 et
1362 2128 1440 2192 dixit
1450 2130 1484 2192 ud

314 2241 382 2287 aum
404 2221 557 2284 dominus:
587 2221 680 2283 transi
701 2220 782 2300 “per
809 2221 935 2282 mediam
958 2222 1157 2297 Hierusalem,
1190 2233 1221 2285 et
1242 2227 1342 2289 scribe
1368 2230 1482 2311 signum

313 2323 406 2388 'Tau
428 2324 459 2385 in
480 2321 629 2385 lrontibus
650 2321 779 2384 virorum
801 2323 851 2402 qui
872 2332 994 2401 gemunt
1015 2333 1045 2385 et
1065 2325 1167 2386 dolent
1180 2345 1270 2405 super
1286 2332 1392 2394 omnia
1416 2333 1482 2396 lani·

313 2445 387 2490 nora
408 2445 483 2505 quae
504 2424 629 2485 huntio
650 2424 748 2486 medio
771 2443 892 2496 eorum3
914 2434 944 2486 et
965 2425 995 2486 in
1018 2425 1065 2487 his
1088 2426 1161 2488 dixit
1181 2428 1217 2488 ad
1233 2429 1426 2495 audientem:
1447 2435 1482 2497 ite

313 2538 382 2610 post
404 2546 472 2590 euin
493 2525 554 2587 ¹'in
576 2525 721 2588 civitatem
743 2534 774 2588 et
794 2525 955 2601 concidite,
990 2539 1020 2589 et
1047 2528 1137 2589 nolite
1165 2548 1288 2609 parcere
1312 2535 1414 2598 oculis
1435 2557 1482 2599 ra·

313 2630 404 2702 stris,
426 2637 457 2690 et
476 2645 515 2690 ns
536 2627 735 2690 misereamini
757 2628 887 2689 sanioris
910 2637 961 2690 aut
981 2629 1096 2691 iuvenis
1118 2639 1168 2692 aut
1189 2632 1329 2711 virginis,
1362 2646 1396 2699 et
1416 2657 1481 2719 par-

313 2730 398 2793 vulos
421 2739 452 2792 et
472 2728 612 2791 mulieres
627 2729 783 2792 interficite
798 2747 915 2802 omnes,
938 2739 970 2792 ut
983 2730 1198 2810 perdeleantur,
1221 2734 1359 2798 ”omnes
1375 2749 1480 2815 autem,

315 2849 407 2913 super
428 2849 504 2912 quos
527 2838 573 2893 est
587 2829 649 2892 Tau
671 2831 805 2911 signum,
828 2848 865 2893 ne
885 2832 1085 2906 accesseritis,
1109 2841 1139 2895 et
1159 2853 1175 2897 a
1198 2837 1312 2899 sanctis
1335 2841 1417 2904 meis
1437 2843 1481 2905 in·

197 2947 200 2955 ’
315 2934 414 3016 cipite.
458 2933 552 2994 lluius
575 2940 671 2994 autem
694 2931 770 3012 signi
793 2942 1009 2996 sacramentum
1036 2935 1125 2996 variis
1153 2937 1250 2998 modis
1279 2943 1481 3019 praedicaturo

315 3044 373 3109 est,
395 3035 426 3096 in
447 3052 506 3114 quo
528 3035 585 3096 vita
607 3032 777 3097 bominibus
795 3035 1045 3114 praestruebatur,
1068 3036 1170 3116 inquo
1186 3038 1285 3101 ludaei
1302 3060 1368 3104 non
1385 3053 1482 3108 esseut

213 3125 304 3229 Riihl,
317 3137 474 3211 dedituri3
496 3134 573 3198 sicut
586 3134 702 3215 lloyses
723 3144 792 3196 ante
812 3135 965 3198 nuntiabat
984 3136 1013 3197 in
1028 3137 1142 3213 Exodo,
1163 3140 1275 3213 dicens,
1298 3142 1480 3209 ”Eiciemini

224 3228 289 3283 ’Μ’
315 3239 352 3302 de
374 3237 504 3301 terrain
526 3236 641 3318 ¹'quam
664 3236 842 3310 introibitis,
876 3249 905 3299 et
930 3239 1152 3302 lunationibus
1180 3241 1238 3303 illis
1260 3260 1324 3306 non
1346 3249 1480 3312 critiriu

313 3342 463 3422 requiem,
496 3348 525 3401 et
545 3338 632 3400 ”erit
652 3338 828 3400 instabilitas
849 3338 870 3371 ³¹
878 3339 993 3418 vestigii
1020 3341 1104 3420 pedis
1131 3342 1191 3416 tui,
1224 3352 1254 3405 et
1275 3344 1361 3409 dabit
1383 3349 1479 3413 ”deus

313 3444 366 3509 tihi
389 3462 441 3506 cor
461 3441 593 3505 taedians
615 3448 645 3503 et
664 3441 864 3503 tabescentem
892 3440 1017 3503 animam
1046 3451 1076 3504 et
1103 3444 1206 3505 oculos
1228 3445 1422 3527 deficientes,
1450 3460 1479 3513 nt

313 3564 374 3609 non
396 3545 529 3618 videant,
551 3553 582 3605 et
602 3543 658 3605 erit
679 3542 736 3605 vita
758 3552 807 3632 tua
830 3542 963 3623 pendens
986 3544 1017 3605 in
1038 3543 1117 3623 ligno
1140 3554 1207 3607 ante
1223 3549 1329 3612 oculos
1345 3560 1434 3628 tuos,
1453 3560 1478 3615 et

313 3665 372 3709 non
395 3646 499 3709 credes
521 3645 597 3707 vitae
620 3655 698 3706 tuae.
742 3644 843 3723 ltaque
865 3644 1003 3723 quoniam
1032 3645 1150 3725 impleta
1180 3657 1227 3708 est
1247 3653 1410 3730 prophetia
1431 3671 1478 3735 per

312 3748 468 3810 adventum
490 3746 568 3818 eius,
601 3745 631 3808 id
653 3755 700 3807 est
721 3764 774 3825 per
794 3744 989 3818 nativitatem,
1017 3765 1103 3824 quam
1127 3767 1216 3827 supra
1238 3757 1475 3826 memoravimus,

313 3859 344 3910 et
363 3848 552 3929 passionem,
575 3864 661 3926 quam
684 3846 836 3908 evidenter
856 3847 1014 3919 ediximus,
1037 3858 1193 3927 propterea
1209 3862 1237 3912 et
1251 3852 1357 3917 Daniel
1373 3856 1475 3937 signari

312 3950 456 4013 visionem
484 3956 515 4010 et
539 3945 703 4027 propheten
733 3948 863 4019 dicebat,
896 3948 1035 4029 quoniam
1058 3949 1192 4013 Christus
1221 3962 1269 4014 est
1296 3957 1475 4036 signaculum

315 4136 355 4187 11.
373 4136 459 4186 domur
478 4135 589 4185 ludale.
653 4134 691 4185 12.
716 4136 755 4186 bic
777 4138 832 4186 led.
853 4137 921 4187 l'otir.
987 4135 1024 4186 ts.
1050 4138 1091 4187 red
1117 4153 1193 4203 neque
1210 4142 1236 4191 Α.
1299 4143 1338 4193 li.
1362 4154 1385 4195 et
1404 4146 1475 4196 erela-

314 4204 449 4254 mabontr.
471 4204 539 4253 Votis.
595 4202 633 4252 15.
653 4218 722 4253 voees
740 4206 880 4265 magnast.
935 4203 972 4256 16.
992 4206 1132 4255 exclamabit
1149 4208 1192 4257 All.
1247 4209 1286 4257 ll.
1307 4212 1336 4260 ad
1364 4210 1474 4263 viamid

315 4287 327 4321 a
352 4273 386 4320 ria
409 4272 501 4336 reliqui.
567 4269 605 4320 18.
631 4272 721 4335 podere
750 4266 820 4322 lucu.
848 4273 916 4322 Votie.
960 4274 1073 4335 poderem
1097 4277 1189 4339 reliqui.
1259 4277 1298 4327 ta.
1326 4282 1393 4330 circa
1420 4284 1475 4330 lon·

314 4340 359 4389 hos
382 4333 405 4386 λ.
446 4340 469 4388 in
494 4339 581 4389 lumbis
603 4340 696 4404 reliqui.
754 4338 794 4388 211.
819 4339 927 4404 proxime
950 4335 973 4388 λ.
1019 4342 1041 4390 in
1067 4344 1181 4405 proximis
1204 4345 1295 4409 reliqui.
1361 4348 1403 4398 21.
1428 4351 1474 4398 lue·

313 4407 430 4457 rantlll.
482 4407 545 4457 211).
563 4423 590 4457 ea
609 4409 641 4468 d,
662 4408 797 4458 iniurius.
855 4406 895 4457 22.
920 4408 1027 4458 subdival
1046 4411 1081 4460 cd.
1143 4410 1183 4460 23.
1208 4412 1474 4476 persecuturus.

314 4477 428 4540 poderem
447 4477 538 4539 reliqui.
599 4473 640 4525 li.
658 4490 703 4538 per
720 4477 834 4525 omlcd.
895 4474 935 4525 25.
955 4477 1003 4526 Tau
1023 4473 1104 4526 omi.
1165 4479 1205 4528 26.
1231 4484 1398 4533 inuisitatem
1426 4490 1475 4548 post

314 4545 411 4593 euml.
463 4542 505 4591 27.
524 4542 552 4592 ad
571 4558 613 4593 eos
631 4558 716 4593 omues
734 4552 812 4592 autam
830 4545 856 4594 l.
908 4543 948 4593 28.
968 4545 1118 4595 Eiciminil.
1163 4546 1203 4597 29.
1222 4564 1267 4612 qua
1287 4551 1331 4599 All.
1368 4568 1474 4616 quanio

314 4606 618 4660 matutinalihus.
659 4626 705 4660 non
724 4614 781 4668 (non
800 4613 890 4670 cml.)
915 4613 960 4662 erit
977 4615 1095 4663 stabilitas
1113 4616 1205 4679 reliqui.
1266 4617 1307 4666 31.
1326 4623 1425 4683 uestigio
1443 4620 1475 4670 ed.

313 4678 355 4729 32.
374 4679 432 4728 deus
449 4679 491 4727 tihi
509 4673 531 4726 i.
567 4681 608 4728 tibi
626 4680 685 4729 dens
701 4681 794 4745 reliqui.

348 4813 405 4878 Crp.
424 4813 462 4863 xl.
507 4828 528 4863 a.
546 4810 674 4880 subdivali]
699 4815 799 4866 Glossae
824 4815 943 4881 explicant
965 4807 1123 4883 ὑπαίθριον.
1164 4818 1187 4867 V.
1207 4819 1309 4871 Selmus.
1329 4822 1359 4872 rd
1378 4822 1476 4874 Tertull.

313 4880 349 4933 llo
366 4882 441 4932 Pallio
459 4897 512 4948 cap.
521 4881 544 4934 2.
562 4898 587 4949 p.
600 4882 646 4932 137
658 4898 695 4947 sq.
