3242 5775
589 629 736 684 armatae
756 640 898 686 nuum.
1256 627 1318 694 687

159 790 306 853 Christum
329 808 394 850 eum
418 789 461 852 eie
483 797 685 852 conversatum
706 798 820 870 patrem
841 790 995 871 aliquando
1015 810 1077 856 non
1094 792 1160 855 dico
1179 792 1318 874 intellegi,

158 910 258 953 veram
281 889 326 951 vei
347 890 495 952 aestimari
516 892 661 969 potuisse.
704 890 797 953 Nobis
820 910 924 953 omnes
943 891 1124 972 scripturae,
1150 901 1181 955 et
1201 903 1316 959 veteres

159 991 310 1054 Christum
332 991 396 1062 dei,
418 1001 448 1052 et
469 1010 562 1052 novae
583 991 751 1065 filiumdei,
772 992 958 1071 praefiniunt.
991 993 1056 1056 idon
1076 1003 1106 1057 et
1125 1003 1206 1057 retro
1227 1015 1316 1076 prae·

158 1092 325 1164 dicabatur,
348 1091 406 1152 hoc
419 1079 457 1154 ¹et
478 1092 513 1153 ab
535 1093 602 1172 ipso
617 1092 735 1154 Christo
757 1092 1018 1172 pronuntiabatur,
1039 1094 1130 1159 immo
1150 1095 1208 1160 iatn
1229 1108 1259 1160 et
1280 1098 1316 1162 ait

158 1196 224 1273 ipso
246 1202 329 1273 patre
352 1212 450 1254 coram
473 1194 509 1254 de
531 1194 618 1255 caelis
645 1193 736 1254 filium
764 1194 922 1275 profitente
948 1203 980 1257 et
1004 1194 1096 1257 filium
1121 1196 1316 1275 glorificante:
1375 1177 1376 1182 ἵ
1436 1241 1439 1246 -

158 1296 212 1356 Hie
234 1304 281 1356 est
302 1294 378 1355 filius
401 1312 500 1368 mens,
522 1302 566 1365 et,
590 1295 772 1367 Giorificavi,
795 1304 826 1357 et
839 1296 1018 1374 glorificabo.
1054 1296 1209 1361 Hoc⁶eta
1224 1298 1416 1393 dimi-1¹2ff‘21

157 1398 236 1477 pulis
258 1395 445 1468 credebatur,
472 1395 530 1457 hoo
551 1403 579 1457 et
600 1415 617 1458 a
638 1396 752 1457 ludaeis
773 1414 833 1458 non
863 1397 1051 1472 credebatur3
1083 1398 1141 1461 boc
1160 1418 1194 1464 ee
1214 1381 1449 1464 retexentibu-

157 1499 238 1560 eredi
260 1497 296 1558 ab
319 1497 375 1558 illis
399 1497 476 1557 omni
500 1497 572 1558 bora
594 1506 706 1578 patrem
728 1497 913 1571 nominabat,
942 1508 973 1561 et
991 1509 1103 1579 patrem
1125 1501 1318 1581 praeferebat,
1367 1494 1372 1507 ’
1419 1551 1424 1558 .

157 1610 187 1661 et
209 1608 321 1679 patrem
343 1597 516 1659 honorabat.
561 1598 593 1658 Si
616 1600 654 1660 ita
678 1608 736 1673 est,
766 1617 836 1677 ergo
864 1617 924 1661 non
947 1608 1060 1679 patrem
1080 1610 1162 1664 tanto
1184 1611 1318 1683 tempore

157 1720 260 1761 secum
282 1708 485 1761 conversatum
508 1700 729 1777 ignoraverant,
761 1701 814 1762 sed
836 1700 944 1774 filium,
967 1711 996 1762 et
1016 1701 1172 1777 dominns,
1194 1722 1262 1767 eum
1283 1724 1317 1770 ae

157 1801 287 1880 ignorari
309 1801 490 1879 exprobrans
512 1819 598 1881 quem
621 1802 840 1880 ignoraverant,
863 1821 930 1864 eum
951 1803 1051 1882 utique
1071 1805 1189 1882 agnosci
1204 1804 1318 1870 volebm

157 1922 245 1983 qoem
270 1911 352 1964 tanto
372 1902 448 1963 ⁶non
471 1902 592 1981 agnosci
616 1912 748 1982 tempore
770 1903 1010 1983 exprobraverat,
1032 1904 1062 1967 id
1083 1914 1130 1967 est
1150 1905 1252 1968 filium.
1280 1906 1318 1971 Et

156 2024 300 2084 apparere
320 2004 377 2065 iam
399 2012 498 2083 potest
520 2022 578 2082 quo
601 2003 690 2064 modo
712 2003 821 2065 dictum
845 2004 898 2065 sit:
922 2005 979 2076 Oui
1000 2024 1049 2067 me
1069 2006 1162 2083 videt,
1187 2006 1267 2072 videt
1286 2018 1441 2079 etiamn.

156 2117 286 2187 lintrem,
308 2106 419 2167 scilicet
440 2124 498 2184 quo
521 2114 550 2165 et
571 2122 675 2183 supra:
697 2104 759 2183 Ego
782 2114 811 2166 et
832 2115 915 2183 pater
937 2125 1026 2168 unum
1043 2126 1154 2171 sumus.
1192 2108 1314 2184 enaret
1327 2125 1359 2170 to.
1397 2127 1431 2171 ee.

157 2208 240 2286 quia,
263 2206 325 2285 Ego
347 2226 382 2268 ex
403 2207 458 2267 deo
482 2206 555 2267 exivi
577 2215 607 2267 et
628 2206 708 2280 veni,
730 2216 775 2280 et,
797 2207 860 2286 Ego
880 2227 945 2270 sum
961 2209 1021 2283 via3
1042 2209 1135 2271 Nemo
1149 2210 1186 2272 ad
1200 2221 1313 2291 patrem
1327 2176 1401 2271 'iii¹

156 2309 236 2370 venit
258 2307 313 2369 nisi
334 2325 387 2387 per
407 2328 471 2380 me3
494 2316 537 2380 et,
559 2306 652 2368 Nemo
675 2307 710 2368 ad
733 2326 780 2369 me
801 2308 879 2369 venit
893 2309 951 2371 nisi
965 2318 1048 2389 pater
1063 2328 1131 2372 eum
1145 2311 1313 2390 adduxerim
1327 2278 1393 2373 ¹bb.
1408 2281 1440 2331 '⁸’

157 2420 202 2484 et,
225 2410 330 2473 Omnia
353 2409 424 2470 inibi
445 2417 528 2488 pater
549 2408 682 2480 tradidit;
706 2418 750 2482 et,
773 2409 856 2470 Sicut
869 2420 953 2490 pater
966 2411 1099 2485 vivificat,
1122 2412 1161 2474 ita
1176 2421 1206 2474 et
1218 2378 1465 2490 bbmp'idia'tiia.

157 2522 203 2584 et,
227 2512 259 2571 Si
281 2531 328 2572 me
350 2510 546 2588 cognovistis,
569 2518 598 2571 et
618 2519 730 2589 patrem
746 2510 937 2589 cognovistis.
970 2511 1136 2575 Secundum
1151 2514 1315 2577 baeoenim
1329 2479 1454 2586 iiidie.-

155 2615 294 2674 vicarium
319 2633 351 2673 se
373 2611 465 2694 patris
488 2612 666 2684 ostenderat,
688 2630 843 2691 perquem
857 2621 942 2691 pater
956 2623 985 2674 et
999 2614 1146 2676 videretur
1159 2614 1190 2676 in
1204 2614 1315 2691 'ianus

157 2724 188 2775 et
209 2714 359 2774 audiretur
386 2714 415 2773 in
443 2712 556 2785 verbis,
589 2721 619 2774 et
645 2723 875 2790 cognosceretur
900 2713 931 2775 in
958 2714 1034 2787 tilio,
1071 2717 1144 2777 sacta
1171 2725 1201 2778 ot
1227 2717 1314 2781 verba

157 2817 249 2896 patris
271 2815 509 2887 administrante,
531 2814 598 2894 quia
620 2813 771 2876 invisibilis
792 2824 891 2894 pater,
914 2817 992 2896 quod
1015 2824 1044 2877 et
1064 2816 1217 2898 Phiiippus
1239 2819 1315 2883 didi·

156 2928 239 2979 cerat
260 2919 288 2978 in
311 2920 384 2996 iege,
407 2917 453 2977 ⁸et
474 2916 645 2977 meminisse
659 2915 814 2978 debuerat:
836 2918 929 2979 Deum
943 2937 1030 2979 nemo
1046 2918 1163 2994 videbit,
1186 2929 1215 2982 et
1228 2921 1313 2985 vivet.
1327 2919 1449 3015 &pfl-,⁰

156 3021 193 3080 Et
216 3020 282 3079 ideo
309 3018 480 3097 suggillatur
501 3028 613 3096 patrem
635 3017 734 3079 ridere
761 3017 948 3093 desiderans,
981 3020 1065 3098 qnasi
1094 3021 1254 3095 visibilem,
1285 3031 1315 3084 et
1410 3003 1417 3024 ’
1450 3004 1456 3015 ’

156 3121 311 3182 instruitur
333 3119 475 3180 visibitem
498 3139 563 3179 eum
587 3119 616 3179 in
638 3120 697 3179 filio
720 3120 784 3180 deri
806 3138 842 3181 ex
856 3120 1021 3193 virtutibus,
1045 3139 1105 3182 non
1121 3141 1154 3183 ex
1169 3142 1315 3203 personae

157 3222 437 3301 repraesentatione.
484 3221 615 3299 Dareique
639 3220 664 3280 si
685 3229 798 3299 patrem
820 3220 944 3282 eundem
967 3222 1056 3282 filium
1079 3222 1167 3283 veliet
1187 3223 1315 3304 intellegi

155 3323 297 3395 dicendo,
322 3323 378 3395 Qui
401 3342 447 3382 me
469 3322 562 3396 videt,
584 3331 699 3400 patrem
717 3322 811 3393 videt,
834 3323 982 3400 quomodo
998 3322 1119 3391 subicit,
1142 3322 1207 3382 Non
1228 3323 1311 3386 ⁰.cre·
1326 3338 1450 3392 taxmxo.

156 3426 203 3486 dis
226 3426 292 3503 quia
315 3444 368 3502 ego
391 3424 420 3483 in
443 3432 538 3504 patre,
569 3434 598 3483 et
619 3430 702 3500 pater
731 3422 786 3483 ¹⁰in
808 3421 879 3483 mei
922 3422 1068 3484 Debuerat
1088 3425 1166 3483 enim
1188 3423 1312 3485 subiun-

157 3527 254 3595 xisse,
276 3504 340 3586 Non
365 3526 487 3585 ¹¹credis
511 3525 578 3604 quia
601 3543 654 3602 ego
678 3541 742 3583 sum
764 3520 870 3600 pater?
912 3522 970 3583 Aut
990 3542 1047 3602 qno
1071 3523 1265 3600 exaggeravit,
1288 3525 1314 3586 si
1406 3570 1408 3574 -

156 3647 217 3688 non
250 3627 320 3688 illud
355 3627 548 3687 manifestavit
580 3625 658 3704 xpuod
687 3624 818 3685 voluerat
850 3623 993 3702 intellegi,
1025 3644 1058 3685 se
1086 3624 1196 3685 scilicet
1223 3625 1314 3688 filium

156 3728 247 3790 esse?
280 3729 373 3789 Porro
396 3729 536 3799 dicendo,
559 3727 623 3788 Non
648 3725 768 3787 ¹²credis
791 3727 859 3805 quia
881 3743 935 3803 ego
958 3725 987 3787 in
1010 3735 1108 3805 patre,
1131 3733 1161 3785 et
1180 3733 1264 3805 pater
1284 3727 1315 3790 in

155 3851 220 3901 me,
244 3839 399 3909 propterea
422 3829 521 3909 potius
544 3828 740 3907 exaggeravit,
762 3845 815 3899 ne,
837 3827 904 3906 quia
927 3827 1054 3901 dixerat,
1087 3826 1144 3899 Qui
1165 3846 1213 3888 me
1235 3828 1314 3901 vidit,

155 3943 184 3993 et
207 3944 319 4011 patrem
343 3931 427 4002 vidit,
451 3940 533 4009 pater
548 3930 781 4001 existimaretur,
804 3928 882 4007 quod
900 3948 1046 4008 nunquam
1071 3928 1257 3990 '³existimari
1281 3948 1315 3991 se

154 4033 263 4103 voluit,
287 4031 336 4110 qui
359 4051 476 4111 semper
498 4052 531 4092 se
553 4032 642 4091 filium
666 4040 695 4090 et
716 4050 731 4090 a
753 4038 836 4108 patre
858 4029 975 4090 venisse
990 4029 1191 4109 profitebatur.
1223 4030 1315 4111 Igitur
1355 4064 1363 4081 ι

157 4144 186 4193 et
209 4135 389 4193 manifestam
415 4134 481 4194 iecit
508 4133 629 4193 duarum
659 4150 852 4210 personarum
882 4129 1134 4200 coniunctionem,
1167 4150 1203 4193 ne
1232 4143 1315 4214 pater

156 4255 293 4297 seorsum
317 4235 399 4312 qnasi
427 4234 551 4294 risibilis
580 4235 609 4294 in
639 4244 798 4312 conspectu
828 4233 1059 4306 desideraretur,
1092 4239 1122 4292 et
1149 4230 1209 4295 ¹⁴ut
1235 4233 1312 4296 iilius

155 4347 393 4416 repraesentator
415 4336 504 4414 patris
528 4335 692 4397 baberetur.
737 4335 774 4395 Et
794 4333 984 4394 nibilominus
1005 4333 1063 4393 boc
1083 4351 1199 4412 quoque
1221 4335 1314 4396 inter-

154 4448 288 4519 pretatus
311 4446 367 4510 est,
390 4437 538 4515 quomodo
560 4447 643 4516 pater
665 4446 745 4497 esset
766 4435 796 4497 in
811 4435 881 4507 filio,
905 4443 933 4496 et
947 4434 1024 4494 filins
1040 4433 1069 4494 in
1085 4441 1177 4513 praue.
1208 4434 1313 4511 Verba,
1323 4447 1448 4500 maturo.

154 4539 266 4618 inquit,
290 4557 364 4618 qnae
386 4558 440 4616 ege
463 4539 569 4616 loquor
589 4538 689 4611 vobis,
712 4556 773 4598 non
796 4544 866 4597 sont
879 4555 959 4610 mea,
982 4535 1082 4614 utiqxxe
1097 4532 1190 4614 ¹'quia
1204 4536 1314 4616 patris3

156 4662 179 4708 5.
201 4668 223 4707 et
243 4660 367 4721 discipoiia
385 4661 410 4708 Α.
430 4660 492 4707 deid.
550 4657 572 4705 6.
593 4667 700 4720 tempore
719 4672 767 4706 non
785 4657 881 4716 agnosci
900 4655 1063 4719 exprobaverit
1078 4656 1104 4705 A.
1164 4655 1188 4704 ¹1.
1206 4655 1275 4705 iactis
1293 4663 1316 4703 et

156 4729 280 4776 audiretur
299 4730 321 4775 in
349 4743 391 4775 om.
414 4729 465 4774 cdd.
485 4727 579 4774 Semberi
597 4734 617 4775 et
635 4727 753 4791 Leepoidr',
771 4727 860 4774 uitione.
913 4723 935 4775 8.
955 4731 978 4774 et
995 4724 1079 4773 orn.d.
1097 4723 1160 4774 tetd.
1218 4721 1242 4772 9.
1261 4736 1314 4771 cre·

154 4798 265 4844 ditiscd.
322 4795 359 4843 10.
379 4797 401 4842 in
421 4803 513 4842 maest
532 4796 566 4842 cd.
620 4794 657 4844 11.
676 4794 772 4844 creditis
790 4794 825 4842 cd.
880 4791 916 4841 12.
936 4791 1085 4842 ereditiard.
1134 4789 1215 4841 libne
1234 4790 1314 4840 existi·

154 4855 216 4913 niori
235 4865 260 4912 Α.
281 4864 342 4912 beid.
398 4860 436 4911 td.
455 4871 480 4911 nt
498 4863 577 4912 ond.
595 4863 658 4914 ieid.
711 4861 748 4910 15.
767 4864 829 4924 gnae
846 4875 858 4910 a
877 4869 945 4924 patre
961 4863 988 4912 Δ.
1004 4860 1066 4917 Laid.
