3242 5775
773 1214 837 1279 DE

216 1418 986 1537 RESURRECTIONE
1041 1426 1405 1552 CARNIS.

648 1692 968 1706 0-—---—·——-=-—-

309 1893 437 1984 Fiducia
452 1922 687 1986 Christianarum
709 1924 890 1987 resurrectio
913 1933 1109 1991 mortuorum.
1148 1928 1214 1992 'llla
1237 1930 1392 1996 uenena·
1411 1953 1495 2022 ιιιμ.

214 2042 336 2086 sumus
385 2024 449 2084 liae
476 2023 615 2085 eredere¹
644 2024 752 2086 veritas
780 2025 874 2103 cogit,
910 2026 1062 2090 terimam
1091 2028 1166 2092 deus
1194 2031 1305 2109 aperit,
1337 2032 1392 2096 saal

212 2123 323 2202 vulgus
346 2122 471 2197 inridet,
493 2124 667 2187 existimans
688 2125 761 2187 nihil
784 2143 943 2203 superesse
964 2135 1193 2205 postmortem.
1233 2129 1271 2192 Et
1293 2140 1391 2195 umen

215 2224 367 2287 defunctis
389 2226 575 2303 paternali,
609 2225 778 2303 etquidem
806 2225 1030 2305 impensissime
1058 2229 1156 2293 offiaiu
1179 2248 1241 2309 pra.
1255 2231 1392 2294 muribus

215 2342 341 2396 aarum,
373 2341 429 2403 pro
460 2324 925 2405 temporibus'esculentorum,
957 2335 991 2388 ut
1019 2346 1096 2407 quus
1123 2329 1250 2409 ’angam
1279 2331 1393 2393 sentire

215 2424 393 2504 quiequam,
427 2425 516 2486 etiam
545 2426 714 2487 desiderare.
735 2425 973 2506 abpraesumant
1015 2427 1054 2490 At
1074 2447 1129 2508 ege
1151 2429 1244 2509 magis
1266 2429 1390 2494 ‘ridebo

216 2524 341 2602 vulgus,
362 2533 435 2586 tuna
456 2544 588 2604 quoque,
613 2544 677 2587 curn
700 2525 784 2605 ipsos
807 2527 1164 2590 defunctas-atrocissime
1179 2530 1290 2603 exurit,
1314 2548 1391 2610 quea

214 2625 408 2705 postmodum
431 2625 619 2705 gulosissime
643 2626 750 2697 nutrit,
773 2626 885 2688 “isdem
901 2626 1019 2706 ignibus
1042 2637 1071 2689 et
1091 2647 1268 2707 promerens
1291 2638 1322 2691 et
1343 2631 1403 2716 ⁰s·.

216 2725 354 2787 tendens.
389 2725 567 2805 Opietatem
591 2727 627 2787 de
649 2726 821 2788 erudelitate
843 2725 1008 2788 ludentem!
1047 2727 1196 2791 Sacrificat
1216 2728 1272 2790 ‘au
1286 2725 1391 2793 'insan-

193 2809 276 2900 ἰαὶ,
300 2845 366 2889 curu
387 2826 544 2889 'crematis
567 2826 715 2888 cremar?
752 2827 842 2890 Plane
864 2846 930 2889 cum
952 2828 1039 2908 vulgo
1062 2828 1208 2891 interdum
1225 2836 1255 2892 et
1268 2830 1390 2912 sapien-

219 2937 265 2987 tes
294 2928 471 2989 seutentiam
501 2928 601 2988 ⁸suam
631 2929 765 3007 iungunt.
819 2929 897 2989 Nihil
925 2947 992 2990 esse
1021 2938 1092 3007 pest
1118 2938 1245 2991 mortem
1272 2929 1392 3009 Epicuri

218 3027 318 3088 schola
342 3037 398 3089 est.
430 3028 495 3088 9Αἱῑ
517 3038 546 3089 et
561 3029 672 3090 Seneca
696 3029 794 3089 amnia
816 3037 886 3109 post
906 3037 1034 3090 martem
1051 3029 1138 3102 finiri,
1162 3031 1249 3091 etiam
1266 3031 1390 3111 ipsunt.

288 3212 345 3275 Cap.
365 3213 382 3262 l.
421 3213 442 3263 1.
462 3212 553 3262 illaCd.
582 3214 647 3262 illam
665 3215 757 3276 reliqui.
794 3212 817 3262 2.
834 3211 1011 3261 esculentorum
1024 3211 1231 3271 (obscnleataru
1241 3211 1391 3273 ΜΕΝ.

224 3287 267 3327 trea
279 3280 388 3330 Vaticani.
424 3281 573 3342 sepulturum
593 3284 675 3343 ampl„
695 3283 762 3344 Gasp.
773 3281 903 3343 Scioppius.
956 3278 977 3327 3.
998 3287 1069 3339 negat
1085 3278 1146 3327 ABG.
1165 3278 1333 3327 laurentianus
1351 3295 1392 3328 aa·

225 3347 486 3412 lean.12plut.2ti.
522 3349 603 3398 Ralat
624 3349 755 3396 Faluuius.
800 3345 847 3394 3b.
866 3353 1004 3409 praesumat
1023 3344 1084 3393 tac.
1102 3345 1278 3393 Laurentianus.
1308 3345 1391 3394 natat
1435 3380 1442 3396 ι

228 3412 358 3463 Fnlaaiue.
402 3415 426 3463 4.
445 3416 512 3463 rideo
531 3431 590 3464 unus
610 3417 638 3464 tle
658 3415 780 3463 Vaticanis.
826 3413 849 3461 5.
869 3412 944 3461 isdem
965 3412 987 3461 G.
1023 3411 1116 3459 hisdem
1134 3413 1158 3460 A.
1195 3411 1279 3459 iisdem
1298 3412 1390 3475 reliqui.

227 3477 249 3526 6.
266 3495 294 3528 an
311 3482 413 3531 licentra.
455 3484 491 3530 eni
510 3485 535 3530 Α.
555 3483 670 3540 laurent,
697 3490 717 3530 et
742 3489 788 3529 tres
810 3481 920 3528 Vaticani.
973 3478 996 3526 t.
1016 3485 1135 3526 crematas
1155 3477 1214 3540 Gna.
1272 3476 1297 3527 8.
1321 3491 1389 3526 suam

231 3546 321 3608 innuant
338 3551 414 3609 eled„
435 3550 462 3598 ele
480 3551 547 3598 eada.
567 3550 685 3612 Ganpner'i.
722 3549 823 3609 iungunt
839 3547 932 3610 reliqui,
953 3553 973 3595 et
991 3546 1099 3594 Laterani.
1151 3543 1174 3593 9.
1195 3543 1256 3593 llicit
1274 3544 1298 3594 ll.

261 3680 341 3743 Capi.
367 3698 389 3732 a.
410 3682 461 3730 liae
479 3677 591 3746 eradere]
610 3681 660 3730 lle¹c
678 3689 714 3730 est
728 3695 781 3730 cre·
832 3679 914 3743 quiin
934 3679 986 3742 ipsa
1010 3692 1062 3727 rara
1087 3677 1203 3739 religione
1227 3677 1393 3740 superstitiosi

232 3743 282 3794 dere
306 3757 415 3797 mortuas
441 3763 496 3796 esse
524 3758 712 3797 resurrecturos.
747 3748 781 3797 ld
832 3755 896 3797 sunt.
930 3747 988 3795 Neri
1013 3744 1101 3794 multos
1126 3759 1181 3794 esse
1207 3744 1392 3807 sepulchrorum

236 3816 444 3880 reuertuntur
463 3816 556 3864 llieros.
577 3817 672 3864 Cateclr.
694 3815 732 3864 18.
833 3822 856 3863 et
880 3815 1026 3877 picturarum
1052 3813 1203 3872 adoraturas,
1227 3813 1279 3860 nevi
1302 3811 1393 3861 multon

263 3881 281 3927 Ιι.
304 3882 422 3932 detunctia
447 3880 584 3945 parentant]
611 3883 661 3932 Hoc
685 3882 781 3944 quidem
833 3883 962 3945 quiquam
982 3880 1171 3929 luxuriosissima
1193 3892 1267 3941 super
1284 3885 1393 3927 martana

234 3947 318 3998 ethnici.
360 3951 408 3998 Saul
438 3957 462 3998 et
486 3950 635 4013 Chriatianus
659 3949 781 4010 Augustini
834 3949 958 3997 bibuutet
976 3947 1061 4010 epulas
1079 3947 1233 3995 eadaverriras
1251 3945 1393 3994 exhibentes
1489 4001 1492 4004 Δ

234 4026 282 4062 aera
298 4017 438 4079 quibusdam
465 4018 487 4065 iu
507 4017 567 4073 loeis
585 4017 640 4065 talia
661 4018 783 4065 [actitasse
834 4028 909 4077 saper
925 4014 1035 4074 sepultos
1048 4028 1074 4061 se
1085 4012 1308 4075 ipsessepeliuut.“
1326 4011 1392 4060 Idem

236 4084 412 4140 enarraturus
437 4084 582 4133 sanctissimi
609 4085 651 4132 riri
671 4082 783 4131 litterile
835 4084 912 4131 Serm.
932 4079 964 4128 43
992 4081 1045 4137 „l'n
1064 4078 1141 4128 demis
1159 4087 1183 4128 et
1199 4079 1321 4127 subtrahis
1339 4085 1393 4154 nut-

236 4145 320 4201 Ciuitate
343 4153 383 4200 liei
409 4150 513 4214 capii.
559 4151 648 4213 Epulas
672 4165 729 4198 suaa
754 4149 782 4197 ad
835 4149 882 4197 turi
902 4155 952 4205 tuo,
971 4147 1012 4195 ille
1031 4147 1101 4205 latta,
1117 4160 1170 4194 eum
1190 4145 1394 4201 martaritanus,

236 4225 350 4279 maurium
370 4219 500 4267 memorias
515 4218 664 4276 deferebant,
683 4218 785 4266 arabant
836 4216 935 4264 calicem
954 4220 1068 4277 superte
1087 4226 1134 4260 aaa
1146 4219 1229 4274 pauet,
1247 4219 1287 4260 aut
1296 4212 1316 4259 si
1332 4211 1395 4259 torta

235 4285 397 4335 etalterebaat
420 4295 445 4334 ut
463 4294 623 4341 vescerentur,
649 4285 683 4332 rel
703 4283 784 4333 exeis
836 4290 911 4346 pauet
936 4280 1045 4339 culicem,
1078 4279 1129 4340 ipse
1153 4279 1292 4336 inebriatur,
1317 4277 1345 4325 ad
1370 4283 1394 4329 ta

235 4352 295 4400 etiam
312 4353 472 4415 indigentibus
491 4353 660 4413 largiebantur.
696 4350 785 4410 „Quod
837 4349 902 4399 nulla
921 4347 985 4396 stilla
1004 4344 1159 4395 descendet.“
1191 4345 1227 4394 Ct.
1247 4344 1326 4393 [tenid.
1347 4342 1395 4392 Re-

234 4417 329 4478 qnfflera,
348 4422 433 4484 iuquit,
455 4420 624 4468 aClrristiuuis
644 4418 785 4467 melioribus
837 4416 897 4465 rald.
917 4414 1036 4463 Animula.
1056 4414 1086 4461 ad
1103 4411 1201 4461 Aruabii
1219 4410 1314 4461 lib.illl.
1326 4408 1396 4468 242..

235 4496 275 4532 aaa
293 4487 325 4546 lit,
349 4498 372 4537 et
396 4489 418 4536 iu
440 4488 563 4550 plerisque
582 4494 699 4535 terrarum
719 4485 784 4533 nulla
836 4499 861 4547 p.
873 4481 929 4531 278.

232 4551 281 4600 talis
298 4563 333 4603 est
351 4555 529 4604 eaasnetud0.“
548 4553 653 4614 (Rigalt.)
681 4553 717 4601 Ct.
730 4552 785 4601 Adi.
873 4562 954 4598 ecum
966 4546 1077 4596 crematis
1088 4539 1395 4622 eramatssllueestqaam

230 4616 372 4681 ilerum.
408 4621 558 4671 DeTesttrn.
576 4619 674 4669 Animae
694 4618 785 4681 rapt.
838 4617 940 4665 mortuis
966 4614 1093 4662 sacrificat
1129 4613 1207 4662 lltuur
1232 4608 1398 4681 verberatae

230 4686 290 4736 ldde
307 4690 430 4750 lngnstin.
450 4688 483 4736 De
494 4688 672 4738 MoribusEecl.
693 4685 787 4750 capili
838 4697 930 4733 morem
948 4680 1164 4742 ostendnutrnagis
1179 4677 1313 4728 ridiculum.
1324 4672 1397 4735 (urg.)

229 4753 322 4814 ,Rutila
348 4757 483 4806 consectari
509 4756 591 4805 turbas
611 4755 786 4819 imperitorum,
872 4736 1398 4813 aetiamipsam.]Saneeauaaieualraadn

1186 4822 1244 4877 30*
