<?xml version="1.0" encoding="UTF-8"?>
<!DOCTYPE html PUBLIC "-//W3C//DTD XHTML 1.0 Transitional//EN"
    "http://www.w3.org/TR/xhtml1/DTD/xhtml1-transitional.dtd">
<html xmlns="http://www.w3.org/1999/xhtml" xml:lang="en" lang="en">
 <head>
  <title>
</title>
<meta http-equiv="Content-Type" content="text/html;charset=utf-8" />
  <meta name='ocr-system' content='tesseract 3.04.00' />
  <meta name='ocr-capabilities' content='ocr_page ocr_carea ocr_par ocr_line ocrx_word'/>
</head>
<body>
  <div class='ocr_page' id='page_1' title='image "./quaesupersuntom00oehlgoog_0626.png"; bbox 0 0 3242 5775; ppageno 0'>
   <div class='ocr_carea' id='block_1_1' title="bbox 295 643 1226 713">
    <p class='ocr_par' dir='ltr' id='par_1_1' title="bbox 295 643 1226 713">
     <span class='ocr_line' id='line_1_1' title="bbox 295 643 1226 713; baseline -0.01 -2"><span class='ocrx_word' id='word_1_1' title='bbox 295 648 357 712; x_wconf 83' lang='grc'><strong>612</strong></span> <span class='ocrx_word' id='word_1_2' title='bbox 547 660 649 713; x_wconf 84' lang='lat' dir='ltr'><strong>oumrr</strong></span> <span class='ocrx_word' id='word_1_3' title='bbox 672 659 802 703; x_wconf 77' lang='lat' dir='ltr'><strong>serrum</strong></span> <span class='ocrx_word' id='word_1_4' title='bbox 824 657 990 702; x_wconf 72' lang='lat' dir='ltr'><strong>monearis</strong></span> <span class='ocrx_word' id='word_1_5' title='bbox 1015 643 1226 702; x_wconf 71' lang='lat' dir='ltr'><strong>rennuentem</strong></span> 
     </span>
    </p>
   </div>
   <div class='ocr_carea' id='block_1_2' title="bbox 285 806 1494 3812">
    <p class='ocr_par' dir='ltr' id='par_1_2' title="bbox 285 806 1494 3812">
     <span class='ocr_line' id='line_1_2' title="bbox 293 806 1449 894; baseline -0.005 -20"><span class='ocrx_word' id='word_1_6' title='bbox 293 830 402 894; x_wconf 84' lang='lat' dir='ltr'>quaero</span> <span class='ocrx_word' id='word_1_7' title='bbox 435 808 582 890; x_wconf 89' lang='lat' dir='ltr'><strong>praemia,</strong></span> <span class='ocrx_word' id='word_1_8' title='bbox 618 809 670 870; x_wconf 91' lang='lat' dir='ltr'><strong>sed</strong></span> <span class='ocrx_word' id='word_1_9' title='bbox 704 809 804 888; x_wconf 89' lang='lat' dir='ltr'><strong>potius</strong></span> <span class='ocrx_word' id='word_1_10' title='bbox 834 808 952 869; x_wconf 83' lang='lat' dir='ltr'><strong>invenio</strong></span> <span class='ocrx_word' id='word_1_11' title='bbox 980 806 1134 888; x_wconf 87' lang='lat' dir='ltr'><strong>supplicia.</strong></span> <span class='ocrx_word' id='word_1_12' title='bbox 1190 806 1339 870; x_wconf 78' lang='lat' dir='ltr'><strong>Nimirum</strong></span> <span class='ocrx_word' id='word_1_13' title='bbox 1367 827 1449 887; x_wconf 84' lang='lat' dir='ltr'><strong>magna</strong></span> 
     </span>
     <span class='ocr_line' id='line_1_3' title="bbox 293 908 1451 989; baseline -0.005 -14"><span class='ocrx_word' id='word_1_14' title='bbox 293 931 408 975; x_wconf 79' lang='lat' dir='ltr'><strong>merces</strong></span> <span class='ocrx_word' id='word_1_15' title='bbox 430 912 518 973; x_wconf 90' lang='lat' dir='ltr'><strong>bouis</strong></span> <span class='ocrx_word' id='word_1_16' title='bbox 540 911 570 971; x_wconf 88' lang='lat' dir='ltr'><strong>iu</strong></span> <span class='ocrx_word' id='word_1_17' title='bbox 593 909 727 971; x_wconf 91' lang='lat' dir='ltr'><strong>animalia</strong></span> <span class='ocrx_word' id='word_1_18' title='bbox 750 927 941 989; x_wconf 86' lang='lat' dir='ltr'><strong>quaecuuque</strong></span> <span class='ocrx_word' id='word_1_19' title='bbox 963 908 1093 971; x_wconf 86' lang='lat' dir='ltr'><strong>restitui.</strong></span> <span class='ocrx_word' id='word_1_20' title='bbox 1144 909 1259 971; x_wconf 83' lang='lat' dir='ltr'><strong>Panum</strong></span> <span class='ocrx_word' id='word_1_21' title='bbox 1282 929 1315 971; x_wconf 89' lang='lat' dir='ltr'><strong>sc</strong></span> <span class='ocrx_word' id='word_1_22' title='bbox 1338 910 1451 971; x_wconf 78' lang='lat' dir='ltr'>meminit</span> 
     </span>
     <span class='ocr_line' id='line_1_4' title="bbox 293 1010 1450 1089; baseline -0.006 -13"><span class='ocrx_word' id='word_1_23' title='bbox 293 1014 442 1075; x_wconf 82' lang='lat' dir='ltr'>Homerus</span> <span class='ocrx_word' id='word_1_24' title='bbox 469 1012 565 1072; x_wconf 83' lang='lat' dir='ltr'><strong>Ennio</strong></span> <span class='ocrx_word' id='word_1_25' title='bbox 594 1012 795 1071; x_wconf 84' lang='lat' dir='ltr'><strong>somniante¹²:</strong></span> <span class='ocrx_word' id='word_1_26' title='bbox 829 1010 882 1071; x_wconf 92' lang='lat' dir='ltr'><strong>sed</strong></span> <span class='ocrx_word' id='word_1_27' title='bbox 910 1010 1008 1088; x_wconf 76' lang='lat' dir='ltr'><strong>poetis</strong></span> <span class='ocrx_word' id='word_1_28' title='bbox 1042 1029 1097 1070; x_wconf 89' lang='lat' dir='ltr'><strong>nec</strong></span> <span class='ocrx_word' id='word_1_29' title='bbox 1123 1010 1315 1089; x_wconf 84' lang='lat' dir='ltr'><strong>vigilantibus</strong></span> <span class='ocrx_word' id='word_1_30' title='bbox 1344 1011 1450 1073; x_wconf 77' lang='lat' dir='ltr'><strong>creden.</strong></span> 
     </span>
     <span class='ocr_line' id='line_1_5' title="bbox 293 1110 1494 1193; baseline -0.006 -17"><span class='ocrx_word' id='word_1_31' title='bbox 293 1114 357 1176; x_wconf 80' lang='lat' dir='ltr'><strong>Etsi</strong></span> <span class='ocrx_word' id='word_1_32' title='bbox 378 1113 595 1193; x_wconf 89' lang='lat' dir='ltr'><strong>pulcherrimus</strong></span> <span class='ocrx_word' id='word_1_33' title='bbox 617 1130 708 1191; x_wconf 80' lang='lat' dir='ltr'>pavus</span> <span class='ocrx_word' id='word_1_34' title='bbox 733 1120 762 1171; x_wconf 92' lang='lat' dir='ltr'><strong>et</strong></span> <span class='ocrx_word' id='word_1_35' title='bbox 784 1129 843 1189; x_wconf 87' lang='lat' dir='ltr'><strong>quo</strong></span> <span class='ocrx_word' id='word_1_36' title='bbox 865 1111 935 1171; x_wconf 88' lang='lat' dir='ltr'><strong>velit</strong></span> <span class='ocrx_word' id='word_1_37' title='bbox 957 1110 1057 1171; x_wconf 90' lang='lat' dir='ltr'><strong>colore</strong></span> <span class='ocrx_word' id='word_1_38' title='bbox 1073 1110 1276 1173; x_wconf 87' lang='lat' dir='ltr'><strong>cultissimus:</strong></span> <span class='ocrx_word' id='word_1_39' title='bbox 1299 1112 1355 1173; x_wconf 91' lang='lat' dir='ltr'><strong>sed</strong></span> <span class='ocrx_word' id='word_1_40' title='bbox 1376 1117 1451 1173; x_wconf 79' lang='lat' dir='ltr'><strong>taccu</strong></span> <span class='ocrx_word' id='word_1_41' title='bbox 1491 1117 1494 1140; x_wconf 86' lang='lat'><strong>¹</strong></span> 
     </span>
     <span class='ocr_line' id='line_1_6' title="bbox 292 1210 1494 1300; baseline -0.004 -25"><span class='ocrx_word' id='word_1_42' title='bbox 292 1233 423 1295; x_wconf 88' lang='lat' dir='ltr'><strong>pennae,</strong></span> <span class='ocrx_word' id='word_1_43' title='bbox 456 1214 509 1275; x_wconf 89' lang='lat' dir='ltr'><strong>sed</strong></span> <span class='ocrx_word' id='word_1_44' title='bbox 538 1213 675 1292; x_wconf 90' lang='lat' dir='ltr'><strong>displicet</strong></span> <span class='ocrx_word' id='word_1_45' title='bbox 702 1230 775 1284; x_wconf 84' lang='lat' dir='ltr'><strong>vor,</strong></span> <span class='ocrx_word' id='word_1_46' title='bbox 811 1212 890 1273; x_wconf 71' lang='lat' dir='ltr'><strong>”let</strong></span> <span class='ocrx_word' id='word_1_47' title='bbox 911 1217 1019 1300; x_wconf 73' lang='lat' dir='ltr'><strong>poetae</strong></span> <span class='ocrx_word' id='word_1_48' title='bbox 1041 1211 1115 1274; x_wconf 86' lang='lat' dir='ltr'><strong>nibil</strong></span> <span class='ocrx_word' id='word_1_49' title='bbox 1138 1210 1218 1274; x_wconf 92' lang='lat' dir='ltr'><strong>aliud</strong></span> <span class='ocrx_word' id='word_1_50' title='bbox 1242 1231 1334 1292; x_wconf 89' lang='lat' dir='ltr'><strong>quam</strong></span> <span class='ocrx_word' id='word_1_51' title='bbox 1356 1219 1452 1275; x_wconf 79' lang='lat' dir='ltr'><strong>cantare</strong></span> <span class='ocrx_word' id='word_1_52' title='bbox 1491 1221 1494 1232; x_wconf 90' lang='grc'><strong><em>·</em></strong></span> 
     </span>
     <span class='ocr_line' id='line_1_7' title="bbox 292 1312 1449 1391; baseline -0.004 -15"><span class='ocrx_word' id='word_1_53' title='bbox 292 1316 414 1378; x_wconf 88' lang='lat' dir='ltr'><strong>malunt.</strong></span> <span class='ocrx_word' id='word_1_54' title='bbox 447 1315 609 1375; x_wconf 80' lang='lat' dir='ltr'><strong>Damnatus</strong></span> <span class='ocrx_word' id='word_1_55' title='bbox 633 1321 680 1374; x_wconf 89' lang='lat' dir='ltr'><strong>est</strong></span> <span class='ocrx_word' id='word_1_56' title='bbox 701 1312 791 1391; x_wconf 90' lang='lat' dir='ltr'><strong>igitur</strong></span> <span class='ocrx_word' id='word_1_57' title='bbox 805 1312 952 1373; x_wconf 80' lang='lat' dir='ltr'><strong>Homerus</strong></span> <span class='ocrx_word' id='word_1_58' title='bbox 976 1314 1007 1373; x_wconf 86' lang='lat' dir='ltr'><strong>iu</strong></span> <span class='ocrx_word' id='word_1_59' title='bbox 1030 1331 1151 1391; x_wconf 83' lang='lat' dir='ltr'><strong>pavum,</strong></span> <span class='ocrx_word' id='word_1_60' title='bbox 1174 1312 1266 1374; x_wconf 75' lang='lat' dir='ltr'><strong>”nou</strong></span> <span class='ocrx_word' id='word_1_61' title='bbox 1289 1314 1449 1374; x_wconf 85' lang='lat' dir='ltr'><strong>honoratus.</strong></span> 
     </span>
     <span class='ocr_line' id='line_1_8' title="bbox 292 1412 1451 1491; baseline -0.003 -14"><span class='ocrx_word' id='word_1_62' title='bbox 292 1416 363 1477; x_wconf 88' lang='lat' dir='ltr'><strong>Plus</strong></span> <span class='ocrx_word' id='word_1_63' title='bbox 386 1416 423 1476; x_wconf 91' lang='lat' dir='ltr'><strong>de</strong></span> <span class='ocrx_word' id='word_1_64' title='bbox 450 1414 560 1476; x_wconf 89' lang='lat' dir='ltr'><strong>saeculi</strong></span> <span class='ocrx_word' id='word_1_65' title='bbox 587 1412 827 1474; x_wconf 78' lang='lat' dir='ltr'><strong>remuneratione</strong></span> <span class='ocrx_word' id='word_1_66' title='bbox 855 1412 1008 1490; x_wconf 89' lang='lat' dir='ltr'><strong>gaudebit,</strong></span> <span class='ocrx_word' id='word_1_67' title='bbox 1042 1422 1127 1491; x_wconf 88' lang='lat' dir='ltr'><strong>pater</strong></span> <span class='ocrx_word' id='word_1_68' title='bbox 1156 1413 1276 1476; x_wconf 89' lang='lat' dir='ltr'><strong>babitus</strong></span> <span class='ocrx_word' id='word_1_69' title='bbox 1305 1414 1451 1476; x_wconf 85' lang='lat' dir='ltr'><strong>liberalium</strong></span> 
     </span>
     <span class='ocr_line' id='line_1_9' title="bbox 293 1513 1451 1594; baseline -0.005 -17"><span class='ocrx_word' id='word_1_70' title='bbox 293 1516 531 1594; x_wconf 86' lang='lat' dir='ltr'><strong>disciplinarum,</strong></span> <span class='ocrx_word' id='word_1_71' title='bbox 568 1522 601 1575; x_wconf 95' lang='lat' dir='ltr'><strong>ut</strong></span> <span class='ocrx_word' id='word_1_72' title='bbox 632 1513 715 1574; x_wconf 88' lang='lat' dir='ltr'><strong>malit</strong></span> <span class='ocrx_word' id='word_1_73' title='bbox 746 1514 840 1573; x_wconf 88' lang='lat' dir='ltr'><strong>lamae</strong></span> <span class='ocrx_word' id='word_1_74' title='bbox 879 1532 950 1574; x_wconf 89' lang='lat' dir='ltr'><strong>suae</strong></span> <span class='ocrx_word' id='word_1_75' title='bbox 989 1522 1160 1575; x_wconf 90' lang='lat' dir='ltr'><strong>ornamenta</strong></span> <span class='ocrx_word' id='word_1_76' title='bbox 1199 1533 1289 1594; x_wconf 88' lang='lat' dir='ltr'><strong>quam</strong></span> <span class='ocrx_word' id='word_1_77' title='bbox 1323 1515 1451 1577; x_wconf 68' lang='lat' dir='ltr'><strong>”ouon</strong></span> 
     </span>
     <span class='ocr_line' id='line_1_10' title="bbox 293 1595 1493 1695; baseline -0.004 -19"><span class='ocrx_word' id='word_1_78' title='bbox 293 1617 353 1695; x_wconf 78' lang='lat' dir='ltr'><strong>Age</strong></span> <span class='ocrx_word' id='word_1_79' title='bbox 384 1633 478 1686; x_wconf 92' lang='lat' dir='ltr'><strong>nunc,</strong></span> <span class='ocrx_word' id='word_1_80' title='bbox 515 1624 548 1676; x_wconf 92' lang='lat' dir='ltr'><strong>ut</strong></span> <span class='ocrx_word' id='word_1_81' title='bbox 574 1620 681 1694; x_wconf 76' lang='lat' dir='ltr'><strong>poetae</strong></span> <span class='ocrx_word' id='word_1_82' title='bbox 712 1614 742 1675; x_wconf 91' lang='lat' dir='ltr'><strong>in</strong></span> <span class='ocrx_word' id='word_1_83' title='bbox 770 1631 862 1693; x_wconf 85' lang='lat' dir='ltr'><strong>paros</strong></span> <span class='ocrx_word' id='word_1_84' title='bbox 891 1613 936 1674; x_wconf 87' lang='lat' dir='ltr'><strong>vel</strong></span> <span class='ocrx_word' id='word_1_85' title='bbox 965 1615 995 1676; x_wconf 93' lang='lat' dir='ltr'><strong>iu</strong></span> <span class='ocrx_word' id='word_1_86' title='bbox 1027 1634 1134 1694; x_wconf 81' lang='lat' dir='ltr'><strong>cycnos</strong></span> <span class='ocrx_word' id='word_1_87' title='bbox 1165 1624 1336 1690; x_wconf 88' lang='lat' dir='ltr'><strong>transeant,</strong></span> <span class='ocrx_word' id='word_1_88' title='bbox 1369 1617 1393 1676; x_wconf 81' lang='lat' dir='ltr'><strong>si</strong></span> <span class='ocrx_word' id='word_1_89' title='bbox 1418 1613 1450 1673; x_wconf 83' lang='lat' dir='ltr'><strong>rel</strong></span> <span class='ocrx_word' id='word_1_90' title='bbox 1491 1595 1493 1694; x_wconf 76' lang='lat'>!</span> 
     </span>
     <span class='ocr_line' id='line_1_11' title="bbox 293 1709 1493 1795; baseline -0.002 -19"><span class='ocrx_word' id='word_1_91' title='bbox 293 1716 391 1795; x_wconf 78' lang='lat' dir='ltr'><strong>cycnis</strong></span> <span class='ocrx_word' id='word_1_92' title='bbox 414 1716 519 1777; x_wconf 91' lang='lat' dir='ltr'><strong>deeora</strong></span> <span class='ocrx_word' id='word_1_93' title='bbox 549 1734 605 1776; x_wconf 83' lang='lat' dir='ltr'><strong>vox</strong></span> <span class='ocrx_word' id='word_1_94' title='bbox 635 1721 695 1788; x_wconf 89' lang='lat' dir='ltr'><strong>est,</strong></span> <span class='ocrx_word' id='word_1_95' title='bbox 730 1715 808 1792; x_wconf 86' lang='lat' dir='ltr'><strong>quod</strong></span> <span class='ocrx_word' id='word_1_96' title='bbox 839 1715 946 1776; x_wconf 89' lang='lat' dir='ltr'><strong>animal</strong></span> <span class='ocrx_word' id='word_1_97' title='bbox 974 1715 1079 1777; x_wconf 87' lang='lat' dir='ltr'><strong>indues</strong></span> <span class='ocrx_word' id='word_1_98' title='bbox 1107 1716 1171 1777; x_wconf 87' lang='lat' dir='ltr'><strong>viro</strong></span> <span class='ocrx_word' id='word_1_99' title='bbox 1200 1718 1283 1779; x_wconf 85' lang='lat' dir='ltr'><strong>iusto</strong></span> <span class='ocrx_word' id='word_1_100' title='bbox 1304 1712 1450 1779; x_wconf 78' lang='lat' dir='ltr'><strong>”Aeaco&#39;l</strong></span> <span class='ocrx_word' id='word_1_101' title='bbox 1491 1709 1493 1742; x_wconf 68' lang='lat' dir='ltr'><strong>n</strong></span> 
     </span>
     <span class='ocr_line' id='line_1_12' title="bbox 292 1815 1449 1898; baseline -0.003 -19"><span class='ocrx_word' id='word_1_102' title='bbox 292 1835 379 1897; x_wconf 91' lang='lat' dir='ltr'><strong>quam</strong></span> <span class='ocrx_word' id='word_1_103' title='bbox 401 1816 527 1880; x_wconf 89' lang='lat' dir='ltr'><strong>bestiam</strong></span> <span class='ocrx_word' id='word_1_104' title='bbox 548 1816 680 1894; x_wconf 77' lang='lat' dir='ltr'><strong>integrae</strong></span> <span class='ocrx_word' id='word_1_105' title='bbox 702 1815 829 1875; x_wconf 81' lang='lat' dir='ltr'><strong>feminae</strong></span> <span class='ocrx_word' id='word_1_106' title='bbox 846 1815 1003 1877; x_wconf 75' lang='lat' dir='ltr'><strong>¹Didonirl</strong></span> <span class='ocrx_word' id='word_1_107' title='bbox 1035 1836 1121 1895; x_wconf 91' lang='lat' dir='ltr'><strong>quam</strong></span> <span class='ocrx_word' id='word_1_108' title='bbox 1142 1817 1295 1879; x_wconf 81' lang='lat' dir='ltr'><strong>volucrem</strong></span> <span class='ocrx_word' id='word_1_109' title='bbox 1317 1817 1449 1898; x_wconf 82' lang='lat' dir='ltr'><strong>patientia,</strong></span> 
     </span>
     <span class='ocr_line' id='line_1_13' title="bbox 292 1913 1450 1998; baseline -0.002 -20"><span class='ocrx_word' id='word_1_110' title='bbox 292 1936 380 1998; x_wconf 84' lang='lat' dir='ltr'><strong>quam</strong></span> <span class='ocrx_word' id='word_1_111' title='bbox 406 1917 550 1997; x_wconf 79' lang='lat' dir='ltr'><strong>pecudem</strong></span> <span class='ocrx_word' id='word_1_112' title='bbox 579 1916 789 1990; x_wconf 90' lang='lat' dir='ltr'><strong>sanctimonia,</strong></span> <span class='ocrx_word' id='word_1_113' title='bbox 822 1933 909 1995; x_wconf 86' lang='lat' dir='ltr'><strong>quem</strong></span> <span class='ocrx_word' id='word_1_114' title='bbox 937 1918 1048 1996; x_wconf 85' lang='lat' dir='ltr'><strong>piscem</strong></span> <span class='ocrx_word' id='word_1_115' title='bbox 1078 1917 1247 1979; x_wconf 89' lang='lat' dir='ltr'><strong>innocentia</strong></span> <span class='ocrx_word' id='word_1_116' title='bbox 1278 1913 1450 1980; x_wconf 75' lang='lat' dir='ltr'><strong>sortientur?</strong></span> 
     </span>
     <span class='ocr_line' id='line_1_14' title="bbox 292 2015 1448 2100; baseline -0.003 -21"><span class='ocrx_word' id='word_1_117' title='bbox 292 2017 399 2079; x_wconf 83' lang='lat' dir='ltr'><strong>Omnia</strong></span> <span class='ocrx_word' id='word_1_118' title='bbox 421 2017 526 2080; x_wconf 83' lang='lat' dir='ltr'><strong>famula</strong></span> <span class='ocrx_word' id='word_1_119' title='bbox 550 2025 620 2079; x_wconf 92' lang='lat' dir='ltr'><strong>sunt</strong></span> <span class='ocrx_word' id='word_1_120' title='bbox 641 2017 788 2089; x_wconf 90' lang='lat' dir='ltr'><strong>bominis,</strong></span> <span class='ocrx_word' id='word_1_121' title='bbox 813 2017 911 2078; x_wconf 89' lang='lat' dir='ltr'><strong>omnia</strong></span> <span class='ocrx_word' id='word_1_122' title='bbox 935 2018 1081 2091; x_wconf 87' lang='lat' dir='ltr'><strong>subiecta,</strong></span> <span class='ocrx_word' id='word_1_123' title='bbox 1105 2019 1204 2080; x_wconf 89' lang='lat' dir='ltr'><strong>omnia</strong></span> <span class='ocrx_word' id='word_1_124' title='bbox 1221 2020 1396 2100; x_wconf 90' lang='lat' dir='ltr'><strong>mancipata.</strong></span> <span class='ocrx_word' id='word_1_125' title='bbox 1424 2015 1448 2077; x_wconf 82' lang='lat' dir='ltr'><strong>st</strong></span> 
     </span>
     <span class='ocr_line' id='line_1_15' title="bbox 292 2108 1447 2199; baseline -0.002 -20"><span class='ocrx_word' id='word_1_126' title='bbox 292 2118 363 2199; x_wconf 88' lang='lat' dir='ltr'><strong>qnid</strong></span> <span class='ocrx_word' id='word_1_127' title='bbox 385 2119 491 2180; x_wconf 93' lang='lat' dir='ltr'><strong>borum</strong></span> <span class='ocrx_word' id='word_1_128' title='bbox 515 2120 630 2179; x_wconf 87' lang='lat' dir='ltr'><strong>iuturus</strong></span> <span class='ocrx_word' id='word_1_129' title='bbox 651 2126 712 2191; x_wconf 89' lang='lat' dir='ltr'><strong>est,</strong></span> <span class='ocrx_word' id='word_1_130' title='bbox 734 2108 965 2179; x_wconf 76' lang='lat' dir='ltr'><strong>”deminoratur</strong></span> <span class='ocrx_word' id='word_1_131' title='bbox 987 2118 1045 2178; x_wconf 91' lang='lat' dir='ltr'><strong>illic</strong></span> <span class='ocrx_word' id='word_1_132' title='bbox 1067 2119 1115 2180; x_wconf 88' lang='lat' dir='ltr'><strong>illc</strong></span> <span class='ocrx_word' id='word_1_133' title='bbox 1137 2120 1183 2181; x_wconf 89' lang='lat' dir='ltr'><strong>oui</strong></span> <span class='ocrx_word' id='word_1_134' title='bbox 1208 2120 1247 2180; x_wconf 93' lang='lat' dir='ltr'><strong>ob</strong></span> <span class='ocrx_word' id='word_1_135' title='bbox 1270 2120 1447 2183; x_wconf 69' lang='lat' dir='ltr'><strong>montanitae</strong></span> 
     </span>
     <span class='ocr_line' id='line_1_16' title="bbox 291 2217 1445 2302; baseline 0 -21"><span class='ocrx_word' id='word_1_136' title='bbox 291 2219 449 2299; x_wconf 77' lang='lat' dir='ltr'><strong>imagines,</strong></span> <span class='ocrx_word' id='word_1_137' title='bbox 472 2226 586 2281; x_wconf 89' lang='lat' dir='ltr'><strong>statuae</strong></span> <span class='ocrx_word' id='word_1_138' title='bbox 607 2217 667 2279; x_wconf 76' lang='lat' dir='ltr'><strong>⁸&#39;et</strong></span> <span class='ocrx_word' id='word_1_139' title='bbox 687 2217 778 2290; x_wconf 89' lang='lat' dir='ltr'><strong>tituli,</strong></span> <span class='ocrx_word' id='word_1_140' title='bbox 801 2218 934 2280; x_wconf 90' lang='lat' dir='ltr'><strong>bonores</strong></span> <span class='ocrx_word' id='word_1_141' title='bbox 956 2218 1081 2298; x_wconf 85' lang='lat' dir='ltr'><strong>publici,</strong></span> <span class='ocrx_word' id='word_1_142' title='bbox 1114 2220 1268 2300; x_wconf 81' lang='lat' dir='ltr'><strong>privilegia</strong></span> <span class='ocrx_word' id='word_1_143' title='bbox 1291 2222 1445 2302; x_wconf 87' lang='lat' dir='ltr'><strong>rependun-</strong></span> 
     </span>
     <span class='ocr_line' id='line_1_17' title="bbox 290 2319 1446 2399; baseline -0.003 -16"><span class='ocrx_word' id='word_1_144' title='bbox 290 2329 356 2395; x_wconf 92' lang='lat' dir='ltr'><strong>tur,</strong></span> <span class='ocrx_word' id='word_1_145' title='bbox 386 2322 432 2382; x_wconf 91' lang='lat' dir='ltr'><strong>cui</strong></span> <span class='ocrx_word' id='word_1_146' title='bbox 459 2320 555 2393; x_wconf 88' lang='lat' dir='ltr'><strong>curia,</strong></span> <span class='ocrx_word' id='word_1_147' title='bbox 590 2319 636 2381; x_wconf 90' lang='lat' dir='ltr'><strong>cui</strong></span> <span class='ocrx_word' id='word_1_148' title='bbox 664 2320 793 2399; x_wconf 92' lang='lat' dir='ltr'><strong>populus</strong></span> <span class='ocrx_word' id='word_1_149' title='bbox 817 2321 967 2399; x_wconf 79' lang='lat' dir='ltr'><strong>suffragiis</strong></span> <span class='ocrx_word' id='word_1_150' title='bbox 996 2320 1137 2381; x_wconf 90' lang='lat' dir='ltr'><strong>immolat.</strong></span> <span class='ocrx_word' id='word_1_151' title='bbox 1183 2322 1341 2384; x_wconf 89' lang='lat' dir='ltr'><strong>Oiudicia</strong></span> <span class='ocrx_word' id='word_1_152' title='bbox 1368 2322 1446 2383; x_wconf 74' lang='lat' dir='ltr'><strong>divina</strong></span> 
     </span>
     <span class='ocr_line' id='line_1_18' title="bbox 290 2420 1446 2503; baseline -0.005 -18"><span class='ocrx_word' id='word_1_153' title='bbox 290 2431 359 2502; x_wconf 92' lang='lat' dir='ltr'><strong>post</strong></span> <span class='ocrx_word' id='word_1_154' title='bbox 390 2431 515 2483; x_wconf 92' lang='lat' dir='ltr'><strong>mortem</strong></span> <span class='ocrx_word' id='word_1_155' title='bbox 546 2420 683 2481; x_wconf 88' lang='lat' dir='ltr'><strong>humanis</strong></span> <span class='ocrx_word' id='word_1_156' title='bbox 711 2420 958 2493; x_wconf 66' lang='lat' dir='ltr'><strong>³*meridaciora‘¹,</strong></span> <span class='ocrx_word' id='word_1_157' title='bbox 991 2420 1254 2501; x_wconf 64' lang='lat' dir='ltr'><strong>”contemptibilia</strong></span> <span class='ocrx_word' id='word_1_158' title='bbox 1282 2424 1321 2486; x_wconf 91' lang='lat' dir='ltr'><strong>de</strong></span> <span class='ocrx_word' id='word_1_159' title='bbox 1346 2420 1446 2503; x_wconf 82' lang='lat' dir='ltr'><strong>poenis,</strong></span> 
     </span>
     <span class='ocr_line' id='line_1_19' title="bbox 290 2520 1444 2604; baseline 0.004 -21"><span class='ocrx_word' id='word_1_160' title='bbox 290 2522 459 2584; x_wconf 80' lang='lat' dir='ltr'><strong>fastidibilia</strong></span> <span class='ocrx_word' id='word_1_161' title='bbox 481 2522 518 2582; x_wconf 90' lang='lat' dir='ltr'><strong>de</strong></span> <span class='ocrx_word' id='word_1_162' title='bbox 540 2520 658 2600; x_wconf 88' lang='lat' dir='ltr'><strong>gratiis,</strong></span> <span class='ocrx_word' id='word_1_163' title='bbox 681 2539 756 2600; x_wconf 91' lang='lat' dir='ltr'><strong>quae</strong></span> <span class='ocrx_word' id='word_1_164' title='bbox 778 2540 835 2582; x_wconf 90' lang='lat' dir='ltr'><strong>nec</strong></span> <span class='ocrx_word' id='word_1_165' title='bbox 854 2522 980 2601; x_wconf 89' lang='lat' dir='ltr'><strong>pessimi</strong></span> <span class='ocrx_word' id='word_1_166' title='bbox 995 2529 1126 2583; x_wconf 91' lang='lat' dir='ltr'><strong>metuant</strong></span> <span class='ocrx_word' id='word_1_167' title='bbox 1141 2541 1197 2584; x_wconf 89' lang='lat' dir='ltr'><strong>uec</strong></span> <span class='ocrx_word' id='word_1_168' title='bbox 1212 2524 1317 2604; x_wconf 89' lang='lat' dir='ltr'><strong>optimi</strong></span> <span class='ocrx_word' id='word_1_169' title='bbox 1334 2522 1444 2604; x_wconf 75' lang='lat' dir='ltr'><strong>cupiant</strong></span> 
     </span>
     <span class='ocr_line' id='line_1_20' title="bbox 289 2622 1446 2703; baseline -0.001 -21"><span class='ocrx_word' id='word_1_170' title='bbox 289 2622 355 2682; x_wconf 75' lang='lat' dir='ltr'><strong>“ad</strong></span> <span class='ocrx_word' id='word_1_171' title='bbox 377 2641 451 2701; x_wconf 87' lang='lat' dir='ltr'><strong>quae</strong></span> <span class='ocrx_word' id='word_1_172' title='bbox 473 2622 565 2701; x_wconf 89' lang='lat' dir='ltr'><strong>magis</strong></span> <span class='ocrx_word' id='word_1_173' title='bbox 588 2622 705 2683; x_wconf 89' lang='lat' dir='ltr'><strong>scelesti</strong></span> <span class='ocrx_word' id='word_1_174' title='bbox 729 2641 815 2702; x_wconf 89' lang='lat' dir='ltr'><strong>quam</strong></span> <span class='ocrx_word' id='word_1_175' title='bbox 838 2624 931 2684; x_wconf 86' lang='lat' dir='ltr'><strong>sancti</strong></span> <span class='ocrx_word' id='word_1_176' title='bbox 959 2623 1067 2702; x_wconf 87' lang='lat' dir='ltr'><strong>quique</strong></span> <span class='ocrx_word' id='word_1_177' title='bbox 1095 2624 1315 2703; x_wconf 90' lang='lat' dir='ltr'><strong>properabunt,</strong></span> <span class='ocrx_word' id='word_1_178' title='bbox 1345 2625 1399 2695; x_wconf 92' lang='lat' dir='ltr'><strong>illi,</strong></span> <span class='ocrx_word' id='word_1_179' title='bbox 1422 2628 1446 2681; x_wconf 93' lang='lat' dir='ltr'><strong>ut</strong></span> 
     </span>
     <span class='ocr_line' id='line_1_21' title="bbox 289 2721 1444 2805; baseline -0.003 -22"><span class='ocrx_word' id='word_1_180' title='bbox 289 2723 430 2783; x_wconf 85' lang='lat' dir='ltr'><strong>iustitiam</strong></span> <span class='ocrx_word' id='word_1_181' title='bbox 454 2723 563 2783; x_wconf 88' lang='lat' dir='ltr'><strong>saeculi</strong></span> <span class='ocrx_word' id='word_1_182' title='bbox 585 2722 672 2783; x_wconf 89' lang='lat' dir='ltr'><strong>citius</strong></span> <span class='ocrx_word' id='word_1_183' title='bbox 695 2723 833 2796; x_wconf 86' lang='lat' dir='ltr'><strong>evadant,</strong></span> <span class='ocrx_word' id='word_1_184' title='bbox 856 2721 921 2799; x_wconf 87' lang='lat' dir='ltr'><strong>isti,</strong></span> <span class='ocrx_word' id='word_1_185' title='bbox 944 2732 978 2784; x_wconf 90' lang='lat' dir='ltr'><strong>ut</strong></span> <span class='ocrx_word' id='word_1_186' title='bbox 1000 2724 1111 2784; x_wconf 89' lang='lat' dir='ltr'><strong>tardius</strong></span> <span class='ocrx_word' id='word_1_187' title='bbox 1135 2742 1198 2785; x_wconf 90' lang='lat' dir='ltr'><strong>eam</strong></span> <span class='ocrx_word' id='word_1_188' title='bbox 1223 2727 1348 2805; x_wconf 70' lang='lat' dir='ltr'><strong>capiant</strong></span> <span class='ocrx_word' id='word_1_189' title='bbox 1378 2724 1444 2784; x_wconf 80' lang='lat' dir='ltr'><strong>liene</strong></span> 
     </span>
     <span class='ocr_line' id='line_1_22' title="bbox 288 2821 1446 2906; baseline -0.004 -22"><span class='ocrx_word' id='word_1_190' title='bbox 288 2823 459 2904; x_wconf 88' lang='lat' dir='ltr'><strong>philosophi</strong></span> <span class='ocrx_word' id='word_1_191' title='bbox 483 2823 613 2896; x_wconf 89' lang='lat' dir='ltr'><strong>docetis,</strong></span> <span class='ocrx_word' id='word_1_192' title='bbox 635 2823 746 2883; x_wconf 89' lang='lat' dir='ltr'><strong>utiliter</strong></span> <span class='ocrx_word' id='word_1_193' title='bbox 768 2822 915 2896; x_wconf 89' lang='lat' dir='ltr'><strong>suadetis,</strong></span> <span class='ocrx_word' id='word_1_194' title='bbox 948 2823 1058 2886; x_wconf 87' lang='lat' dir='ltr'><strong>leviora</strong></span> <span class='ocrx_word' id='word_1_195' title='bbox 1080 2833 1150 2904; x_wconf 87' lang='lat' dir='ltr'><strong>post</strong></span> <span class='ocrx_word' id='word_1_196' title='bbox 1171 2836 1301 2889; x_wconf 88' lang='lat' dir='ltr'><strong>mortem</strong></span> <span class='ocrx_word' id='word_1_197' title='bbox 1321 2821 1446 2906; x_wconf 83' lang='lat' dir='ltr'><strong>supplicia</strong></span> 
     </span>
     <span class='ocr_line' id='line_1_23' title="bbox 288 2924 1446 3006; baseline -0.003 -21"><span class='ocrx_word' id='word_1_198' title='bbox 288 2925 334 2987; x_wconf 87' lang='lat' dir='ltr'><strong>rel</strong></span> <span class='ocrx_word' id='word_1_199' title='bbox 356 2925 502 3004; x_wconf 89' lang='lat' dir='ltr'><strong>praemia,</strong></span> <span class='ocrx_word' id='word_1_200' title='bbox 526 2944 609 2997; x_wconf 91' lang='lat' dir='ltr'><strong>cum,</strong></span> <span class='ocrx_word' id='word_1_201' title='bbox 630 2924 753 3003; x_wconf 85' lang='lat' dir='ltr'><strong>siquod</strong></span> <span class='ocrx_word' id='word_1_202' title='bbox 777 2925 916 2987; x_wconf 89' lang='lat' dir='ltr'><strong>iudicium</strong></span> <span class='ocrx_word' id='word_1_203' title='bbox 933 2926 1045 2987; x_wconf 87' lang='lat' dir='ltr'><strong>animas</strong></span> <span class='ocrx_word' id='word_1_204' title='bbox 1061 2935 1173 3000; x_wconf 90' lang='lat' dir='ltr'><strong>manet,</strong></span> <span class='ocrx_word' id='word_1_205' title='bbox 1197 2928 1317 3006; x_wconf 73' lang='lat' dir='ltr'><strong>granium</strong></span> <span class='ocrx_word' id='word_1_206' title='bbox 1331 2926 1446 2988; x_wconf 72' lang='lat' dir='ltr'><strong>⁸&#39;debeat</strong></span> 
     </span>
     <span class='ocr_line' id='line_1_24' title="bbox 289 3025 1444 3108; baseline -0.002 -22"><span class='ocrx_word' id='word_1_207' title='bbox 289 3026 369 3086; x_wconf 90' lang='lat' dir='ltr'><strong>credi</strong></span> <span class='ocrx_word' id='word_1_208' title='bbox 391 3025 421 3085; x_wconf 90' lang='lat' dir='ltr'><strong>iu</strong></span> <span class='ocrx_word' id='word_1_209' title='bbox 444 3025 651 3103; x_wconf 89' lang='lat' dir='ltr'><strong>dispunctione</strong></span> <span class='ocrx_word' id='word_1_210' title='bbox 672 3025 749 3084; x_wconf 86' lang='lat' dir='ltr'><strong>ritae</strong></span> <span class='ocrx_word' id='word_1_211' title='bbox 772 3045 859 3104; x_wconf 89' lang='lat' dir='ltr'><strong>quam</strong></span> <span class='ocrx_word' id='word_1_212' title='bbox 881 3027 910 3087; x_wconf 91' lang='lat' dir='ltr'><strong>iu</strong></span> <span class='ocrx_word' id='word_1_213' title='bbox 927 3027 1196 3100; x_wconf 88' lang='lat' dir='ltr'><strong>administratione,</strong></span> <span class='ocrx_word' id='word_1_214' title='bbox 1220 3030 1289 3108; x_wconf 89' lang='lat' dir='ltr'><strong>quia</strong></span> <span class='ocrx_word' id='word_1_215' title='bbox 1308 3029 1377 3091; x_wconf 90' lang='lat' dir='ltr'><strong>nibil</strong></span> <span class='ocrx_word' id='word_1_216' title='bbox 1391 3027 1444 3107; x_wconf 87' lang='lat' dir='ltr'><strong>ple·</strong></span> 
     </span>
     <span class='ocr_line' id='line_1_25' title="bbox 288 3125 1445 3209; baseline -0.003 -22"><span class='ocrx_word' id='word_1_217' title='bbox 288 3125 357 3188; x_wconf 90' lang='lat' dir='ltr'><strong>nius</strong></span> <span class='ocrx_word' id='word_1_218' title='bbox 380 3144 466 3206; x_wconf 87' lang='lat' dir='ltr'><strong>quarn</strong></span> <span class='ocrx_word' id='word_1_219' title='bbox 489 3125 569 3204; x_wconf 88' lang='lat' dir='ltr'><strong>quod</strong></span> <span class='ocrx_word' id='word_1_220' title='bbox 592 3125 777 3199; x_wconf 56' lang='lat' dir='ltr'><strong>extremius,</strong></span> <span class='ocrx_word' id='word_1_221' title='bbox 810 3126 885 3188; x_wconf 90' lang='lat' dir='ltr'><strong>nihil</strong></span> <span class='ocrx_word' id='word_1_222' title='bbox 906 3136 1003 3188; x_wconf 90' lang='lat' dir='ltr'><strong>autem</strong></span> <span class='ocrx_word' id='word_1_223' title='bbox 1026 3128 1142 3207; x_wconf 91' lang='lat' dir='ltr'><strong>plenius</strong></span> <span class='ocrx_word' id='word_1_224' title='bbox 1174 3147 1261 3208; x_wconf 88' lang='lat' dir='ltr'><strong>quam</strong></span> <span class='ocrx_word' id='word_1_225' title='bbox 1283 3129 1363 3209; x_wconf 90' lang='lat' dir='ltr'><strong>quod</strong></span> <span class='ocrx_word' id='word_1_226' title='bbox 1383 3125 1445 3189; x_wconf 79' lang='lat' dir='ltr'><strong>diti·</strong></span> 
     </span>
     <span class='ocr_line' id='line_1_26' title="bbox 288 3226 1445 3315; baseline -0.002 -27"><span class='ocrx_word' id='word_1_227' title='bbox 288 3227 366 3288; x_wconf 91' lang='lat' dir='ltr'><strong>nius.</strong></span> <span class='ocrx_word' id='word_1_228' title='bbox 400 3227 479 3288; x_wconf 79' lang='lat' dir='ltr'><strong>[leus</strong></span> <span class='ocrx_word' id='word_1_229' title='bbox 503 3228 600 3305; x_wconf 90' lang='lat' dir='ltr'><strong>itaque</strong></span> <span class='ocrx_word' id='word_1_230' title='bbox 623 3226 763 3315; x_wconf 88' lang='lat' dir='ltr'><strong>iudicabit</strong></span> <span class='ocrx_word' id='word_1_231' title='bbox 783 3227 917 3305; x_wconf 89' lang='lat' dir='ltr'><strong>plonius,</strong></span> <span class='ocrx_word' id='word_1_232' title='bbox 941 3228 1008 3307; x_wconf 88' lang='lat' dir='ltr'><strong>quia</strong></span> <span class='ocrx_word' id='word_1_233' title='bbox 1032 3229 1192 3290; x_wconf 86' lang='lat' dir='ltr'><strong>extremius</strong></span> <span class='ocrx_word' id='word_1_234' title='bbox 1214 3230 1445 3310; x_wconf 84' lang='lat' dir='ltr'><strong>persententiau</strong></span> 
     </span>
     <span class='ocr_line' id='line_1_27' title="bbox 287 3327 1446 3407; baseline -0.004 -17"><span class='ocrx_word' id='word_1_235' title='bbox 287 3338 437 3390; x_wconf 88' lang='lat' dir='ltr'><strong>aeternam</strong></span> <span class='ocrx_word' id='word_1_236' title='bbox 461 3335 518 3388; x_wconf 89' lang='lat' dir='ltr'><strong>tam</strong></span> <span class='ocrx_word' id='word_1_237' title='bbox 542 3327 678 3407; x_wconf 88' lang='lat' dir='ltr'><strong>supplicii</strong></span> <span class='ocrx_word' id='word_1_238' title='bbox 701 3346 788 3407; x_wconf 89' lang='lat' dir='ltr'><strong>quam</strong></span> <span class='ocrx_word' id='word_1_239' title='bbox 810 3328 972 3407; x_wconf 80' lang='lat' dir='ltr'><strong>refrigerii,</strong></span> <span class='ocrx_word' id='word_1_240' title='bbox 995 3348 1050 3391; x_wconf 90' lang='lat' dir='ltr'><strong>nec</strong></span> <span class='ocrx_word' id='word_1_241' title='bbox 1072 3330 1102 3390; x_wconf 90' lang='lat' dir='ltr'><strong>in</strong></span> <span class='ocrx_word' id='word_1_242' title='bbox 1123 3331 1254 3405; x_wconf 86' lang='lat' dir='ltr'><strong>bestias,</strong></span> <span class='ocrx_word' id='word_1_243' title='bbox 1275 3331 1328 3392; x_wconf 89' lang='lat' dir='ltr'><strong>sed</strong></span> <span class='ocrx_word' id='word_1_244' title='bbox 1349 3332 1378 3391; x_wconf 91' lang='lat' dir='ltr'><strong>iu</strong></span> <span class='ocrx_word' id='word_1_245' title='bbox 1400 3342 1446 3388; x_wconf 86' lang='lat' dir='ltr'><strong>sua</strong></span> 
     </span>
     <span class='ocr_line' id='line_1_28' title="bbox 285 3427 1448 3510; baseline -0.003 -18"><span class='ocrx_word' id='word_1_246' title='bbox 285 3448 410 3510; x_wconf 87' lang='lat' dir='ltr'><strong>corpora</strong></span> <span class='ocrx_word' id='word_1_247' title='bbox 433 3428 648 3492; x_wconf 87' lang='lat' dir='ltr'><strong>revertentibus</strong></span> <span class='ocrx_word' id='word_1_248' title='bbox 671 3429 836 3490; x_wconf 90' lang='lat' dir='ltr'><strong>animabus.</strong></span> <span class='ocrx_word' id='word_1_249' title='bbox 880 3427 918 3489; x_wconf 86' lang='lat' dir='ltr'><strong>Et</strong></span> <span class='ocrx_word' id='word_1_250' title='bbox 939 3430 997 3492; x_wconf 91' lang='lat' dir='ltr'><strong>hoc</strong></span> <span class='ocrx_word' id='word_1_251' title='bbox 1018 3432 1125 3505; x_wconf 88' lang='lat' dir='ltr'><strong>semel,</strong></span> <span class='ocrx_word' id='word_1_252' title='bbox 1155 3431 1215 3494; x_wconf 69' lang='lat' dir='ltr'><strong>³⁸et</strong></span> <span class='ocrx_word' id='word_1_253' title='bbox 1236 3432 1265 3493; x_wconf 93' lang='lat' dir='ltr'><strong>in</strong></span> <span class='ocrx_word' id='word_1_254' title='bbox 1287 3450 1353 3492; x_wconf 91' lang='lat' dir='ltr'><strong>eum</strong></span> <span class='ocrx_word' id='word_1_255' title='bbox 1375 3430 1448 3490; x_wconf 78' lang='lat' dir='ltr'><strong>dien</strong></span> 
     </span>
     <span class='ocr_line' id='line_1_29' title="bbox 285 3523 1449 3612; baseline -0.003 -20"><span class='ocrx_word' id='word_1_256' title='bbox 285 3549 373 3609; x_wconf 82' lang='lat' dir='ltr'><strong>quem</strong></span> <span class='ocrx_word' id='word_1_257' title='bbox 403 3531 486 3592; x_wconf 90' lang='lat' dir='ltr'><strong>solus</strong></span> <span class='ocrx_word' id='word_1_258' title='bbox 514 3538 598 3610; x_wconf 91' lang='lat' dir='ltr'><strong>pater</strong></span> <span class='ocrx_word' id='word_1_259' title='bbox 626 3530 723 3604; x_wconf 85' lang='lat' dir='ltr'><strong>novit,</strong></span> <span class='ocrx_word' id='word_1_260' title='bbox 757 3538 790 3591; x_wconf 93' lang='lat' dir='ltr'><strong>ut</strong></span> <span class='ocrx_word' id='word_1_261' title='bbox 817 3529 944 3609; x_wconf 87' lang='lat' dir='ltr'><strong>pendula</strong></span> <span class='ocrx_word' id='word_1_262' title='bbox 973 3534 1178 3612; x_wconf 81' lang='lat' dir='ltr'><strong>expectatione</strong></span> <span class='ocrx_word' id='word_1_263' title='bbox 1200 3531 1367 3595; x_wconf 90' lang='lat' dir='ltr'><strong>sollicitudo</strong></span> <span class='ocrx_word' id='word_1_264' title='bbox 1388 3523 1449 3592; x_wconf 83' lang='lat' dir='ltr'><strong>fidei</strong></span> 
     </span>
     <span class='ocr_line' id='line_1_30' title="bbox 285 3631 1455 3717; baseline 0.003 -27"><span class='ocrx_word' id='word_1_265' title='bbox 285 3632 444 3710; x_wconf 91' lang='lat' dir='ltr'><strong>probetur,</strong></span> <span class='ocrx_word' id='word_1_266' title='bbox 473 3651 592 3711; x_wconf 87' lang='lat' dir='ltr'><strong>semper</strong></span> <span class='ocrx_word' id='word_1_267' title='bbox 613 3631 691 3692; x_wconf 91' lang='lat' dir='ltr'><strong>diem</strong></span> <span class='ocrx_word' id='word_1_268' title='bbox 715 3632 895 3705; x_wconf 85' lang='lat' dir='ltr'><strong>observans,</strong></span> <span class='ocrx_word' id='word_1_269' title='bbox 928 3634 997 3694; x_wconf 78' lang='lat' dir='ltr'><strong>(lum</strong></span> <span class='ocrx_word' id='word_1_270' title='bbox 1021 3653 1140 3713; x_wconf 90' lang='lat' dir='ltr'><strong>semper</strong></span> <span class='ocrx_word' id='word_1_271' title='bbox 1161 3635 1294 3714; x_wconf 90' lang='lat' dir='ltr'><strong>ignorat,</strong></span> <span class='ocrx_word' id='word_1_272' title='bbox 1328 3631 1455 3717; x_wconf 80' lang='lat' dir='ltr'><strong>quondo</strong></span> 
     </span>
     <span class='ocr_line' id='line_1_31' title="bbox 285 3730 797 3812; baseline 0.01 -22"><span class='ocrx_word' id='word_1_273' title='bbox 285 3730 409 3804; x_wconf 89' lang='lat' dir='ltr'><strong>timens,</strong></span> <span class='ocrx_word' id='word_1_274' title='bbox 432 3731 511 3811; x_wconf 88' lang='lat' dir='ltr'><strong>quod</strong></span> <span class='ocrx_word' id='word_1_275' title='bbox 533 3731 665 3811; x_wconf 88' lang='lat' dir='ltr'><strong>quotidie</strong></span> <span class='ocrx_word' id='word_1_276' title='bbox 687 3742 797 3812; x_wconf 86' lang='lat' dir='ltr'><strong>sperat.</strong></span> 
     </span>
    </p>
   </div>
   <div class='ocr_carea' id='block_1_3' title="bbox 281 3916 1472 4451">
    <p class='ocr_par' dir='ltr' id='par_1_3' title="bbox 281 3916 1472 4451">
     <span class='ocr_line' id='line_1_32' title="bbox 284 3916 1472 3980; baseline 0.006 -14"><span class='ocrx_word' id='word_1_277' title='bbox 284 3916 347 3966; x_wconf 79' lang='lat' dir='ltr'><strong>28b.</strong></span> <span class='ocrx_word' id='word_1_278' title='bbox 370 3919 440 3967; x_wconf 83' lang='lat' dir='ltr'><strong>Verbo</strong></span> <span class='ocrx_word' id='word_1_279' title='bbox 456 3925 479 3966; x_wconf 86' lang='lat' dir='ltr'><strong>et</strong></span> <span class='ocrx_word' id='word_1_280' title='bbox 498 3923 582 3980; x_wconf 77' lang='lat' dir='ltr'><strong>poetae</strong></span> <span class='ocrx_word' id='word_1_281' title='bbox 599 3943 634 3953; x_wconf 89' lang='lat'><em>—</em></span> <span class='ocrx_word' id='word_1_282' title='bbox 651 3945 684 3956; x_wconf 91' lang='lat'>—</span> <span class='ocrx_word' id='word_1_283' title='bbox 702 3920 793 3970; x_wconf 87' lang='lat' dir='ltr'><strong>malunt</strong></span> <span class='ocrx_word' id='word_1_284' title='bbox 811 3923 903 3970; x_wconf 83' lang='lat' dir='ltr'><strong>uncinis</strong></span> <span class='ocrx_word' id='word_1_285' title='bbox 920 3922 1011 3972; x_wconf 82' lang='lat' dir='ltr'><strong>incluso</strong></span> <span class='ocrx_word' id='word_1_286' title='bbox 1029 3931 1081 3972; x_wconf 81' lang='lat' dir='ltr'><strong>runt</strong></span> <span class='ocrx_word' id='word_1_287' title='bbox 1099 3926 1123 3972; x_wconf 83' lang='lat' dir='ltr'><strong>in</strong></span> <span class='ocrx_word' id='word_1_288' title='bbox 1142 3926 1164 3974; x_wconf 85' lang='lat' dir='ltr'><strong>b.</strong></span> <span class='ocrx_word' id='word_1_289' title='bbox 1218 3922 1259 3973; x_wconf 75' lang='lat'><strong>29.</strong></span> <span class='ocrx_word' id='word_1_290' title='bbox 1280 3939 1330 3975; x_wconf 87' lang='lat' dir='ltr'><strong>non</strong></span> <span class='ocrx_word' id='word_1_291' title='bbox 1351 3927 1472 3975; x_wconf 68' lang='lat' dir='ltr'><strong>bonorn‘</strong></span> 
     </span>
     <span class='ocr_line' id='line_1_33' title="bbox 285 3984 1465 4053; baseline 0.011 -21"><span class='ocrx_word' id='word_1_292' title='bbox 285 3992 324 4033; x_wconf 86' lang='lat' dir='ltr'><strong>tus</strong></span> <span class='ocrx_word' id='word_1_293' title='bbox 343 3986 436 4047; x_wconf 75' lang='lat' dir='ltr'><strong>Bmpab.</strong></span> <span class='ocrx_word' id='word_1_294' title='bbox 471 3984 602 4035; x_wconf 84' lang='lat' dir='ltr'><strong>honoratos</strong></span> <span class='ocrx_word' id='word_1_295' title='bbox 621 3988 665 4036; x_wconf 81' lang='lat' dir='ltr'><strong>tlt.</strong></span> <span class='ocrx_word' id='word_1_296' title='bbox 705 3987 746 4038; x_wconf 84' lang='lat'><strong>30.</strong></span> <span class='ocrx_word' id='word_1_297' title='bbox 766 3989 863 4038; x_wconf 80' lang='lat' dir='ltr'><strong>caudae.</strong></span> <span class='ocrx_word' id='word_1_298' title='bbox 888 3991 936 4051; x_wconf 75' lang='lat' dir='ltr'><strong>Age</strong></span> <span class='ocrx_word' id='word_1_299' title='bbox 954 3992 984 4051; x_wconf 72' lang='lat' dir='ltr'><strong>b„</strong></span> <span class='ocrx_word' id='word_1_300' title='bbox 1005 3991 1033 4038; x_wconf 85' lang='lat' dir='ltr'><strong>de</strong></span> <span class='ocrx_word' id='word_1_301' title='bbox 1043 3993 1154 4042; x_wconf 77' lang='lat' dir='ltr'><strong>emendat.</strong></span> <span class='ocrx_word' id='word_1_302' title='bbox 1166 3991 1258 4053; x_wconf 81' lang='lat' dir='ltr'><strong>latinii,</strong></span> <span class='ocrx_word' id='word_1_303' title='bbox 1270 3999 1293 4040; x_wconf 87' lang='lat' dir='ltr'><strong>et</strong></span> <span class='ocrx_word' id='word_1_304' title='bbox 1302 3992 1465 4044; x_wconf 63' lang='lat' dir='ltr'><strong>loellerrerr&#39;ae</strong></span> 
     </span>
     <span class='ocr_line' id='line_1_34' title="bbox 284 4051 1468 4123; baseline 0.008 -22"><span class='ocrx_word' id='word_1_305' title='bbox 284 4051 381 4101; x_wconf 80' lang='lat' dir='ltr'><strong>caudae.</strong></span> <span class='ocrx_word' id='word_1_306' title='bbox 405 4054 433 4100; x_wconf 79' lang='lat' dir='ltr'><strong>tt</strong></span> <span class='ocrx_word' id='word_1_307' title='bbox 450 4067 494 4113; x_wconf 80' lang='lat' dir='ltr'><strong>ega</strong></span> <span class='ocrx_word' id='word_1_308' title='bbox 519 4054 564 4102; x_wconf 79' lang='lat' dir='ltr'><strong>los.</strong></span> <span class='ocrx_word' id='word_1_309' title='bbox 578 4055 689 4116; x_wconf 75' lang='lat' dir='ltr'><strong>Scaliger.</strong></span> <span class='ocrx_word' id='word_1_310' title='bbox 729 4057 814 4119; x_wconf 85' lang='lat' dir='ltr'><strong>gaude.</strong></span> <span class='ocrx_word' id='word_1_311' title='bbox 839 4071 883 4118; x_wconf 81' lang='lat' dir='ltr'><strong>nge</strong></span> <span class='ocrx_word' id='word_1_312' title='bbox 900 4059 949 4122; x_wconf 77' lang='lat' dir='ltr'><strong>tp.</strong></span> <span class='ocrx_word' id='word_1_313' title='bbox 992 4057 1090 4118; x_wconf 82' lang='lat' dir='ltr'><strong>gaudae.</strong></span> <span class='ocrx_word' id='word_1_314' title='bbox 1117 4061 1164 4121; x_wconf 76' lang='lat' dir='ltr'><strong>Age</strong></span> <span class='ocrx_word' id='word_1_315' title='bbox 1183 4060 1224 4118; x_wconf 74' lang='grc' dir='ltr'><strong>Αβ.</strong></span> <span class='ocrx_word' id='word_1_316' title='bbox 1271 4061 1385 4120; x_wconf 78' lang='lat' dir='ltr'><strong>gandeat</strong></span> <span class='ocrx_word' id='word_1_317' title='bbox 1408 4064 1468 4123; x_wconf 70' lang='lat' dir='ltr'><strong>Ago</strong></span> 
     </span>
     <span class='ocr_line' id='line_1_35' title="bbox 281 4120 1471 4184; baseline 0.01 -19"><span class='ocrx_word' id='word_1_318' title='bbox 281 4120 375 4182; x_wconf 74' lang='lat' dir='ltr'><strong>reliqui.</strong></span> <span class='ocrx_word' id='word_1_319' title='bbox 411 4120 494 4181; x_wconf 81' lang='lat' dir='ltr'><strong>gaudia</strong></span> <span class='ocrx_word' id='word_1_320' title='bbox 514 4120 694 4172; x_wconf 80' lang='lat' dir='ltr'><strong>Folollrsinuc.</strong></span> <span class='ocrx_word' id='word_1_321' title='bbox 756 4122 795 4173; x_wconf 93' lang='grc'><strong>31.</strong></span> <span class='ocrx_word' id='word_1_322' title='bbox 815 4125 892 4173; x_wconf 78' lang='lat' dir='ltr'><strong>leaeo</strong></span> <span class='ocrx_word' id='word_1_323' title='bbox 911 4127 941 4184; x_wconf 75' lang='lat' dir='ltr'><strong>b,</strong></span> <span class='ocrx_word' id='word_1_324' title='bbox 962 4126 990 4175; x_wconf 80' lang='lat' dir='ltr'><strong>dc</strong></span> <span class='ocrx_word' id='word_1_325' title='bbox 1009 4127 1119 4175; x_wconf 81' lang='lat' dir='ltr'><strong>emendat.</strong></span> <span class='ocrx_word' id='word_1_326' title='bbox 1135 4127 1211 4176; x_wconf 77' lang='lat' dir='ltr'><strong>Fulvii</strong></span> <span class='ocrx_word' id='word_1_327' title='bbox 1221 4126 1309 4177; x_wconf 81' lang='lat' dir='ltr'><strong>Ursini.</strong></span> <span class='ocrx_word' id='word_1_328' title='bbox 1355 4129 1471 4178; x_wconf 67' lang='lat' dir='ltr'><strong>lleioene</strong></span> 
     </span>
     <span class='ocr_line' id='line_1_36' title="bbox 282 4188 1459 4253; baseline 0.008 -18"><span class='ocrx_word' id='word_1_329' title='bbox 282 4203 314 4245; x_wconf 71' lang='lat' dir='ltr'><strong>a,</strong></span> <span class='ocrx_word' id='word_1_330' title='bbox 334 4189 363 4235; x_wconf 85' lang='lat' dir='ltr'><strong>de</strong></span> <span class='ocrx_word' id='word_1_331' title='bbox 380 4189 491 4236; x_wconf 79' lang='lat' dir='ltr'><strong>emendet.</strong></span> <span class='ocrx_word' id='word_1_332' title='bbox 510 4188 575 4237; x_wconf 84' lang='lat' dir='ltr'><strong>Pauli</strong></span> <span class='ocrx_word' id='word_1_333' title='bbox 594 4191 706 4253; x_wconf 82' lang='lat' dir='ltr'><strong>leopardi</strong></span> <span class='ocrx_word' id='word_1_334' title='bbox 725 4192 851 4240; x_wconf 77' lang='lat' dir='ltr'><strong>Emendott.</strong></span> <span class='ocrx_word' id='word_1_335' title='bbox 874 4193 928 4253; x_wconf 87' lang='lat' dir='ltr'><strong>Vlll,</strong></span> <span class='ocrx_word' id='word_1_336' title='bbox 945 4192 968 4241; x_wconf 90' lang='grc'><strong>3.</strong></span> <span class='ocrx_word' id='word_1_337' title='bbox 1005 4193 1093 4242; x_wconf 84' lang='lat' dir='ltr'><strong>beloeo</strong></span> <span class='ocrx_word' id='word_1_338' title='bbox 1111 4194 1133 4243; x_wconf 79' lang='lat' dir='ltr'><strong>C.</strong></span> <span class='ocrx_word' id='word_1_339' title='bbox 1169 4193 1199 4242; x_wconf 85' lang='lat' dir='ltr'><strong>dc</strong></span> <span class='ocrx_word' id='word_1_340' title='bbox 1217 4194 1272 4243; x_wconf 83' lang='lat' dir='ltr'><strong>loco</strong></span> <span class='ocrx_word' id='word_1_341' title='bbox 1292 4196 1337 4245; x_wconf 79' lang='lat' dir='ltr'><strong>tlt.</strong></span> <span class='ocrx_word' id='word_1_342' title='bbox 1375 4196 1459 4246; x_wconf 70' lang='lat' dir='ltr'><strong>baioci</strong></span> 
     </span>
     <span class='ocr_line' id='line_1_37' title="bbox 282 4254 1454 4314; baseline 0.009 -13"><span class='ocrx_word' id='word_1_343' title='bbox 282 4254 394 4302; x_wconf 78' lang='lat' dir='ltr'><strong>latinius.</strong></span> <span class='ocrx_word' id='word_1_344' title='bbox 447 4254 487 4304; x_wconf 79' lang='lat'><strong>32.</strong></span> <span class='ocrx_word' id='word_1_345' title='bbox 507 4256 758 4308; x_wconf 76' lang='lat' dir='ltr'><strong>diminornturlllco.</strong></span> <span class='ocrx_word' id='word_1_346' title='bbox 811 4258 851 4307; x_wconf 89' lang='grc'><strong>33.</strong></span> <span class='ocrx_word' id='word_1_347' title='bbox 871 4268 894 4308; x_wconf 89' lang='lat' dir='ltr'><strong>et</strong></span> <span class='ocrx_word' id='word_1_348' title='bbox 912 4262 994 4308; x_wconf 77' lang='lat' dir='ltr'><strong>cml.</strong></span> <span class='ocrx_word' id='word_1_349' title='bbox 1042 4258 1248 4310; x_wconf 62' lang='lat' dir='ltr'><strong>nomenclatore</strong></span> <span class='ocrx_word' id='word_1_350' title='bbox 1268 4279 1291 4311; x_wconf 88' lang='lat' dir='ltr'><strong>o.</strong></span> <span class='ocrx_word' id='word_1_351' title='bbox 1337 4263 1378 4314; x_wconf 83' lang='lat'><strong>35.</strong></span> <span class='ocrx_word' id='word_1_352' title='bbox 1398 4278 1454 4312; x_wconf 87' lang='lat' dir='ltr'><strong>eon·</strong></span> 
     </span>
     <span class='ocr_line' id='line_1_38' title="bbox 281 4322 1455 4394; baseline 0.009 -26"><span class='ocrx_word' id='word_1_353' title='bbox 281 4322 430 4384; x_wconf 77' lang='lat' dir='ltr'><strong>temptabilia</strong></span> <span class='ocrx_word' id='word_1_354' title='bbox 448 4325 490 4383; x_wconf 73' lang='lat' dir='ltr'><strong>tp.</strong></span> <span class='ocrx_word' id='word_1_355' title='bbox 533 4323 573 4373; x_wconf 86' lang='grc'><strong>36.</strong></span> <span class='ocrx_word' id='word_1_356' title='bbox 592 4325 620 4373; x_wconf 88' lang='lat' dir='ltr'><strong>ad</strong></span> <span class='ocrx_word' id='word_1_357' title='bbox 641 4340 702 4388; x_wconf 87' lang='lat' dir='ltr'><strong>quac</strong></span> <span class='ocrx_word' id='word_1_358' title='bbox 720 4328 750 4387; x_wconf 73' lang='lat' dir='ltr'><strong>b,</strong></span> <span class='ocrx_word' id='word_1_359' title='bbox 771 4342 822 4376; x_wconf 84' lang='lat' dir='ltr'><strong>oum</strong></span> <span class='ocrx_word' id='word_1_360' title='bbox 839 4327 1024 4377; x_wconf 61' lang='lat' dir='ltr'><strong>nantuacense.</strong></span> <span class='ocrx_word' id='word_1_361' title='bbox 1061 4331 1205 4393; x_wconf 77' lang='lat' dir='ltr'><strong>atquael.</strong></span> <span class='ocrx_word' id='word_1_362' title='bbox 1242 4337 1315 4394; x_wconf 82' lang='lat' dir='ltr'><strong>atquc</strong></span> <span class='ocrx_word' id='word_1_363' title='bbox 1335 4332 1393 4382; x_wconf 75' lang='lat' dir='ltr'><strong>lico.</strong></span> <span class='ocrx_word' id='word_1_364' title='bbox 1427 4329 1455 4380; x_wconf 82' lang='lat' dir='ltr'><strong>ad</strong></span> 
     </span>
     <span class='ocr_line' id='line_1_39' title="bbox 282 4390 1012 4451; baseline 0.011 -15"><span class='ocrx_word' id='word_1_365' title='bbox 282 4402 353 4451; x_wconf 88' lang='lat' dir='ltr'><strong>quom</strong></span> <span class='ocrx_word' id='word_1_366' title='bbox 373 4390 416 4437; x_wconf 77' lang='lat' dir='ltr'><strong>los.</strong></span> <span class='ocrx_word' id='word_1_367' title='bbox 428 4390 551 4440; x_wconf 78' lang='lat' dir='ltr'><strong>ldercerus.</strong></span> <span class='ocrx_word' id='word_1_368' title='bbox 603 4390 643 4441; x_wconf 84' lang='grc'><strong>31.</strong></span> <span class='ocrx_word' id='word_1_369' title='bbox 663 4393 733 4442; x_wconf 86' lang='lat' dir='ltr'><strong>debet</strong></span> <span class='ocrx_word' id='word_1_370' title='bbox 751 4396 776 4443; x_wconf 76' lang='lat' dir='ltr'><strong>A.</strong></span> <span class='ocrx_word' id='word_1_371' title='bbox 829 4392 869 4443; x_wconf 85' lang='grc'><strong>38.</strong></span> <span class='ocrx_word' id='word_1_372' title='bbox 889 4403 912 4443; x_wconf 86' lang='lat' dir='ltr'><strong>et</strong></span> <span class='ocrx_word' id='word_1_373' title='bbox 930 4411 974 4444; x_wconf 85' lang='lat' dir='ltr'><strong>om.</strong></span> <span class='ocrx_word' id='word_1_374' title='bbox 987 4397 1012 4445; x_wconf 81' lang='grc' dir='ltr'><strong>Α.</strong></span> 
     </span>
    </p>
   </div>
   <div class='ocr_carea' id='block_1_4' title="bbox 276 4521 1452 4927">
    <p class='ocr_par' dir='ltr' id='par_1_4' title="bbox 278 4521 1452 4728">
     <span class='ocr_line' id='line_1_40' title="bbox 314 4521 1452 4598; baseline 0.011 -28"><span class='ocrx_word' id='word_1_375' title='bbox 314 4521 432 4598; x_wconf 39' lang='lat' dir='ltr'><strong>muEnnio</strong></span> <span class='ocrx_word' id='word_1_376' title='bbox 451 4522 597 4590; x_wconf 83' lang='lat' dir='ltr'><strong>somniante]</strong></span> <span class='ocrx_word' id='word_1_377' title='bbox 624 4527 659 4576; x_wconf 82' lang='lat' dir='ltr'><strong>Cl.</strong></span> <span class='ocrx_word' id='word_1_378' title='bbox 678 4529 791 4592; x_wconf 89' lang='lat' dir='ltr'><strong>interprr.</strong></span> <span class='ocrx_word' id='word_1_379' title='bbox 810 4530 839 4578; x_wconf 86' lang='lat' dir='ltr'><strong>ad</strong></span> <span class='ocrx_word' id='word_1_380' title='bbox 925 4545 948 4593; x_wconf 89' lang='lat' dir='ltr'><strong>q.</strong></span> <span class='ocrx_word' id='word_1_381' title='bbox 969 4527 1134 4595; x_wconf 80' lang='lat' dir='ltr'><strong>mendaciora]</strong></span> <span class='ocrx_word' id='word_1_382' title='bbox 1153 4531 1316 4589; x_wconf 82' lang='lat' dir='ltr'><strong>Ounemcrita</strong></span> <span class='ocrx_word' id='word_1_383' title='bbox 1329 4533 1452 4582; x_wconf 87' lang='lat' dir='ltr'><strong>hominnm</strong></span> 
     </span>
     <span class='ocr_line' id='line_1_41' title="bbox 279 4589 1452 4662; baseline 0.011 -24"><span class='ocrx_word' id='word_1_384' title='bbox 279 4589 355 4638; x_wconf 82' lang='lat' dir='ltr'><strong>Percu</strong></span> <span class='ocrx_word' id='word_1_385' title='bbox 373 4589 421 4637; x_wconf 83' lang='lat' dir='ltr'><strong>Sat.</strong></span> <span class='ocrx_word' id='word_1_386' title='bbox 440 4589 477 4649; x_wconf 84' lang='lat' dir='ltr'><strong>vt,</strong></span> <span class='ocrx_word' id='word_1_387' title='bbox 498 4591 585 4654; x_wconf 75' lang='lat' dir='ltr'><strong>lbsq,</strong></span> <span class='ocrx_word' id='word_1_388' title='bbox 613 4595 713 4644; x_wconf 87' lang='lat' dir='ltr'><strong>Tertull.</strong></span> <span class='ocrx_word' id='word_1_389' title='bbox 741 4597 773 4645; x_wconf 79' lang='lat' dir='ltr'><strong>[le</strong></span> <span class='ocrx_word' id='word_1_390' title='bbox 793 4596 839 4644; x_wconf 85' lang='lat' dir='ltr'><strong>lle-</strong></span> <span class='ocrx_word' id='word_1_391' title='bbox 890 4597 919 4646; x_wconf 88' lang='lat' dir='ltr'><strong>iis</strong></span> <span class='ocrx_word' id='word_1_392' title='bbox 944 4612 1005 4660; x_wconf 86' lang='lat' dir='ltr'><strong>qrnne</strong></span> <span class='ocrx_word' id='word_1_393' title='bbox 1029 4602 1176 4662; x_wconf 75' lang='lat' dir='ltr'><strong>repromissa</strong></span> <span class='ocrx_word' id='word_1_394' title='bbox 1203 4607 1260 4648; x_wconf 85' lang='lat' dir='ltr'><strong>sunt</strong></span> <span class='ocrx_word' id='word_1_395' title='bbox 1289 4599 1378 4650; x_wconf 80' lang='lat' dir='ltr'><strong>debitis</strong></span> <span class='ocrx_word' id='word_1_396' title='bbox 1406 4615 1452 4650; x_wconf 87' lang='lat' dir='ltr'><strong>nou</strong></span> 
     </span>
     <span class='ocr_line' id='line_1_42' title="bbox 278 4655 1045 4728; baseline 0.013 -24"><span class='ocrx_word' id='word_1_397' title='bbox 278 4670 342 4705; x_wconf 81' lang='lat' dir='ltr'><strong>surr.</strong></span> <span class='ocrx_word' id='word_1_398' title='bbox 362 4655 433 4705; x_wconf 83' lang='lat' dir='ltr'><strong>Care.</strong></span> <span class='ocrx_word' id='word_1_399' title='bbox 452 4672 504 4720; x_wconf 82' lang='lat' dir='ltr'><strong>cap.</strong></span> <span class='ocrx_word' id='word_1_400' title='bbox 519 4658 540 4705; x_wconf 96' lang='grc'><strong>1.</strong></span> <span class='ocrx_word' id='word_1_401' title='bbox 890 4666 1045 4728; x_wconf 83' lang='lat' dir='ltr'><strong>dispungam.</strong></span> 
     </span>
    </p>

    <p class='ocr_par' dir='ltr' id='par_1_5' title="bbox 276 4724 1451 4864">
     <span class='ocr_line' id='line_1_43' title="bbox 313 4724 1451 4801; baseline 0.011 -29"><span class='ocrx_word' id='word_1_402' title='bbox 313 4738 335 4772; x_wconf 91' lang='lat' dir='ltr'><strong>o.</strong></span> <span class='ocrx_word' id='word_1_403' title='bbox 361 4725 411 4772; x_wconf 84' lang='lat' dir='ltr'><strong>viro</strong></span> <span class='ocrx_word' id='word_1_404' title='bbox 438 4725 500 4774; x_wconf 87' lang='lat' dir='ltr'><strong>iusto</strong></span> <span class='ocrx_word' id='word_1_405' title='bbox 525 4724 613 4792; x_wconf 79' lang='lat' dir='ltr'><strong>leaeo]</strong></span> <span class='ocrx_word' id='word_1_406' title='bbox 640 4730 685 4787; x_wconf 81' lang='lat' dir='ltr'><strong>Qui</strong></span> <span class='ocrx_word' id='word_1_407' title='bbox 712 4731 839 4782; x_wconf 83' lang='lat' dir='ltr'><strong>noluerant</strong></span> <span class='ocrx_word' id='word_1_408' title='bbox 923 4748 940 4782; x_wconf 92' lang='lat' dir='ltr'><strong>r.</strong></span> <span class='ocrx_word' id='word_1_409' title='bbox 961 4729 1102 4799; x_wconf 82' lang='lat' dir='ltr'><strong>extremius]</strong></span> <span class='ocrx_word' id='word_1_410' title='bbox 1127 4733 1163 4783; x_wconf 88' lang='lat' dir='ltr'><strong>Cl.</strong></span> <span class='ocrx_word' id='word_1_411' title='bbox 1182 4748 1244 4797; x_wconf 82' lang='lat' dir='ltr'><strong>quac</strong></span> <span class='ocrx_word' id='word_1_412' title='bbox 1263 4735 1319 4786; x_wconf 88' lang='lat' dir='ltr'><strong>dedi</strong></span> <span class='ocrx_word' id='word_1_413' title='bbox 1340 4738 1369 4786; x_wconf 84' lang='lat' dir='ltr'><strong>ad</strong></span> <span class='ocrx_word' id='word_1_414' title='bbox 1387 4737 1451 4801; x_wconf 80' lang='lat' dir='ltr'><strong>lpo-</strong></span> 
     </span>
     <span class='ocr_line' id='line_1_44' title="bbox 276 4792 1061 4864; baseline 0.014 -24"><span class='ocrx_word' id='word_1_415' title='bbox 276 4792 376 4842; x_wconf 81' lang='lat' dir='ltr'><strong>Deiocne</strong></span> <span class='ocrx_word' id='word_1_416' title='bbox 393 4793 466 4840; x_wconf 82' lang='lat' dir='ltr'><strong>citant</strong></span> <span class='ocrx_word' id='word_1_417' title='bbox 483 4793 571 4842; x_wconf 87' lang='lat' dir='ltr'><strong>llerod.</strong></span> <span class='ocrx_word' id='word_1_418' title='bbox 592 4795 609 4852; x_wconf 89' lang='lat' dir='ltr'><strong>l,</strong></span> <span class='ocrx_word' id='word_1_419' title='bbox 624 4795 658 4844; x_wconf 87' lang='grc'><strong>96</strong></span> <span class='ocrx_word' id='word_1_420' title='bbox 668 4811 705 4861; x_wconf 84' lang='lat' dir='ltr'><strong>sq.</strong></span> <span class='ocrx_word' id='word_1_421' title='bbox 889 4799 936 4862; x_wconf 89' lang='lat' dir='ltr'><strong>leg.</strong></span> <span class='ocrx_word' id='word_1_422' title='bbox 956 4814 1008 4864; x_wconf 84' lang='lat' dir='ltr'><strong>cap.</strong></span> <span class='ocrx_word' id='word_1_423' title='bbox 1023 4801 1061 4852; x_wconf 85' lang='grc'><strong>19.</strong></span> 
     </span>
    </p>

    <p class='ocr_par' dir='ltr' id='par_1_6' title="bbox 312 4856 749 4927">
     <span class='ocr_line' id='line_1_45' title="bbox 312 4856 749 4927; baseline 0.014 -19"><span class='ocrx_word' id='word_1_424' title='bbox 312 4874 335 4922; x_wconf 91' lang='lat' dir='ltr'><strong>p.</strong></span> <span class='ocrx_word' id='word_1_425' title='bbox 354 4856 452 4924; x_wconf 83' lang='lat' dir='ltr'><strong>Didoni]</strong></span> <span class='ocrx_word' id='word_1_426' title='bbox 471 4860 507 4911; x_wconf 85' lang='lat' dir='ltr'><strong>Cl.</strong></span> <span class='ocrx_word' id='word_1_427' title='bbox 525 4860 618 4924; x_wconf 77' lang='lat' dir='ltr'><strong>lpolog</strong></span> <span class='ocrx_word' id='word_1_428' title='bbox 644 4879 696 4927; x_wconf 79' lang='lat' dir='ltr'><strong>cap.</strong></span> <span class='ocrx_word' id='word_1_429' title='bbox 708 4865 749 4915; x_wconf 74' lang='lat'><strong>50.</strong></span> 
     </span>
    </p>
   </div>
   <div class='ocr_carea' id='block_1_5' title="bbox 0 0 1626 5775">
    <p class='ocr_par' dir='ltr' id='par_1_7' title="bbox 0 0 1626 5775">
     <span class='ocr_line' id='line_1_46' title="bbox 0 0 1626 5775; baseline 0 4"><span class='ocrx_word' id='word_1_430' title='bbox 0 0 1626 5775; x_wconf 95' lang='lat' dir='ltr'><strong> </strong></span> 
     </span>
    </p>
   </div>
  </div>
 </body>
</html>
