3242 5775
721 643 760 685 ns
782 643 882 687 inrui.
1328 632 1392 697 639

238 788 277 850 riri
294 787 351 850 stili
371 789 582 869 praestantiam
598 809 671 852 auro
687 797 876 864 coronatur‘‚
899 791 955 853 etsi
976 794 1206 871 pensaunium,
1229 802 1262 856 nt
1276 794 1390 873 Plato⁸,

238 888 278 949 etsi
295 907 347 968 per
360 888 473 963 risum,
496 899 528 952 ut
542 891 574 952 P.
590 890 735 965 Crassus,
757 891 852 952 multo
867 891 1026 953 violentior
1040 911 1123 954 mors
1139 912 1213 972 quae
1228 912 1282 973 per
1296 896 1392 960 aliena

197 1023 199 1048 l
237 998 382 1065 grassatur,
417 1009 492 1069 quae
520 990 648 1052 animam
676 1009 731 1070 per
758 992 914 1053 commoda
943 991 1078 1071 expellit,
1112 1012 1188 1073 quae
1216 1004 1287 1058 tunc
1313 998 1391 1059 mori

237 1089 303 1150 affert
322 1097 387 1151 rum
410 1089 567 1153 iocundius
589 1091 705 1153 ⁸vivere
728 1092 826 1153 estin
850 1092 1047 1168 exultatione,
1070 1094 1100 1154 in
1123 1094 1247 1168 honore,
1269 1096 1300 1158 in
1322 1096 1391 1159 ⁹re·

238 1189 297 1266 tnie,
316 1191 346 1251 in
368 1190 528 1270 voluptate.
566 1192 618 1253 Vis
640 1201 687 1253 est
708 1192 756 1253 illa
780 1192 946 1271 ¹⁰navigiis,
969 1213 1036 1255 cum
1058 1194 1145 1273 longe
1168 1195 1388 1276 a¹¹Caphareis
1491 1221 1497 1238 ·

238 1290 313 1364 taxis,
334 1290 424 1352 nullis
447 1291 612 1371 depugnata
634 1290 820 1368 turbinibus,
842 1294 930 1355 nullis
946 1305 1084 1373 quassata
1102 1295 1289 1368 decumanis,
1312 1297 1388 1359 adu-

238 1386 297 1452 lante
320 1392 408 1464 batn,
440 1391 557 1453 labente
586 1391 718 1466 ¹²cursu,
750 1394 877 1456 laetante
905 1396 1061 1468 comitatu,
1094 1396 1236 1458 intestino
1266 1406 1390 1478 repente

237 1492 354 1566 poousu
388 1510 455 1554 cum
488 1501 551 1554 tota
583 1494 743 1554 securitate
777 1494 942 1556 desidunt&
992 1495 1058 1557 Non
1094 1516 1181 1558 secus
1211 1496 1390 1578 ¹³naufragia

237 1602 290 1653 sunt
313 1594 405 1667 vitae,
436 1593 522 1655 etiam
551 1594 723 1673 tranquillae
745 1596 853 1657 mortis
882 1605 1013 1657 eventus.
1063 1596 1163 1658 Nihilo
1190 1598 1282 1660 relert
1309 1598 1388 1661 inte-

234 1705 297 1765 gram
318 1694 401 1756 abire
423 1693 559 1773 corporis
582 1713 702 1769 navem,
732 1714 768 1756 an
792 1695 983 1775 dissipatam,
1012 1697 1082 1758 dum
1104 1699 1220 1758 animae
1242 1698 1388 1778 navigatio

232 1802 371 1856 erutatur.

298 1895 373 1958 ¹Sed
396 1894 472 1975 'quo
495 1895 601 1956 deinde
616 1896 712 1957 anima
727 1898 805 1958 nuda
822 1906 851 1958 et
867 1897 988 1977 explosa
1003 1894 1176 1958 'devertetl
1209 1896 1281 1959 Sine
1296 1895 1387 1959 dubio
1406 1920 1525 1981 cmm

224 2005 434 2076 prosequemur
456 2015 491 2057 ex
514 1996 628 2058 ordine.
665 1996 751 2059 Prius
774 2006 872 2058 tamen
895 1999 974 2077 qnod
997 2006 1044 2070 est
1064 1997 1120 2057 loci
1143 1996 1231 2059 huius
1253 1997 1387 2077 explebi-

213 2103 296 2172 mus,
317 2116 373 2171 ne,
396 2097 463 2176 quia
485 2097 584 2159 varios
607 2096 703 2158 exitus
726 2100 833 2159 mortis
852 2099 1013 2173 ediximus,
1038 2105 1171 2176 expectet
1185 2099 1251 2177 quis
1267 2117 1283 2159 a
1298 2098 1387 2160 nobis

209 2198 343 2260 meones
366 2196 560 2275 singulorum,
583 2198 706 2259 medicis
721 2200 824 2277 potius
843 2199 1063 2278 relinquendas,
1085 2197 1096 2228 ³
1103 2199 1233 2277 propriis
1248 2199 1386 2261 ⁴arbitris

202 2299 344 2360 omnium
366 2298 496 2359 letalium
518 2317 619 2360 rerum
642 2300 705 2359 sive
727 2317 883 2359 carisarum
899 2310 929 2360 et
943 2300 1073 2377 ipsarum
1089 2298 1287 2378 corporalium
1311 2318 1386 2360 con·

201 2390 372 2461 diciouum.
416 2398 506 2459 Plane
528 2400 564 2459 ad
587 2399 836 2461 immortalitatem
859 2401 974 2461 animae
1002 2399 1051 2461 hic
1078 2417 1194 2478 quoque
1223 2406 1386 2478 protegen·

197 2491 278 2562 dam
300 2502 331 2562 in
354 2499 524 2561 ‘mentione
546 2502 651 2561 mortis
674 2500 783 2579 aliquid
805 2501 842 2561 de
864 2500 1063 2562 ‘eiuscemodi
1086 2501 1164 2561 exitu
1184 2499 1386 2576 interstruam,

197 2586 259 2661 'in
281 2619 340 2680 quo
362 2600 502 2679 paulatim
524 2620 559 2661 ac
580 2601 744 2662 minutatim
761 2600 857 2661 anima
876 2601 1028 2675 dilabitur;
1050 2600 1182 2663 habitum
1198 2600 1276 2663 enim
1291 2600 1386 2663 susti·

197 2705 286 2762 {aens
308 2701 485 2762 delectionis
518 2701 687 2773 abducitur,
721 2702 791 2762 dum
819 2702 934 2764 absumi
964 2703 1094 2776 videtur,
1128 2712 1158 2763 et
1186 2701 1386 2764 coniecturam

198 2810 343 2880 praestat
364 2801 503 2862 interitus
526 2802 563 2863 de
585 2821 725 2863 excessus
742 2813 951 2884 temperatura.
988 2804 1064 2866 Tota
1086 2813 1183 2865 autem
1205 2804 1235 2863 in
1258 2820 1385 2881 corpore

201 2914 241 2965 et
269 2923 305 2965 ex
333 2921 461 2982 corpore
490 2912 536 2965 est
562 2905 648 2965 ratio.
702 2906 774 2967 Nam
806 2905 939 2984 quisquis
967 2905 1015 2966 ille
1044 2905 1137 2966 exitus
1166 2904 1288 2978 mortis,
1319 2904 1385 2966 sinc

201 3005 301 3066 dubio
324 3015 376 3066 aut
397 3006 585 3065 materiarum
609 3015 659 3067 aut
679 3007 836 3085 regionum
851 3017 902 3067 aut
916 3006 1026 3066 viarum
1043 3004 1172 3066 vitalium
1190 3004 1306 3066 eversio
1323 3015 1385 3066 est:

203 3106 412 3177 materiarum,
436 3115 469 3167 ut
490 3105 577 3179 lellis,
600 3117 632 3168 ut
647 3109 817 3187 sanguinis3
840 3108 1005 3186 regionum,
1029 3115 1061 3167 ut
1076 3106 1185 3178 cordiS,
1208 3114 1241 3166 ut
1261 3105 1386 3180 iecoris3

208 3208 340 3281 viarum,
372 3214 404 3268 ut
426 3225 582 3280 venarum,
611 3216 644 3269 ut
666 3209 849 3269 arteriarum.
900 3207 975 3268 Dum
1003 3206 1092 3283 igitur
1113 3205 1187 3266 haec
1208 3223 1243 3265 cx
1266 3206 1386 3283 propria

211 3326 326 3385 quaque
349 3306 474 3367 iniuriae
498 3328 586 3368 causa
607 3317 759 3369 vastantur
781 3309 811 3367 in
827 3324 963 3385 corpore,
987 3305 1022 3364 ad
1042 3324 1136 3383 usque
1153 3305 1281 3363 ultimam
1299 3322 1386 3364 erer-

211 3408 326 3468 sionem
350 3416 380 3468 ct
401 3408 630 3468 ’rescissionem
654 3406 801 3479 vitalium,
825 3406 853 3466 id
870 3414 917 3465 est
932 3402 1106 3464 naturalium
1122 3403 1241 3473 finium,
1264 3403 1386 3473 situum,

211 3509 393 3581 officiorum,
416 3508 587 3570 necessario
611 3516 641 3569 et
661 3508 774 3580 anima,
800 3505 996 3566 dilabentibus
1019 3502 1158 3581 paulatim
1181 3500 1386 3561 instrumentis

212 3662 235 3711 8.
254 3675 310 3709 rere
327 3660 353 3709 ll.
405 3661 597 3723 9.requiotel.
655 3659 692 3707 10.
711 3659 795 3719 nariuii
813 3659 857 3709 ln.
908 3656 945 3705 ll.
965 3652 1177 3717 chapereislull.
1212 3645 1386 3727 chapereiltl.

214 3729 252 3778 12.
273 3743 355 3788 cursu,
373 3729 477 3778 laetante
498 3730 550 3776 Coh.
593 3728 703 3776 cassulae
723 3736 801 3776 tantae
820 3727 853 3787 B,
880 3741 939 3789 quoe
956 3741 983 3773 eo
1000 3724 1069 3771 cerba
1087 3722 1178 3771 uncinis
1202 3720 1269 3768 hadel
1286 3720 1386 3769 inslsae.

213 3798 264 3846 Non
282 3798 351 3845 hobel
367 3797 392 3845 t.
448 3796 487 3845 13.
507 3796 645 3854 narrlruugia
664 3795 688 3842 B.

281 3864 340 3925 Cap.
359 3863 418 3913 Llll.
463 3863 484 3911 i.
509 3863 547 3910 ht:
566 3861 717 3910 llhlllhllllhl
736 3859 876 3909 EXCESSV.
907 3858 954 3908 Sed
974 3873 1021 3922 qtio
1041 3856 1126 3906 deinde
1151 3855 1235 3914 (cerlis
1254 3853 1320 3913 „Sed
1338 3868 1385 3917 quo

213 3930 320 3980 deinde“
343 3933 368 3978 in
385 3933 409 3979 l.
436 3934 497 3979 curie
516 3934 632 3989 corrosis,·
658 3932 683 3977 in
701 3929 726 3977 B.
744 3944 785 3992 pro
810 3942 858 3990 quo
877 3927 963 3975 deinde
987 3929 1070 3988 leuiter
1088 3923 1151 3988 qnod
1172 3922 1236 3979 inde)
1258 3921 1320 3971 luc.
1362 3919 1386 3968 2.

213 3998 308 4047 divertit
325 3999 365 4048 ts.
425 3998 447 4045 3.
473 4000 569 4060 propris
588 3999 630 4057 Αβ.
689 3996 712 4045 4.
737 3995 844 4044 arhitriis
869 3995 893 4042 s.
952 3994 975 4043 5.
1000 3993 1145 4042 mentionem
1164 3992 1190 4039 B.
1242 3988 1265 4038 6.
1291 3990 1386 4038 eiusce·

214 4066 492 4182 sszggsiobnemeibzmw
511 4068 603 4128 reliqui.
656 4063 678 4111 7.
698 4065 722 4112 in
741 4077 838 4128 quoque
856 4061 1027 4126 protegendam
1047 4062 1150 4110 animam
1170 4056 1283 4107 dilabitur
1300 4062 1326 4107 t.
1361 4053 1386 4107 8.

247 4250 267 4283 c.
289 4242 314 4282 nt
331 4233 454 4282 Clidemus
474 4233 635 4290 Atheniensis,
662 4232 718 4280 dum
744 4231 775 4279 ob
827 4239 890 4280 suut.
915 4230 950 4279 Cl.
961 4228 1020 4277 Voss
1038 4227 1072 4276 lle
1091 4227 1180 4276 ilistor.
1192 4226 1275 4276 Graec.
1293 4241 1317 4290 p.
1328 4225 1386 4276 tta.

213 4301 321 4349 historici
340 4300 388 4349 stili
408 4302 577 4364 praestantiam
596 4314 654 4347 auro
672 4315 775 4348 corona·
826 4298 953 4347 Westerm.

215 4365 264 4432 tur]
284 4368 318 4416 lta
336 4369 468 4416 emendavi.
505 4369 567 4415 Nihil
586 4369 649 4416 enim
668 4368 708 4416 illa

216 4436 270 4484 lenii
282 4437 419 4511 *correctio
429 4437 476 4494 „ab
490 4435 646 4510 histrionibus
657 4436 687 4509 ob
703 4449 775 4497 prae·
826 4467 883 4517 dum
898 4466 1001 4513 somme
1014 4477 1124 4513 mmmm.
1150 4462 1215 4523 οἱοῦ
1230 4460 1306 4511 Lm,
1316 4461 1346 4510 m
1363 4461 1387 4510 3·

216 4505 345 4552 stantiam“
374 4505 465 4551 lactens
494 4517 603 4550 coronari
633 4502 776 4551 Clidemnm.
1350 4499 1356 4520 '

218 4568 448 4628 Ouidbistrinnes‘?
475 4565 777 4631 Otrsenurnpraestantia‘l
828 4532 964 4648 ‘Issum
1007 4529 1386 4648 ffl'gnm-“nwffiid{3¹⁶⁸

217 4638 276 4686 baec
294 4647 367 4696 certe,
386 4639 406 4686 si
426 4640 580 4700 rescriptum
592 4639 777 4697 genuinaeseet,
827 4601 862 4650 De
899 4606 975 4648 ‘nect'
995 4614 1047 4663 αφ’
1076 4611 1222 4661 ''qu'wm
1242 4612 1288 4646 ⁵⁰⁰
1308 4609 1386 4644 mm

218 4705 365 4754 Tertulliano
385 4706 509 4753 indicanda
529 4706 622 4752 luisset.
653 4704 777 4753 Clidemus
827 4676 909 4718 'mm
926 4667 1024 4716 οδω·

219 4773 261 4821 luit
278 4789 358 4822 rerum
377 4775 505 4822 Atticarum
525 4773 629 4834 scriptor
647 4772 777 4820 celeberri-
862 4784 884 4816 e.
904 4783 957 4817 cunr
977 4776 1025 4817 tota
1043 4766 1171 4817 securitate
1192 4759 1324 4827 desidunt]
1351 4760 1387 4812 Cl.

219 4854 278 4890 mns.
304 4841 357 4891 Stili
377 4842 428 4890 eius
447 4842 579 4903 fragmenta
598 4839 676 4888 adhue
689 4841 777 4902 euper-
825 4837 923 4888 tristor.
940 4837 1021 4887 Probi.
1038 4837 1103 4888 Sect
1117 4833 1159 4884 2³.
1177 4840 1271 4898 quaest.
1285 4830 1308 4879 5.

728 4369 775 4417 ω’
860 4398 883 4448 d.
909 4406 935 4446 ut
952 4390 1031 4460 Plato]
1057 4396 1103 4444 Pro
1128 4395 1241 4443 somnium
1265 4407 1386 4458 reponen-
