3242 5775
446 641 450 648 '
507 661 655 705 inmusus
678 661 851 707 usncxonstr
873 665 930 708 trs.
947 667 985 709 xv.
1280 659 1342 724 203

180 869 181 876 ,
212 808 301 872 stilos
319 819 368 872 tam
388 811 437 873 diu
459 819 595 873 errantes
618 812 795 886 sustineret,
826 814 862 875 ad
884 815 943 876 hoc
965 816 1088 878 veniens
1110 826 1144 880 nt
1166 823 1263 884 errori
1286 843 1341 888 eo-

211 927 258 974 m
272 911 441 975 mederetur?
474 913 535 976 Sed
556 913 772 975 scandalizatur
786 914 934 976 loannes‘
955 918 1237 983 audidsvirtmihus
1253 924 1338 986 Chri·
1349 919 1493 996 ticinen.

210 1011 247 1086 sd,
268 1021 292 1074 nt
309 1014 432 1077 alterius.
490 1014 544 1076 ⁸ht
566 1034 621 1094 ego
644 1015 791 1077 rationem
815 1017 944 1079 scandali
973 1019 1057 1097 prius
1081 1022 1251 1099 expediam,
1280 1044 1340 1106 quo

207 1112 285 1176 hobis
301 1114 435 1177 haeretici
456 1115 625 1178 scandalum
649 1116 815 1196 explodam.
866 1119 936 1198 ipso
966 1119 1024 1181 iam
1053 1119 1175 1183 domino
1198 1125 1339 1189 virtutum

206 1230 304 1277 unone
323 1225 351 1277 et
371 1216 480 1296 spiritu
501 1217 594 1297 patris
616 1226 759 1297 operante
780 1219 812 1280 iu
836 1220 924 1280 terris
955 1229 985 1281 ct
1004 1221 1193 1299 praedicante
1214 1243 1338 1289 uccesse

204 1323 242 1378 u
255 1317 412 1397 portionem
435 1317 558 1397 spiritus
580 1320 692 1393 sancti,
714 1319 808 1399 'quae
830 1339 866 1380 ex
888 1322 982 1381 lorma
997 1321 1163 1401 prophetici
1179 1326 1292 1388 moduli
1307 1328 1339 1390 in

201 1413 276 1479 lenm
295 1427 393 1498 egerat
413 1428 654 1499 praeparaturam
681 1419 794 1482 viarum
824 1420 1056 1495 dominicarum,
1090 1423 1252 1487 abscedere
1279 1427 1338 1491 iam

201 1514 345 1593 dloanne,
379 1520 529 1582 redactam
552 1522 665 1583 scilicet
686 1521 717 1583 in
739 1522 927 1594 ’dominum
959 1530 992 1583 ut
1019 1523 1049 1583 in
1072 1524 1229 1588 massalem
1252 1546 1337 1590 suam

201 1635 315 1681 tunam
341 1620 461 1701 'ltaque
483 1621 609 1683 loannes
632 1622 798 1684 communis
828 1622 884 1684 iam
912 1623 1021 1696 homo,
1050 1632 1080 1685 et
1100 1623 1196 1687 ⁹uuus
1219 1627 1278 1688 iam
1300 1628 1337 1690 dc

201 1720 266 1793 sn,
286 1721 539 1785 scandalizabatur
559 1724 678 1802 quidem
701 1743 757 1803 qua
780 1724 887 1797 homo,
910 1724 962 1785 sed
985 1743 1045 1785 non
1069 1744 1125 1805 qua
1142 1727 1230 1788 alium
1247 1728 1335 1789 Chri-

201 1827 248 1884 h
265 1842 387 1903 sperans
409 1824 456 1884 vel
478 1823 669 1903 intellegens,
692 1825 742 1904 qui
758 1844 855 1906 neque
872 1825 1027 1887 ¹⁰eundem
1042 1835 1194 1905 speraret,
1217 1836 1250 1889 ut
1263 1828 1338 1891 nihil

202 1922 406 1986 uddooeutem
434 1924 480 1985 vel
508 1935 690 2006 operantem.
744 1926 838 1988 Nemo
867 1926 1027 1988 haesitabit
1054 1926 1092 1988 de
1122 1927 1220 2007 aliquo
1237 1947 1337 2007 quem
1411 1937 1418 1948 ⁰

203 2017 243 2084 h
258 2025 309 2085 seit
328 2044 391 2087 uon
413 2044 483 2087 esse
505 2044 561 2087 nec
581 2036 681 2106 sperat
703 2046 758 2089 nec
779 2028 941 2107 intellegit3
963 2027 1091 2089 loannes
1118 2037 1216 2089 autem
1237 2037 1334 2092 certus

205 2133 241 2184 ml
253 2127 393 2188 nemiuem
416 2127 504 2189 deum
520 2137 637 2206 praeter
652 2138 836 2202 creatorem,
861 2127 905 2189 vel
920 2147 977 2208 qua
993 2129 1136 2203 ludaeus,
1159 2130 1246 2190 etiam
1262 2139 1335 2210 pro-

206 2221 279 2302 βα.
309 2227 417 2289 Plane¹
437 2229 551 2290 lucilius
574 2229 657 2308 quasi
679 2229 836 2291 haesitavit
858 2230 894 2291 de
917 2249 953 2290 eo
976 2248 1064 2309 quem
1085 2248 1152 2291 cum
1173 2230 1248 2293 sciat
1268 2249 1337 2292 esse

209 2325 290 2407 {ipse
308 2329 347 2390 sit
370 2330 494 2391 nesciat.
538 2330 602 2392 ldoc
628 2331 718 2409 igitur
743 2340 825 2393 metu
854 2340 883 2393 et
905 2331 1048 2404 loannes,
1082 2331 1200 2404 Tuos,
1230 2331 1488 2412 iuquittucutm.

210 2423 333 2502 fixeris,
366 2450 403 2492 an
433 2431 524 2493 alium
552 2431 793 2510 ‘'expectamus?
826 2432 1001 2511 simpliciter
1028 2431 1182 2511 inquirens
1214 2451 1251 2493 au
1273 2432 1339 2518 ipss

243 2527 248 2539 '
287 2541 403 2611 tquem
426 2531 607 2612 expectabat.
644 2533 688 2594 Tu
711 2552 761 2606 es,
784 2534 834 2611 qui
849 2534 950 2606 venis,
974 2532 1100 2595 ¹'id-est
1121 2534 1171 2614 qui
1193 2542 1337 2596 venturus

228 2643 257 2700 s,
276 2651 307 2692 au
327 2632 416 2694 alium
439 2632 651 2713 expectamus?
679 2634 709 2694 id
731 2643 779 2696 est
800 2653 838 2694 an
859 2634 935 2695 alius
958 2644 1005 2696 est
1026 2654 1113 2714 qoem
1136 2642 1335 2714 expectamus,

217 2723 279 2792 lton
297 2742 380 2796 tues
403 2753 492 2814 quem
520 2744 675 2796 venturum
705 2734 920 2814 expectamus?
963 2736 1108 2816 Sperabat
1135 2737 1230 2809 enim,
1261 2738 1337 2798 sicut

217 2821 299 2895 'nu
328 2823 554 2916 opinabantur,
575 2856 610 2899 ex
642 2836 835 2898 similitudine
868 2836 1113 2900 documentorum
1144 2838 1279 2918 potuisse
1307 2846 1337 2901 et

218 2935 335 3013 nietam
357 2937 475 2998 interim
498 2939 624 3001 missum
647 2958 733 3012 esse,
764 2958 861 3018 aquo
884 2939 959 3000 alius
984 2947 1080 3013 esset,
1109 2940 1139 3000 id
1162 2949 1207 3001 est
1231 2940 1336 3014 maior,

190 3036 192 3041 ’
265 3038 361 3101 seilicet
383 3039 538 3112 dominus,
567 3041 617 3119 qui
641 3049 780 3102 venturus
804 3040 1021 3119 expectabatur.
1065 3041 1160 3120 Atque
1182 3042 1256 3102 adeo
1279 3042 1336 3102 hoo

180 3162 188 3199 x.
221 3136 366 3215 tdloannis
390 3141 560 3202 scandalum
583 3141 663 3220 quod
684 3141 835 3203 dubitabat
850 3142 948 3222 ipsum
964 3142 1080 3202 venisse
1095 3161 1181 3220 quem
1198 3151 1337 3223 expecta·

221 3222 267 3310 Η,
291 3259 370 3320 quem
391 3251 422 3303 et
450 3243 627 3321 praedicatis
657 3242 880 3322 operationibus
908 3244 1065 3322 agnovisse
1092 3243 1271 3316 debuerant,
1303 3251 1335 3304 ut
1350 3229 1453 3323 ’ἥθ’

185 3334 196 3357 ⁸
224 3326 308 3401 flius
326 3362 380 3423 per
401 3344 521 3404 easdem
543 3342 733 3423 operationes
749 3344 968 3421 agnoscendum
985 3362 1019 3402 se
1034 3343 1212 3404 nuntiaverit
1223 3343 1337 3404 loanni.

180 3492 189 3504 ..
225 3426 267 3503 h
282 3460 337 3504 nim
360 3444 523 3506 ¹⁵constcnt
544 3444 710 3524 praedicata
733 3443 763 3504 iu
780 3443 929 3504 Christum
945 3442 1104 3511 creatoris,
1127 3442 1204 3503 sicut
1218 3443 1255 3502 od
1273 3442 1338 3504 siu-

226 3532 457 3619 flostendimus,
488 3545 561 3606 satis
584 3563 772 3624 perversum,
801 3552 834 3605 ut
856 3543 1007 3604 Christum
1038 3560 1099 3602 non
1121 3543 1264 3604 creatoris
1286 3562 1341 3623 per
1442 3584 1445 3591 -

179 3665 192 3706 r
228 3644 405 3707 trucidarit
436 3646 664 3725 intellegendum
697 3664 752 3726 per
786 3664 861 3723 quae
891 3628 984 3724 magis
1013 3643 1163 3705 Christum
1197 3645 1339 3707 creatoris

180 3770 189 3808 i
229 3744 513 3826 hdcompellebat.
557 3748 648 3810 llulto
671 3746 856 3827 perversius,
880 3747 905 3808 si
930 3756 959 3807 et
981 3745 1185 3806 testimonium
1208 3745 1339 3807 ¹⁰loanni

230 3837 307 3911 hbet
324 3867 381 3909 non
402 3847 524 3910 loannis
548 3848 714 3922 Christus¹,
742 3848 908 3929 propheten
932 3864 998 3907 eum
1022 3844 1218 3921 confirmans,
1247 3847 1339 3909 immo

232 3980 439 4051 llttscnrionem
458 4001 501 4050 lid.
560 4001 583 4049 7.
609 4016 670 4064 quae
689 4015 715 4050 ex
741 4001 817 4048 lorrna
842 4001 908 4049 rhed.
929 4000 1067 4049 corsiensis.
1109 4013 1171 4062 quae
1188 4006 1213 4048 et
1230 3999 1255 4050 Β,
1298 4001 1338 4064 qui

180 4098 182 4103 -
233 4056 264 4107 Ιῑ
296 4064 424 4119 hdomino
443 4069 486 4117 Bc.
538 4068 562 4118 9.
583 4084 644 4117 uuus
662 4069 708 4117 iam
728 4069 758 4117 de
777 4067 847 4116 turba
865 4068 920 4116 died.
942 4068 1063 4116 Vaticanus
1081 4072 1184 4130 uterque.
1228 4082 1290 4117 unos
1309 4068 1339 4117 do

180 4156 186 4199 q
230 4122 314 4182 Μὰ.
361 4137 397 4186 10.
417 4137 521 4186 eundem
540 4138 610 4196 idid,
631 4138 743 4186 latinius.
780 4134 844 4184 unde
862 4136 954 4198 reliqui.
1010 4133 1047 4181 ll.
1067 4142 1221 4198 expectamus
1239 4137 1285 4196 cd,
1310 4150 1340 4184 eu
1453 4187 1460 4199 ‚

235 4192 396 4256 *lutens
440 4218 568 4268 speramus
590 4205 683 4268 reliqui.
702 4196 716 4209 ‘
740 4202 778 4252 tt.
797 4202 821 4250 id
841 4210 877 4250 est
895 4204 931 4251 cd.
968 4201 1030 4249 idem
1050 4201 1075 4249 r.
1111 4201 1145 4249 rel
1163 4203 1256 4266 reliqui.
1301 4201 1340 4253 13.

199 4316 204 4331 ,
237 4262 277 4309 ΙΙ»
297 4274 426 4337 eurettqot
492 4271 530 4320 ll.
555 4286 626 4321 omne
650 4272 834 4319 somnishautor
852 4269 893 4317 BC.
955 4269 994 4318 15.
1020 4276 1131 4318 constent
1154 4269 1197 4319 BG.
1220 4269 1341 4320 Vaticanus

179 4334 194 4385 ὁ
237 4326 291 4389 'dt
314 4347 396 4389 consta
413 4340 508 4404 reliqui.
563 4339 601 4388 lb.
621 4339 755 4389 losonisG.
793 4337 937 4385 loannes-li.

180 4473 195 4510 ·'
238 4462 458 4535 Uinicianus,
483 4488 529 4538 qna
549 4489 612 4524 nnuc
629 4474 725 4523 sublata
777 4471 818 4521 Sic
836 4478 900 4519 recte
919 4471 1025 4520 distinxit
1043 4469 1341 4523 haecrerbul'r.luuint.

235 4546 238 4553 '
289 4535 292 4541 '
335 4542 418 4592 ulrum
438 4548 505 4605 puto.
778 4539 907 4600 Perperam
921 4539 1035 4601 Rigaltius
1054 4538 1268 4598 „ludreus,etiam
1281 4552 1341 4602 pro·

186 4606 208 4658 tl
254 4596 600 4673 ιἳῑίίιειάιίιιιιυιΙοιιιιιοε]
619 4608 654 4657 ct.
667 4609 724 4672 Epi·
777 4605 864 4670 phetes
883 4606 953 4669 plane
972 4607 1085 4656 lucilinr¹‘
1104 4615 1159 4656 cett.

289 4666 338 4724 lter.
351 4676 415 4727 xttt.
434 4676 512 4727 sebui.
530 4675 553 4726 8.
573 4678 725 4736 comitetur,
813 4689 835 4736 3.
855 4687 904 4723 nou
923 4674 1019 4723 loannis
1038 4668 1161 4737 Christus]
1185 4672 1211 4721 ld
1231 4679 1269 4720 est
1291 4684 1341 4720 uon

311 4736 337 4789 bt
355 4743 497 4809 haoeenpt
522 4745 617 4794 liceret.
636 4743 725 4809 cape.
778 4741 890 4792 Christus
914 4743 1040 4801 creatoris,
1067 4741 1135 4790 cuius
1154 4740 1257 4789 loannes
1281 4751 1341 4800 pro·

179 4809 182 4867 l
262 4790 455 4877 *indepto
778 4810 852 4873 pheta
869 4818 929 4866 erat,
948 4807 1244 4874 proindealiuerristus
1262 4804 1292 4853 ab
1311 4818 1340 4852 eo

179 4858 210 4929 ol
260 4856 355 4937 ΝΠ,
377 4880 448 4931 &tm
465 4879 605 4946 prophetes.
641 4873 726 4944 Plane]
779 4891 852 4942 quem
867 4876 970 4930 loannes
988 4875 1152 4941 praedicabit.
1175 4872 1218 4923 Sic
1234 4868 1343 4936 loquitur
