3242 5775
724 663 763 707 os
784 664 884 709 smus.
1329 659 1393 724 θη

217 812 373 892 opinione.
390 853 399 864 -
417 812 518 892 ltaque
540 813 809 894 metempsychosin
832 816 1001 878 necessarie
1030 817 1203 894 imminere,
1232 822 1259 883 si
1280 840 1341 885 oon
1363 827 1413 890 in·

214 916 317 995 primo
345 931 464 993 quoque
491 914 567 976 sitae
594 914 683 976 buius
712 922 899 978 commeatn⁰
931 917 1071 980 omnibus
1106 919 1226 983 inlicitis
1258 924 1394 988 satiebat

218 1015 341 1078 Scilicet
363 1014 491 1076 facinora
514 1015 622 1076 tributa
645 1024 716 1077 sunt
736 1017 824 1078 sitae.
859 1017 996 1080 Ceterum
1020 1020 1130 1082 totiens
1153 1023 1281 1085 animam
1303 1042 1394 1087 reve-

198 1118 279 1197 cari
302 1115 412 1177 babere
427 1115 565 1194 quotiens
580 1116 678 1178 minus
695 1117 763 1196 quid
779 1118 922 1192 intulerit,
944 1119 1184 1199 reliquatricem*
1205 1123 1392 1203 delictorum,

215 1220 315 1279 donec
337 1216 469 1278 exsolvat
490 1216 687 1279 novissimum
710 1219 920 1298 quadrantem,
943 1219 1065 1283 detrusa
1087 1220 1249 1285 identidem
1270 1226 1302 1287 in
1323 1244 1529 1301 car-uuum

214 1338 316 1381 cerem
339 1318 486 1397 corporis.
519 1318 584 1379 lloc
604 1320 683 1379 enim
707 1328 852 1398 temperat
872 1328 965 1382 totam
986 1320 1065 1383 illem
1087 1322 1265 1403 ’allegorian
1280 1325 1394 1390 domini

214 1421 308 1481 certis
337 1419 630 1497 interpretationibus
657 1420 855 1494 relucentem,
890 1429 920 1483 et
946 1421 1044 1499 primo
1071 1424 1190 1502 quidem
1220 1426 1396 1506 simpliciter

214 1520 455 1599 intellegendam.
508 1520 581 1581 Nam
614 1520 662 1581 ³et
695 1521 830 1583 ethnicus
859 1522 949 1582 bomo
978 1523 1165 1585 adversarios
1199 1536 1304 1588 noster
1335 1538 1393 1602 ost,
1450 1592 1453 1596 ,

213 1623 376 1683 ‘incedens
400 1622 430 1682 in
452 1622 556 1683 eadem
578 1621 622 1682 via
643 1621 720 1683 vitae
735 1623 911 1684 communis.
944 1623 1082 1685 Ceterum
1104 1626 1262 1705 oportebat
1281 1645 1340 1690 nos
1353 1628 1529 1702 delossum

213 1724 328 1785 mundo
352 1722 447 1795 exire,
472 1723 498 1782 si
520 1722 660 1783 cumillis
676 1725 846 1784 conversari
860 1742 922 1784 non
937 1723 1048 1786 liceret.
1083 1725 1159 1787 lluic
1174 1745 1244 1807 ergo
1260 1727 1529 1802 ‘bonumtuemm

213 1825 306 1886 animi
328 1833 462 1903 praestes
484 1822 593 1884 ‘iubet
636 1823 753 1903 Diligite
774 1824 870 1886 'enim
892 1825 1028 1887 inimicos
1049 1836 1183 1896 essuos,
1206 1827 1319 1908 inquit,
1341 1829 1529 1928 ⁸ot¹³¹⁰·l·{3²'l

214 1935 301 1986 orate
327 1944 383 2004 pro
412 1923 653 1985 maledicentibus
681 1943 753 1996 ros,
786 1944 825 1986 ne
859 1926 957 2004 aliquo
991 1928 1171 1989 commercio
1200 1930 1389 2008 negotiorum
1398 1881 1529 1987 “Quat

212 2025 322 2087 iniuria
343 2035 521 2104 provocatus
545 2024 694 2085 abstrahat
714 2034 745 2087 te
767 2025 802 2085 ad
826 2044 912 2087 suum
935 2026 1080 2100 iudicem,
1103 2035 1133 2088 et
1154 2027 1201 2089 ⁹in
1222 2032 1390 2094 melodiam

213 2127 369 2205 delegatus
393 2126 428 2186 ad
451 2126 669 2186 exsolutionem
692 2126 784 2186 totius
806 2126 898 2187 debiti
920 2126 1035 2187 arteris.
1085 2127 1160 2190 Tum
1183 2129 1208 2189 si
1231 2131 1262 2191 in
1284 2132 1389 2193 diobo-

212 2228 276 2290 lum
299 2229 479 2288 transfertur
501 2225 661 2287 adversarii
684 2227 814 2299 mentio,
836 2244 872 2286 ex
894 2226 1103 2289 observatione
1125 2230 1302 2292 comitante·
1323 2214 1407 2294 cum

212 2328 264 2390 illo
288 2346 407 2407 quoque
430 2327 563 2388 moneris
586 2345 650 2388 eam
672 2328 749 2388 inire
771 2327 959 2388 concordiam
983 2345 1058 2406 quae
1080 2328 1239 2408 deputetur
1263 2348 1299 2392 ex
1320 2332 1390 2394 fidei
1436 2346 1437 2349 ’

213 2430 429 2502 conventione3
450 2435 555 2507 pactus
579 2446 612 2488 es
635 2428 713 2489 enim
737 2428 936 2488 ¹⁰renuntiare
957 2427 1015 2506 ipsi
1033 2436 1064 2489 et
1076 2445 1204 2508 pompae
1226 2437 1256 2491 et
1277 2432 1389 2510 angelis

213 2531 290 2593 eius.
325 2530 469 2590 Convenit
489 2530 567 2590 inter
590 2547 642 2589 vos
664 2529 702 2590 de
722 2528 792 2588 isto.
825 2527 904 2589 llaec
926 2528 983 2589 erit
1003 2529 1130 2591 am‘icitia
1153 2530 1172 2561 ¹¹
1182 2530 1390 2593 observatione

215 2630 410 2710 sponsionis,
443 2649 481 2690 ne
509 2630 578 2708 quid
608 2629 671 2689 eius
699 2637 805 2707 postea
833 2646 969 2690 resumas
998 2647 1032 2690 ex
1062 2629 1208 2709 hisquae
1231 2629 1389 2705 fleterna,

213 2750 289 2812 quae
312 2731 353 2792 illi
375 2730 547 2803 reddidisti,
570 2749 608 2791 ne
630 2739 658 2791 te
681 2738 714 2789 ut
734 2730 952 2802 fraudatorem,
978 2738 1012 2791 ut
1032 2730 1109 2810 pecti
1131 2739 1389 2810 transgressorem

212 2832 303 2895 iudici
327 2832 382 2894 deo
406 2831 529 2904 obiciat,
561 2831 664 2892 ¹³sicut
686 2849 753 2891 eum
775 2829 901 2910 legimus
924 2830 992 2892 alibi
1020 2840 1190 2894 sanctorum
1213 2832 1386 2895 criminato·
1401 2842 1483 2932 ¹qu-

212 2953 276 2995 rem
300 2943 330 2994 et
351 2933 387 2994 de
411 2934 476 3012 ipso
500 2935 586 2994 etiam
610 2933 758 2994 ¹‘nomine
780 2931 958 3005 delatorem,
982 2941 1012 2993 et
1025 2933 1113 2993 iudex
1129 2941 1158 2994 te
1174 2933 1269 2996 tradet
1282 2934 1388 3013 angelo
1441 2890 1486 2941 ’w'

213 3035 415 3106 executionis,
439 3043 469 3095 et
490 3034 538 3094 ille
560 3044 589 3094 te
612 3034 642 3093 in
665 3052 812 3094 carcerem
835 3033 954 3094 mandet
968 3033 1132 3105 infernum,
1154 3034 1234 3094 unde
1255 3052 1317 3095 noo
1339 3034 1529 3108 dimona

214 3136 358 3208 mittaris,
388 3135 445 3194 nisi
474 3135 591 3194 modico
621 3153 737 3213 quoque
759 3134 866 3194 delicto
888 3151 972 3194 mora
993 3133 1224 3195 resurrectionis
1247 3153 1388 3214 expenso.

215 3236 293 3309 Quid
316 3236 363 3295 bis
388 3234 528 3295 sensibus
552 3234 671 3312 aptius?
693 3233 762 3312 quid
785 3234 832 3294 bis
856 3232 1152 3311 interpretationibus
1168 3233 1293 3295 verius?
1330 3235 1388 3296 Ce-

213 3346 310 3398 terum
335 3336 438 3416 'lapud
456 3336 663 3413 Carpocratem
687 3335 713 3393 si
736 3333 869 3393 omnium
893 3332 1056 3394 iecinorem
1080 3333 1204 3393 debitrix
1220 3333 1317 3393 anima
1332 3344 1388 3406 est,

213 3488 237 3539 2.
257 3489 457 3552 allegoriaolq.
492 3488 632 3548 allegoriam
651 3485 778 3547 (Adlidet.
832 3482 856 3532 3.
876 3486 1021 3547 eteniam).
1072 3483 1096 3531 ll.
1116 3482 1285 3531 ioceedeosin
1305 3483 1387 3533 eadem

212 3558 316 3606 riemt.
358 3557 500 3604 bbonil.
542 3554 748 3603 diethelmus.
788 3550 1008 3599 lerinense.
1051 3548 1075 3597 8.
1094 3558 1117 3596 et
1135 3562 1179 3598 oea.
1192 3549 1230 3598 de.
1274 3548 1387 3600 teat.

215 3624 253 3672 to.
272 3626 424 3673 renuntiasse
443 3626 491 3687 lq.
548 3622 586 3669 ll.
606 3620 772 3669 observatione
790 3617 868 3666 ABCb.
909 3616 1043 3665 observatio
1062 3616 1139 3677 limgo.
1194 3613 1232 3663 12.
1252 3617 1272 3662 ei
1292 3616 1388 3666 eierasti

212 3691 270 3741 dds.
317 3689 355 3741 to.
374 3692 443 3739 sicuti
463 3708 484 3739 c.
535 3689 572 3737 ll.
592 3689 689 3736 nomine
707 3684 797 3735 diaboli
817 3684 950 3733 delatorem
969 3683 1027 3731 lide.
1073 3681 1113 3730 15.
1132 3681 1161 3729 ad
1180 3681 1344 3744 Carpocraten
1361 3684 1387 3733 xl.

247 3809 268 3841 e.
287 3786 435 3853 commeatu]
461 3791 510 3838 [lixi
535 3790 564 3837 de
589 3790 635 3836 boc
658 3787 774 3836 vocabulo
826 3792 895 3834 rento
915 3784 938 3832 in
957 3783 1069 3832 omnibns
1094 3782 1240 3831 misceantur
1264 3782 1388 3844 operstio-

213 3861 242 3910 ed
261 3860 296 3909 lle
316 3860 379 3919 Fuge
399 3859 422 3906 io
443 3859 563 3905 Persecut.
584 3871 636 3917 cap.
649 3855 673 3903 9,
826 3851 906 3908 nibus,
925 3851 974 3899 sire
992 3851 1021 3899 de
1039 3864 1142 3912 corpore
1160 3849 1184 3897 io
1198 3863 1287 3913 corpus
1306 3858 1388 3899 trane-

245 3927 268 3975 d.
288 3921 478 3988 reliquatricem]
498 3924 523 3971 ld
541 3931 577 3971 est
595 3938 621 3970 ex
641 3920 773 3969 rationibus
827 3918 966 3978 migrantes,
994 3918 1029 3966 rel
1056 3918 1178 3966 immissae
1201 3916 1224 3965 in
1244 3931 1388 3982 unaquaque

212 3993 353 4042 debitricem
388 3991 561 4053 reliquationis.
599 3990 647 4045 (er.
672 3988 774 4041 lunius.)
825 3987 906 4047 specie
930 3987 989 4032 ritae
1015 3984 1185 4047 adimplentes,
1212 3992 1236 4032 et
1258 3982 1388 4033 reddentes

210 4061 275 4109 tuce
295 4060 364 4108 rerba
385 4060 475 4107 lrensei
495 4057 702 4119 interpretareris:
728 4055 775 4111 „Et
826 4053 904 4101 debita
934 4051 1046 4110 liberari,
1077 4053 1109 4098 nti
1135 4051 1180 4099 iam
1206 4063 1254 4098 non
1282 4051 1340 4099 dent
1363 4051 1387 4099 in

211 4127 233 4176 id
253 4127 318 4190 qood
337 4127 370 4174 eit
399 4126 468 4184 ‚,lt'en
495 4127 558 4172 exies
577 4123 632 4171 inde
650 4122 774 4184 qnoodns-
826 4117 955 4181 corpore.“

212 4208 257 4258 que
285 4195 441 4243 novissimum
469 4192 624 4254 quadrantem
658 4187 773 4246 reddas,“
860 4200 881 4234 e.
900 4198 927 4232 ex
946 4183 1113 4233 observatione
1131 4179 1271 4243 comitante]
1289 4182 1387 4245 Vulgata

211 4263 407 4324 interpretantur,
436 4262 502 4322 quasi
526 4274 572 4305 non
598 4264 665 4306 exest
689 4256 773 4318 quise
826 4253 948 4301 distinctio
968 4253 1053 4299 bornm
1072 4249 1198 4298 verborum
1217 4256 1255 4298 est
1278 4250 1388 4307 „mentio

211 4336 330 4391 potestate
344 4328 484 4387 angelornm
504 4340 586 4373 eorum
607 4326 645 4388 qni
658 4323 774 4371 mundum
827 4334 853 4369 ex
878 4319 1044 4368 observatione
1072 4318 1215 4374 comitante,
1244 4330 1298 4364 cnm
1326 4315 1388 4365 illc“
1434 4349 1439 4356 -

211 4396 401 4450 fabricaverunt,
428 4394 470 4441 sed
495 4395 526 4440 sit
551 4397 773 4454 transcorporetom
826 4394 896 4445 cett,
923 4400 984 4449 qnae
1009 4397 1092 4432 sanam
1119 4383 1261 4431 senteutiam
1286 4383 1389 4432 admittit

211 4476 308 4524 semper
327 4461 774 4526 qnooilosqueinomniomninoope-
826 4455 925 4503 nnllam.
964 4452 1089 4501 domitoute
1113 4450 1259 4510 lungendum
1278 4460 1314 4499 est
1333 4463 1387 4498 cnm

211 4533 318 4588 ratione,
344 4544 405 4591 quae
430 4530 452 4575 in
479 4528 567 4575 mondo
593 4535 643 4584 est,
671 4527 726 4582 ilat,
751 4531 775 4571 et
825 4523 876 4581 ille,
903 4534 950 4568 non
975 4533 1028 4568 com
1048 4520 1222 4578 obsecuturum
1247 4518 1388 4580 exprimitur

212 4610 282 4660 quom
303 4597 361 4644 nibil
388 4596 491 4644 deluerit
509 4596 546 4652 ei,
573 4602 619 4641 tem
648 4592 774 4640 liberatam
827 4590 889 4637 enim
916 4603 942 4636 ea
961 4601 1018 4635 roce
1037 4585 1096 4634 illud
1114 4584 1232 4645 evangelii
1258 4585 1332 4643 „dum
1351 4589 1388 4631 est

212 4665 261 4713 eius
280 4666 384 4712 enimam
405 4664 491 4710 elevari
510 4662 539 4710 ed
559 4661 625 4708 illum
643 4660 713 4707 deum
733 4659 773 4722 qui
827 4670 880 4705 cum
900 4655 942 4703 illo
962 4656 984 4702 in
1003 4653 1064 4701 via.“
1105 4654 1290 4702 observationem
1307 4657 1387 4699 antem

214 4740 246 4780 est
270 4747 344 4794 snpra
374 4731 472 4790 angelos
502 4729 582 4776 mundi
608 4728 773 4775 fabricatores.
827 4723 881 4771 dicit
893 4722 1156 4770 observationemeocis
1167 4716 1387 4779 dominicae„l2ere

214 4796 250 4846 Sic
274 4814 371 4862 quoqne
397 4798 481 4845 salvari
512 4806 534 4843 et
558 4810 642 4842 omnes
672 4795 773 4850 enimes,
827 4791 979 4840 consentiens
999 4789 1134 4838 edversario
1153 4786 1221 4837 too.“

214 4866 259 4915 sire
283 4867 350 4929 ipsae
375 4872 582 4928 praeoccupantes
610 4864 632 4910 in
658 4875 705 4910 uno
730 4859 773 4907 ad·
