3242 5775
246 651 305 716 ¹82
495 666 596 716 ouum
618 664 749 708 snrrtuu
770 663 935 716 rbonsntts
958 661 1154 706 uminum!

244 817 371 896 tempori
398 833 453 878 suo
475 833 541 876 eam
562 812 747 889 destinaus¹,
776 812 967 875 ¹*reiecturus
996 810 1126 892 alioquin
1154 809 1221 874 eam
1249 819 1282 873 et

244 936 332 981 surus
354 915 486 978 aemulos
509 915 590 989 eius,
612 915 639 977 oi
660 933 722 976 non
743 914 840 994 ipsius
862 914 968 975 luisset
990 913 1012 945 ¹⁶
1020 912 1078 974 iam
1100 931 1174 992 quae
1197 922 1272 975 erat.

103 1030 341 1085 'amosa-meum
364 1016 515 1078 Christum
544 1016 632 1078 etiam
660 1017 692 1078 in
713 1015 836 1077 nomine
864 1015 983 1095 sponsi,
1018 1014 1055 1075 de
1083 1033 1140 1093 quo
1166 1014 1292 1093 psalmus

244 1129 381 1198 unquam
403 1136 534 1197 sponsus
556 1117 710 1197 egrediens
733 1117 769 1178 do
791 1115 919 1185 thalamo
943 1134 1014 1176 suo:
1040 1120 1195 1176 a'summo
1219 1116 1293 1177 caeli

244 1220 331 1282 lectio
355 1219 419 1280 eius
442 1227 472 1280 et
493 1218 630 1280 deversio
654 1218 718 1280 eius
741 1217 777 1279 ad
799 1232 947 1278 summurn
976 1234 1071 1295 usque
1099 1217 1174 1277 eius.
1219 1215 1278 1288 Qui

103 1309 232 1383 &cuttu
243 1339 298 1401 per
312 1319 428 1382 Esaiam
450 1320 580 1398 gaudens
602 1319 639 1382 ad
660 1328 790 1399 patrem,
812 1318 946 1391 Erultet,
968 1317 1079 1397 iuquit,
1102 1318 1199 1378 anima
1220 1336 1288 1379 mea

245 1422 343 1495 mino,
371 1420 468 1482 induit
489 1420 568 1482 enim
589 1439 638 1482 me
660 1420 866 1482 indumentum
888 1418 1042 1491 salutaris,
1072 1426 1103 1479 et
1129 1418 1258 1479 tunicam
1280 1417 1290 1478 i

244 1523 313 1584 tatis
335 1522 415 1583 volut
437 1539 567 1601 sponso,
601 1507 816 1601 circumposuit
837 1519 910 1581 mibi
930 1520 1048 1581 mitram
1071 1518 1177 1580 ¹‘rebat
1199 1537 1292 1599 spons

103 1632 278 1685 ambisse
300 1623 406 1684 ¹⁹enim
428 1631 458 1683 et
479 1622 634 1684 ecclesiam
658 1622 794 1702 deputat,
818 1620 855 1681 dc
876 1639 933 1699 qua
954 1619 1033 1681 idem
1055 1617 1179 1699 spiritus
1195 1620 1292 1699 adips

244 1722 479 1804 ”circumpones
500 1722 554 1784 tibi
576 1742 681 1785 omnes
704 1741 773 1796 eos,
795 1721 874 1782 velut
896 1730 1102 1782 omameutum
1123 1720 1144 1752 ²¹
1153 1739 1292 1800 sponsae.

245 1842 387 1903 sponsam
403 1823 540 1885 Christus
562 1823 620 1885 sibi
641 1823 758 1885 ²²etiam
773 1840 828 1901 per
843 1822 1033 1883 Salomonem
1055 1840 1091 1883 ex
1112 1824 1268 1883 vocatione
1289 1849 1292 1896 t

118 1919 232 2019 ⁸⁰3}ng
246 1924 379 1986 arcessit.
415 1922 597 2003 ²'Siquidem
618 1925 731 2005 legisti,
753 1923 825 1984 Veni
848 1941 960 2002 sponsa
982 1923 1019 1984 de
1039 1921 1168 1995 Libano,
1197 1922 1292 2001 elegen

244 2026 313 2087 bani
335 2026 436 2104 utique
458 2026 570 2087 montis
591 2026 743 2087 mentione
765 2024 887 2096 iniecta,
910 2025 959 2102 qui
980 2023 1083 2084 2‘turis
1104 2023 1248 2085 vocabulo
1265 2041 1292 2085 ea

246 2126 396 2202 Gracc-om¹
423 2126 460 2186 dc
481 2125 675 2188 ²'idololatria
697 2126 776 2187 enim
799 2124 857 2185 sibi
885 2124 1047 2203 sponsabat
1069 2123 1245 2185 ecclesiam.
1288 2124 1292 2185 i

245 2245 326 2288 nunc
347 2227 617 2301 dementissimum,
648 2226 791 2289 Marcion.
845 2225 920 2286 Eece
948 2226 1043 2303 legem
1072 2226 1114 2286 tui
1143 2244 1263 2304 quoque
1290 2253 1292 2276 ι

246 2346 369 2407 pugnas.
405 2328 529 2407 Nuptias
551 2347 613 2389 non
635 2326 802 2406 coniungit,
826 2327 996 2387 coniunctas
1019 2344 1081 2386 non
1102 2326 1246 2399 admittit,
1268 2344 1292 2387 n·

246 2429 362 2507 ²“tingit
381 2428 440 2490 nisi
462 2428 601 2490 caelibem
623 2439 674 2491 aut
694 2429 875 2509 spadonem,
903 2426 1020 2487 ²⁷morti
1049 2437 1098 2489 aut
1124 2427 1249 2506 repudio
1271 2426 1290 2488 b

246 2538 369 2590 servat&
405 2528 483 2600 Quid
505 2530 604 2608 itaque
619 2529 768 2591 Christum
791 2528 857 2590 eius
879 2546 1022 2607 sponsum
1045 2525 1143 2590 lacis?
1175 2527 1292 2588 llbusb

247 2632 385 2689 meu'est
411 2627 460 2707 qui
482 2629 646 2690 masculum
669 2639 699 2691 et
721 2629 861 2691 seminam
888 2628 1056 2702 coniunxit,
1092 2646 1153 2688 non
1181 2629 1233 2707 qui
1262 2647 1292 2689 se

117 2724 230 2828 „332¹sp
243 2727 357 2788 Errasti
379 2728 409 2788 in
431 2728 480 2790 illa
502 2729 589 2791 etiam
612 2729 725 2791 domini
745 2729 988 2809 pronuntiatione
1010 2747 1066 2808 qua
1087 2729 1205 2790 videtur
1226 2747 1292 2790 nova

246 2837 309 2889 tora
331 2828 511 2890 discernere.
564 2830 686 2891 lullatus
710 2850 743 2892 os
766 2830 882 2893 utribus
903 2830 1051 2893 veteribus
1074 2840 1104 2893 et
1125 2829 1292 2893 ²⁸·exoerebr

245 2947 324 2989 novo
346 2929 432 3003 rino,
455 2939 543 3011 atque
564 2930 604 2991 ita
627 2930 735 3005 veteri,
757 2932 788 2991 id
810 2941 857 2992 est
877 2932 971 3010 priori
993 2933 1159 3011 evangelio,
1194 2950 1292 3012 panuu

245 3029 353 3090 reticae
375 3029 514 3090 novitatis
537 3031 669 3092 assuisti.
703 3032 737 3092 ln
759 3050 818 3110 quo
842 3031 915 3092 alter
938 3042 1067 3106 creator,
1090 3032 1177 3095 velim
1200 3034 1292 3096 discet

119 3144 228 3196 terrun.
246 3147 301 3210 per
322 3129 500 3192 Hieremiam
522 3132 688 3212 praecepit,
717 3133 830 3193 Novate
851 3133 937 3193 vobis
960 3151 1106 3195 novamen
1127 3152 1253 3207 norum,
1281 3152 1292 3196 r

104 3230 397 3319 esuritioneteribus
419 3230 548 3294 avertit?
579 3251 646 3295 cum
667 3252 722 3312 per
744 3233 863 3295 Esaiam
886 3234 990 3308 edicit,
1012 3235 1116 3296 Vetera
1139 3236 1292 3297 transierat

246 3351 314 3394 ecce
335 3352 412 3395 nova
434 3352 508 3413 quae
531 3352 586 3413 ego
608 3334 700 3408 racio,
729 3353 830 3396 nonne
852 3334 888 3394 ad
911 3354 988 3396 nova
1015 3334 1184 3397 convertit?
1229 3336 1292 3399 Oliu

247 3434 404 3497 statuimus
427 3435 654 3498 destinationem
675 3436 888 3515 pristinorum‘
911 3445 1076 3498 acroatore
1090 3437 1192 3517 potius
1207 3456 1292 3517 repro

249 3621 289 3669 ll.
307 3621 441 3669 reiecturus
458 3621 566 3686 alioquin
584 3636 637 3671 eam
655 3629 679 3671 et
701 3621 845 3671 defensurus
863 3624 930 3673 obed.
969 3624 1103 3673 reiecturus
1127 3624 1235 3688 alioquin
1259 3638 1292 3673 eat

250 3688 366 3736 tensurus
384 3686 426 3736 BC.
450 3688 514 3738 belet
531 3691 587 3739 boec
604 3689 794 3750 orriolotioios,
812 3692 891 3741 nescio
909 3706 941 3739 oo
957 3706 987 3740 ea
1004 3694 1141 3759 anctoritate
1158 3694 1196 3741 roi
1214 3693 1292 3744 codici

248 3754 290 3804 lb.
309 3755 356 3802 iam
375 3763 513 3818 quaeerit.
538 3756 619 3805 Teneo
638 3756 826 3817 d.,l.otioiosen
838 3758 953 3807 Vaticano.
976 3758 1088 3822 lamque
1104 3768 1174 3808 teneo
1193 3762 1243 3810 abc.
1276 3758 1292 3809 b

246 3830 294 3883 rat,
311 3832 384 3871 teneo
402 3820 446 3870 Bc.
501 3820 539 3871 16.
562 3826 701 3886 prospectio
718 3825 780 3873 eins
804 3831 827 3873 et
851 3825 953 3874 diversio
972 3825 997 3874 B.
1053 3826 1092 3876 lt.
1119 3836 1143 3875 et
1165 3826 1191 3876 B.
1246 3824 1285 3876 18.

247 3903 364 3953 sponsam
384 3889 475 3938 ornarit
493 3902 531 3937 me
548 3897 643 3939 ornato.
667 3890 693 3940 ln
712 3905 739 3940 oe
757 3907 776 3941 e.
823 3891 864 3942 19.
881 3892 945 3941 enim
963 3900 988 3942 et
1004 3892 1058 3942 Bcd.
1079 3895 1182 3945 Vaticani
1199 3895 1253 3944 don.
1288 3911 1292 3941 ι

247 3954 290 4004 2⁰.
311 3956 496 4017 circumponens
514 3958 551 4006 ab.
608 3956 648 4006 at.
675 3972 766 4022 sponsa
790 3976 820 4020 e.,
846 3975 875 4009 ec
892 3961 964 4010 altero
986 3960 1101 4010 Vaticano.
1160 3959 1202 4010 22.
1220 3962 1292 4012 etiem

248 4020 296 4072 23.
312 4022 338 4071 Si
357 4021 414 4087 quid
431 4030 468 4071 ost
484 4024 510 4073 B.
545 4024 624 4088 Siqnit
641 4033 679 4075 est
696 4026 720 4076 C.
769 4025 810 4075 2⁴1.
829 4027 889 4076 turis
907 4027 1052 4087 (turrislltl.)
1070 4029 1113 4078 Bc.
1135 4030 1238 4079 Votmoai
1254 4030 1292 4081 det

244 4091 341 4154 reliqui.
382 4087 422 4138 25.
442 4090 552 4140 idolatria
569 4092 604 4152 B,
621 4108 664 4155 pro
681 4108 752 4143 more.
794 4093 834 4144 ab.
853 4095 937 4156 tinguit
955 4096 991 4144 ed.
1039 4093 1079 4144 at.
1098 4097 1184 4145 mortis
1202 4102 1292 4146 antem*

246 4159 402 4207 exacerbatur
418 4156 445 4206 B.
498 4157 539 4208 29.
558 4167 581 4208 et
599 4161 676 4210 omit.

280 4323 304 4374 d.
332 4334 358 4373 nt
383 4326 485 4387 tempori
514 4340 559 4375 sno
588 4341 642 4376 earn
671 4324 806 4394 destinans]
893 4329 910 4376 l.
930 4325 1006 4390 Olim]
1024 4328 1107 4390 tulga.
1142 4330 1183 4379 Sic
1200 4328 1292 4394 lpolofl

246 4391 361 4455 Temperi
374 4406 419 4440 sno
432 4392 568 4442 destinabat
580 4394 677 4443 loannis
696 4395 808 4459 discipu·
859 4395 951 4457 „Plaue
969 4397 1033 4456 olim,
1054 4398 1077 4445 id
1088 4404 1125 4446 est
1143 4411 1250 4461 semper,
1268 4410 1292 4447 re

247 4459 806 4524 uamdomtemporiloanniseampraestabat.
859 4463 922 4512 ect.¹‘
964 4462 999 4511 Do
1024 4464 1094 4513 Cultu
1113 4464 1177 4513 Fem.
1198 4462 1243 4522 Ι,6
1269 4502 1289 4525 ,,

280 4540 301 4574 e.
319 4526 391 4574 morti
406 4534 447 4575 ent
463 4527 564 4590 repudio
576 4527 694 4592 baptisma
708 4527 806 4593 servat]
858 4530 1058 4591 liberbgobardi)
1076 4532 1141 4581 hunc
1156 4531 1285 4581 mulierum

246 4593 272 4643 ld
296 4600 333 4642 est
355 4592 501 4656 baptismum
526 4594 605 4643 differt
629 4609 700 4658 quam
727 4606 808 4660 potest
859 4598 987 4647 aedificare
1006 4599 1140 4648 nore1·unt“
1159 4607 1215 4648 cett.

246 4663 357 4720 maxime,
372 4660 450 4709 donee
460 4660 594 4710 certissima
605 4661 747 4713 documenta
759 4667 808 4716 siut
893 4679 914 4725 g.
934 4665 996 4714 bene
1018 4667 1145 4715 statuimus
1164 4665 1292 4715 destinatio

245 4737 317 4793 atque
334 4732 473 4789 argumenta
491 4728 578 4792 quibua
591 4730 746 4781 confirmetur
764 4746 807 4781 eos
858 4727 990 4797 stioorum]
1008 4732 1140 4783 llestiuatio
1159 4734 1291 4796 pristinom

245 4796 276 4846 ad
294 4796 407 4845 feminam
426 4796 525 4845 minimo
542 4805 665 4847 venturos.
690 4799 715 4848 V.
734 4799 776 4849 lib.
787 4798 806 4859 l,
858 4796 906 4847 iam
921 4807 1042 4850 transacta
1055 4808 1220 4863 censerentur,
1238 4808 1292 4851 utu

245 4877 299 4928 cap.
309 4862 349 4915 29.
367 4862 417 4927 (Fr.
428 4863 530 4924 lunius.)
858 4880 924 4915 sora.
