3242 5775
166 948 313 995 lacernae.
350 970 356 983 ·

324 603 385 666 196
573 617 674 669 earam
696 615 828 662 smrmn
850 615 1016 662 aenaeam
1038 615 1236 681 emaciatam

320 766 547 831 renuntiandum
568 758 631 839 est,
653 784 691 827 an
713 765 866 846 disciplina
888 765 1045 845 patientiae
1065 765 1269 845 ‘praedicatur
1284 756 1387 848 'penes
1408 785 1458 832 cre

320 866 440 932 torem?
467 866 537 931 ⁸¹·Si
552 886 606 948 per
620 867 788 929 Zachariam
804 868 971 947 praecepit,
994 886 1031 929 ne
1053 867 1258 962 unusquisque
1277 869 1409 931 malitiae
1428 869 1458 932 da

193 999 283 1050 rinna
320 979 375 1032 tns
398 969 443 1032 sui
466 968 649 1043 meminerit,
682 968 737 1030 sed
763 987 819 1030 nec
845 969 983 1048 proximi.
1035 968 1108 1030 Nam
1135 976 1166 1030 et
1185 987 1310 1043 tomas,
1342 969 1458 1038 lialitiaa

178 1267 300 1370 ulra.

319 1070 431 1151 inquit,
466 1070 594 1150 proximi
618 1069 665 1131 sui
685 1069 907 1149 ‘unusquisque
934 1088 971 1130 ne
999 1067 1150 1149 recogitet
1203 1070 1295 1133 liulto
1319 1072 1458 1154 magispr

319 1171 452 1234 tientiam
474 1171 580 1233 indixit
600 1170 724 1232 iniuriae
746 1170 797 1249 qni
818 1169 922 1231 indixit
944 1169 1133 1232 oblivionem.
1184 1170 1245 1232 Sed
1267 1180 1385 1234 etcum
1406 1171 1458 1238 dim'

318 1272 388 1334 liihi
411 1272 585 1346 vindictam,
616 1280 647 1334 et
677 1290 732 1351 ego
760 1271 932 1344 vindicabo,
968 1271 1093 1350 proinde
1120 1272 1292 1351 patientiam
1315 1274 1401 1335 docet
1418 1271 1458 1338 ab

319 1373 413 1436 dietae
433 1373 684 1453 'expectatricem
736 1371 770 1433 ln
792 1382 933 1451 quantum
956 1390 1027 1451 ergo
1049 1370 1154 1434 'fidem
1175 1392 1237 1435 non
1258 1373 1338 1454 capit
1358 1384 1390 1436 nt
1407 1373 1458 1438 ita

317 1475 452 1537 videatur
473 1485 501 1536 et
523 1474 641 1536 dentem
664 1490 718 1552 pao
741 1474 845 1548 dente,
868 1473 985 1535 oculum
1008 1491 1062 1553 pro
1085 1474 1171 1535 oculo
1193 1474 1224 1535 in
1239 1475 1333 1537 ricem
1347 1473 1457 1538 'iniuria

318 1576 435 1655 exigere
456 1575 506 1655 qui
528 1594 589 1636 non
610 1574 701 1636 modo
723 1574 832 1644 ricem,
868 1574 921 1635 sed
945 1574 1060 1635 ¹⁰etiam
1080 1574 1241 1649 ultionem,
1275 1576 1362 1638 etiam
1382 1591 1457 1640 recor

318 1677 468 1740 dationem
495 1687 525 1739 et
552 1675 792 1755 recogitationem
821 1674 947 1736 iniuriae
973 1674 1126 1753 prohibet,
1159 1676 1190 1737 in
1217 1685 1331 1740 taetram
1357 1676 1457 1757 aperit!

317 1778 405 1840 nobie
428 1776 578 1858 quomodo
601 1776 719 1837 oculum
740 1794 795 1856 pro
819 1774 905 1836 oculo
927 1784 958 1837 et
983 1775 1101 1837 dentem
1134 1795 1189 1856 pro
1218 1777 1307 1841 dente
1328 1775 1457 1876 marei

317 1897 379 1941 non
400 1878 437 1940 ad
458 1877 617 1940 secundam
639 1876 776 1937 iniuriam
789 1875 908 1937 talionis
928 1876 1170 1957 permittendam,
1193 1897 1281 1958 qnam
1297 1879 1457 1960 prohibetae

317 1979 470 2042 interdicta
492 1978 621 2051 ultione,
654 1977 708 2038 sed
730 1975 766 2038 ad
788 1976 914 2057 primam
942 1978 1152 2053 coercendam,
1186 1999 1273 2060 quam
1296 1977 1457 2064 prohibeat

318 2081 471 2151 ¹¹talicne,
493 2078 662 2159 oppositc·,
692 2086 725 2138 ut
745 2077 949 2157 unusquisque
977 2079 1141 2159 respiciens
1167 2080 1315 2143 licentiam
1341 2077 1457 2144 semaia

317 2181 443 2244 iniuriae
464 2199 480 2241 a
502 2180 596 2259 prima
618 2178 811 2257 semetipsum
840 2178 1014 2240 contineret.
1063 2179 1189 2242 Facilius
1220 2181 1301 2243 enim
1322 2183 1379 2244 rim
1399 2197 1457 2244 con

317 2282 406 2362 primi
434 2281 491 2343 scit
517 2280 790 2360 repraesentatione
818 2278 936 2340 talionis
967 2299 1052 2360 quam
1086 2281 1323 2360 repromissione
1355 2279 1457 2346 ultien‘

317 2383 480 2463 Utrumque
503 2380 627 2443 ''antem
649 2380 890 2441 constituendum
913 2381 967 2441 luit
988 2399 1043 2460 pro
1066 2390 1170 2443 natura
1193 2392 1224 2444 et
1244 2383 1303 2446 lide
1323 2384 1456 2446 hominu

316 2484 420 2564 utqui
442 2483 498 2545 deo
521 2482 671 2554 crederet,
694 2480 835 2542 ultionem
851 2500 866 2542 a
882 2481 939 2543 deo
954 2491 1137 2562 expectaret,
1161 2484 1210 2562 qui
1232 2485 1331 2546 minue
1348 2484 1456 2548 ”idn

317 2584 424 2663 uleges
447 2581 565 2644 talionis
588 2582 715 2642 timeret.
770 2581 853 2644 lianc
871 2582 946 2662 legis
968 2583 1147 2644 voluntatem
1170 2584 1207 2644 de
1229 2585 1378 2649 intellecta
1398 2583 1456 2648 leh

314 2690 429 2745 rentem
451 2681 590 2743 dominns
612 2691 642 2743 et
662 2680 776 2743 sabbati
798 2691 827 2744 et
848 2682 922 2762 legis
944 2692 974 2745 et
994 2683 1137 2746 omnium
1163 2696 1352 2765 patemarnm
1380 2686 1456 2770 dispe

316 2784 458 2846 sitionum
474 2781 610 2844 Christus
632 2790 662 2843 et
676 2782 815 2844 revelarit
829 2793 859 2844 et
873 2792 1041 2863 compotem
1056 2785 1155 2859 lecitl,
1179 2787 1322 2849 mandans
1338 2787 1456 2850 ¹‘altach

315 2903 433 2964 quoque
454 2881 587 2946 maxillae
609 2882 806 2957 oblationem,
840 2892 873 2946 ut
893 2893 975 2948 tanto
1002 2887 1096 2967 magis
1125 2887 1218 2950 ricem
1240 2889 1367 2952 iniuriae
1387 2888 1456 2952 extit

315 2993 419 3064 gueret
439 3002 526 3063 quam
549 2990 580 3045 ct
600 2983 645 3045 lex
673 3002 727 3064 per
755 2984 895 3046 talionem
924 2987 1055 3049 voluerat
1083 2988 1258 3069 impedisse,
1290 3000 1371 3053 certe
1397 3004 1456 3071 qo!

313 3085 470 3165 prophetia
491 3084 647 3146 manifeste
669 3090 858 3157 coercuerat,
885 3094 915 3146 et
929 3089 1103 3150 memoriam
1125 3089 1250 3152 iniuriae
1271 3091 1456 3171 prohiberet

313 3185 457 3248 altionem
477 3187 515 3248 ad
536 3185 625 3248 deum
646 3186 793 3264 redigens.
838 3186 880 3247 lta
904 3186 929 3247 si
952 3189 1023 3266 quid
1046 3189 1180 3253 Christus
1202 3192 1317 3267 intulit,
1345 3188 1456 3281 nond¹

312 3287 461 3363 versario,
484 3286 538 3350 scd
559 3287 694 3349 adiutore
708 3297 883 3367 praecepto,
906 3306 967 3350 non
983 3289 1128 3353 destmxit
1145 3292 1317 3372 disciplinas
1332 3292 1456 3357 creatori

313 3387 445 3469 [lenique
467 3389 494 3452 si
516 3388 547 3450 in
568 3388 663 3469 ipsam
686 3389 832 3450 rationem
853 3388 1011 3468 patientiae
1039 3392 1279 3472 praecipiendae,
1309 3405 1341 3457 et
1366 3394 1455 3476 quite

314 3496 374 3548 tarn
396 3487 500 3566 plenae
529 3497 617 3570 atque
645 3491 810 3569 perlectae,
841 3490 1069 3563 ¹⁶ooneiderem,
1098 3511 1158 3553 non
1181 3494 1343 3569 consistet,
1376 3496 1403 3558 si
1421 3512 1455 3565 aa

312 3596 360 3645 est
381 3589 541 3662 creatoris,
564 3590 613 3670 qui
628 3590 786 3652 vindictam
801 3592 996 3668 repromittit,
1019 3591 1068 3670 qui
1084 3593 1210 3655 iudicem
1226 3604 1368 3674 praestat
1399 3594 1455 3661 ffil

312 3684 383 3763 quin
406 3685 432 3747 si
456 3694 567 3750 tantum
589 3690 748 3768 patientiae
769 3690 887 3771 pondus
911 3710 971 3753 non
993 3694 1082 3755 modo
1098 3713 1159 3754 non
1174 3695 1407 3774 repercutiendi,
1427 3712 1455 3761 at

312 3794 342 3846 et
363 3785 449 3848 eliam
471 3789 615 3850 maxillam
637 3791 815 3871 praebendi,
838 3800 868 3853 et
890 3812 951 3854 non
972 3794 1062 3856 modo
1085 3813 1145 3855 non
1163 3796 1405 3874 remaledicendi,
1427 3813 1455 3862 Ι

310 3886 399 3948 etiam
421 3888 631 3965 benedicendi,
663 3899 694 3954 et
714 3911 774 3954 non
797 3893 887 3955 modo
911 3912 971 3955 non
993 3894 1139 3957 retinendi
1169 3897 1318 3971 tunicam,
1350 3899 1402 3962 sed
1422 3896 1455 3960 ιἰ

310 3986 437 4066 amplius
460 3998 489 4051 et
508 3992 630 4071 pallium
652 3994 851 4069 concedendi,
886 3995 912 4056 is
940 3995 1012 4058 mihi
1042 3997 1170 4077 imponit
1198 3998 1249 4075 qui
1276 3999 1338 4062 non
1366 4001 1405 4063 sit
1429 4014 1455 4063 Ι

309 4172 333 4220 δ.
351 4173 505 4237 praedicatur
524 4176 745 4240 dilaceratam.
780 4181 903 4244 praedicat
919 4181 961 4231 BG.
985 4183 1068 4233 stodct
1084 4185 1220 4234 Falaniaa.
1274 4186 1321 4236 ab.
1340 4188 1407 4237 sit
1439 4184 1455 4239 8

308 4241 351 4288 reli
368 4243 400 4288 asi.
441 4240 466 4290 6.
484 4245 649 4308 enusquisque
667 4248 703 4296 cd.
715 4248 837 4299 Vaticanus
846 4250 913 4299 citer.
941 4251 1043 4314 quisque
1060 4253 1153 4316 reliqui.
1194 4252 1219 4302 7.
1239 4261 1262 4302 et
1280 4254 1438 4317 peccatricem

309 4304 333 4353 8.
351 4256 422 4356 fldem
442 4322 485 4357 cm.
504 4310 548 4369 ed,
569 4327 619 4361 cam
635 4314 835 4366 alterol'ctlcoao.
877 4315 901 4365 a.
920 4316 1022 4366 iniuriae
1041 4320 1258 4383 clinmcrpdlcd.
1294 4322 1406 4373 iniuriam
1422 4318 1454 4375 lt

310 4372 349 4422 to.
368 4374 524 4424 etoltlooem
543 4378 609 4428 etll.
648 4379 817 4444 ll.opposito
836 4384 926 4434 talione
945 4386 968 4434 d.
1004 4385 1094 4435 talione
1113 4389 1225 4451 opposita
1245 4389 1297 4438 alii.
1344 4387 1454 4441 stanti

308 4455 352 4490 ora.
367 4441 391 4490 ll.
446 4440 637 4494 13.ronedarer
657 4446 864 4501 l'eticcaaaalter.
919 4451 956 4501 tt.
977 4452 1037 4515 legia
1055 4454 1098 4504 BC.
1150 4454 1190 4503 15.
1209 4462 1233 4504 et
1251 4455 1353 4507 alteriue
1371 4456 1398 4509 d.
1439 4446 1454 4511 ll

308 4509 489 4559 consideremus
507 4512 540 4572 d,
559 4527 589 4562 aa
606 4514 679 4563 altera
702 4515 817 4568 Vaticano.
869 4516 908 4566 ll.
927 4527 950 4568 et
968 4535 1013 4570 cm.
1027 4523 1078 4571 led.

341 4676 399 4742 Cap.
418 4676 473 4726 lll'l.
498 4691 520 4726 a.
539 4679 637 4737 talione,
656 4679 782 4749 opposito]
800 4684 865 4734 l'ne-
917 4694 955 4737 est
965 4695 1070 4737 veterum
1085 4687 1202 4739 librorum
1211 4690 1345 4754 scriptura,
1361 4690 1454 4758 alamir

306 4753 363 4793 rnnt
379 4745 419 4808 qui
439 4744 537 4794 mallent
549 4749 635 4797 talione
648 4752 760 4812 opposito,
781 4761 806 4801 nt
825 4752 864 4801 alii
917 4757 1022 4820 opposita
1039 4746 1101 4801 κατ’
1121 4749 1284 4819 ἱπεξῆγησιν
1309 4750 1454 4811 additnma'

198 4830 201 4836 ·
304 4815 411 4876 opposite
427 4814 514 4864 taliane
530 4816 703 4879 praetulemot
744 4820 793 4869 sed
810 4833 865 4869 aera
950 4826 974 4872 la.
994 4831 1131 4887 compotem
1148 4824 1218 4901 lecit]
1240 4824 1384 4878 intellectas
1399 4828 1450 4881 arai.
