3242 5775
280 564 344 629 sta
530 576 632 629 oomrr
650 573 787 621 smsms
807 572 975 618 ruosusrrs
995 571 1193 620 insontum

283 729 398 794 adunus
419 726 470 808 qui
491 743 557 788 eam
578 723 699 804 negabit
720 741 807 803 quam
837 724 1015 785 cantitentur
1036 720 1215 796 Christiani,
1249 721 1349 784 ethis
1372 740 1471 803 argu·

281 829 392 906 mentis
414 826 534 907 negabit
561 825 669 906 quihus
699 823 821 886 ¹‘utitur
850 842 912 886 non
938 823 1135 886 Christianus.
1184 822 1468 904 ¹'huierdcnitgua

208 929 211 934 '
281 929 439 993 haereticis
463 928 565 1006 ¹⁷tguae
587 944 653 988 oum
676 925 804 987 ethnicis
828 924 965 1005 sapiunt,
988 933 1021 985 ut
1042 924 1080 986 de
1102 923 1259 1004 seripturis
1276 924 1350 986 solis
1367 944 1466 1005 quae·

174 1089 182 1100 ,
283 1029 400 1092 stiones
428 1046 499 1091 suas
521 1027 669 1100 ¹'sistant,
703 1034 734 1089 et
760 1035 841 1088 stare
869 1045 931 1088 non
958 1032 1109 1105 poterunt
1170 1025 1350 1086 Communes
1382 1026 1466 1088 enirn

282 1147 392 1192 sensus
421 1127 593 1209 simplicitas
621 1126 686 1206 ipsa
714 1117 903 1189 commandit
930 1134 961 1187 et
989 1126 1159 1205 compassio
1188 1125 1406 1187 sententiarum
1434 1134 1466 1188 et

283 1229 465 1292 familiaritas
487 1228 679 1309 opinionum,
701 1246 798 1307 eoque
814 1227 989 1289 ¹⁹tideliores
1006 1226 1228 1300 existimantur,
1251 1226 1319 1306 quia
1336 1226 1417 1289 nuda
1433 1237 1465 1290 et

281 1339 383 1413 sparta
405 1339 435 1392 et
456 1328 595 1392 omnibus
618 1336 688 1389 nota
710 1327 866 1390 definiunt
916 1327 1002 1388 Ratio
1031 1336 1130 1389 autem
1159 1327 1256 1388 divina
1278 1328 1310 1388 in
1331 1328 1463 1391 medulla

281 1430 374 1506 ¹last,
396 1448 458 1491 non
479 1430 511 1491 iu
534 1428 708 1508 superticie,
730 1435 761 1489 et
781 1427 957 1507 plerumque
979 1429 1093 1490 aemuia
1116 1428 1292 1491 manifestis.

163 1541 262 1600 capus.
365 1530 466 1610 ltaque
488 1529 629 1591 haeretici
651 1528 720 1591 inde
742 1529 841 1592 statim
856 1528 1019 1609 incipiunt,
1042 1537 1072 1598 et
1085 1529 1156 1591 inde
1170 1537 1380 1609 praestruunt,
1403 1529 1459 1592 de-

214 1613 218 1620 ’
280 1631 351 1695 hinc
372 1616 602 1704 ¹interstruunt,
624 1629 703 1691 unda
725 1629 825 1691 suunt
844 1628 929 1691 tacite
951 1629 1016 1708 capi
1039 1639 1173 1704 mentes,
1197 1630 1233 1691 de
1248 1628 1460 1692 communione

280 1732 434 1797 favorabili
456 1748 610 1792 sensuum.
645 1730 689 1793 Aa
712 1729 791 1791 aliud
813 1730 899 1808 prius
921 1730 967 1791 rel
988 1728 1083 1809 magis
1105 1730 1208 1791 audias
1231 1729 1286 1791 ’ab
1308 1730 1458 1793 haeretico

281 1853 369 1915 mam
390 1832 427 1894 ab
449 1831 595 1895 ethnico?
624 1838 655 1892 et
674 1830 749 1892 ’non
770 1829 910 1910 protinus
934 1839 964 1891 et
985 1848 1046 1891 non
1069 1829 1179 1910 ubique
1202 1830 1368 1892 convicium
1390 1850 1457 1893 car-

279 1935 345 2009 nis,
367 1933 400 1995 in
422 1932 586 2012 originem,
610 1930 641 1992 in
664 1930 833 2003 materiam,
856 1931 887 1991 in
910 1949 1027 2004 casum,
1050 1930 1081 1991 in
1105 1949 1225 1991 omnem
1248 1931 1360 1993 exitum
1382 1931 1458 2006 eius,

279 2034 450 2098 immundae
471 2051 488 2094 a
510 2031 674 2111 primordio
697 2050 734 2093 cu
755 2030 887 2093 laecibus
903 2039 1017 2105 terrae,
1040 2031 1248 2093 immundioris
1264 2032 1407 2115 deinceps
1423 2052 1459 2094 ex

281 2134 406 2197 seminis
429 2133 475 2195 sui
497 2132 586 2206 limo,
614 2131 752 2205 frivolae,
781 2130 932 2206 intirmae,
961 2130 1154 2204 criminosae,
1183 2131 1367 2207 ‘onerosam
1389 2153 1458 2196 mo-

278 2234 388 2308 lestae,
422 2244 453 2296 et
478 2240 550 2312 post
578 2240 673 2294 totum
700 2231 893 2311 ignobilitatis
921 2232 1068 2311 elogium·
1096 2232 1223 2294 caducae
1253 2233 1282 2294 in
1311 2235 1459 2315 originem

189 2310 191 2312 Ι
281 2342 390 2397 terram
412 2342 442 2397 et
463 2334 614 2396 cadaveris
635 2351 762 2407 nomeu,
785 2340 815 2393 ct
836 2332 874 2393 de
896 2332 954 2396 isto
977 2351 1096 2413 quoque
1118 2332 1239 2395 nomine
1254 2335 1407 2414 periturae
1428 2336 1459 2397 in

280 2436 393 2497 nullum
414 2435 484 2496 inde
505 2435 564 2496 iam
586 2453 712 2507 nomen,
733 2433 766 2494 in
781 2433 881 2495 omnis
896 2434 972 2494 ‘iam
987 2433 1120 2495 vocabuli
1135 2435 1306 2497 moronti
1335 2436 1459 2499 Hancne

282 2553 354 2615 argo
375 2534 438 2595 ‘vir
460 2536 580 2615 sapiens
603 2541 633 2597 et
652 2534 730 2595 visui
760 2542 790 2595 et
812 2534 960 2595 contactui
988 2543 1019 2595 et
1046 2534 1213 2596 recordatui
1242 2542 1294 2597 tuo
1323 2546 1460 2617 ereptam

233 2683 240 2692 .
279 2633 479 2715 'persuadere
501 2634 562 2709 ris,
596 2633 676 2713 quod
698 2653 733 2697 se
753 2642 909 2714 receptura
932 2634 1107 2714 quandoque
1136 2635 1228 2696 sitin
1251 2637 1400 2716 integrum
1422 2638 1460 2699 de

279 2741 439 2813 corrupto,
473 2734 505 2793 in
527 2733 655 2796 solidum
677 2735 715 2796 de
736 2752 841 2807 casso,
875 2734 905 2794 in
926 2733 1047 2813 plenum
1069 2736 1107 2797 de
1127 2736 1258 2811 inanito,
1295 2736 1326 2799 in
1349 2737 1462 2817 ahquid

280 2829 405 2898 omnino
426 2833 464 2895 de
485 2831 605 2908 nihilo·,
628 2844 659 2897 et
679 2834 781 2914 utique
802 2833 1045 2898 ‘redhibentibus
1067 2834 1152 2898 'eam
1176 2836 1295 2917 ignibus
1318 2846 1350 2902 et
1370 2839 1461 2903 undis

281 2942 312 2996 et
332 2933 432 2995 ¹⁰alvis
460 2933 588 2995 leramm
617 2942 648 2995 et
676 2935 797 2997 ssrumis
821 2935 921 2997 alitum
944 2936 1120 3000 attactibus
1141 2938 1288 3018 piscium¹
1318 2947 1349 3001 et
1369 2940 1458 3020 ipso-

280 3051 350 3096 rum
371 3031 567 3111 ''semporum
590 3034 711 3113 propria
733 3034 823 3115 gula?
865 3036 988 3100 Adeone
1016 3047 1115 3101 autem
1143 3040 1247 3102 eadem
1270 3039 1462 3121 sperabitur·

284 3217 323 3269 lb.
342 3225 442 3268 utuntur
458 3231 508 3267 non
527 3216 657 3267 Christiani
675 3219 727 3268 cod.
744 3221 918 3273 loclessestis.
979 3223 1016 3273 10.
1036 3224 1110 3273 tuter
1126 3225 1266 3289 longobed.
1308 3225 1396 3277 lutera
1416 3227 1471 3278 bd.n

180 3292 189 3307 ‘
283 3284 324 3336 l'i.
342 3300 405 3350 quas
422 3294 477 3335 cum
495 3285 598 3334 ethnicis
616 3285 668 3336 bed.
703 3300 870 3353 quaecumque
888 3289 976 3340 ethnici
994 3291 1054 3341 1110.
1068 3298 1114 3357 tres
1130 3293 1241 3343 Vmicoss'.
1278 3292 1317 3343 18.
1336 3293 1461 3345 instruant

281 3354 396 3404 wislae.
450 3351 490 3403 18.
507 3352 632 3402 fideliores
652 3353 714 3415 Caso.
766 3353 810 3403 2⁰.
828 3365 864 3406 est
882 3360 962 3408 osu.

348 3419 409 3483 Cap.
427 3419 463 3470 11.
509 3420 532 3470 l.
551 3421 690 3482 iogstruunt
705 3421 731 3470 1.
772 3421 942 3474 incosstruont
966 3425 991 3474 0.
1052 3425 1077 3476 2.
1094 3434 1143 3475 tarn
1162 3426 1191 3474 ab
1210 3427 1332 3479 haeretico
1351 3429 1385 3489 0.,
1407 3438 1461 3479 stus

279 3487 361 3538 Falsis
380 3488 470 3538 tirsiso.
523 3486 547 3537 3.
567 3501 615 3537 noa
634 3487 745 3551 protinus
763 3490 842 3538 amb.
878 3489 965 3542 dolent
982 3493 1075 3557 reliqui,
1096 3501 1117 3543 et
1134 3495 1301 3544 tresl’ots'cos'a
1351 3494 1376 3545 b
1395 3509 1461 3546 ous-

279 3568 353 3605 rosas
370 3556 451 3605 caah
510 3555 534 3604 5.
552 3554 662 3605 vocabuli
681 3554 728 3603 isus
746 3556 772 3605 1.
825 3554 849 3604 0.
868 3556 903 3605 sir
918 3559 1022 3609 Adeste.
1064 3561 1098 3608 iis
1122 3563 1147 3610 d.
1200 3561 1224 3609 1.
1249 3562 1399 3626 persuadere
1424 3564 1460 3613 ris

280 3621 346 3686 quod
363 3638 394 3683 s.,
414 3623 443 3672 de
460 3623 528 3672 libris
546 3622 665 3685 coacuit
701 3621 859 3685 persuadere,
882 3624 947 3686 quod
964 3627 1057 3690 reliqui.
1109 3626 1132 3677 8.
1152 3628 1318 3679 rebibentibus
1335 3629 1362 3680 8.
1397 3630 1461 3682 rsti-

279 3688 392 3739 bentibus
410 3692 435 3740 1.
471 3689 637 3739 rebibeutibus
657 3687 680 3737 0.
731 3688 755 3739 s.
775 3703 803 3738 es
823 3690 968 3752 imaginibus
984 3692 1046 3742 100.
1101 3694 1140 3744 10.
1159 3695 1300 3746 atinam.
1327 3696 1386 3747 11.
1405 3698 1461 3749 rul-

280 3755 397 3806 111180.
452 3755 491 3805 1².
510 3764 647 3820 temporum
666 3756 783 3806 oss-m.
818 3757 913 3807 Addidit
927 3760 1028 3822 primam
1045 3763 1074 3810 de
1092 3764 1142 3812 sois
1159 3763 1227 3814 codd
1247 3763 1386 3827 Gsogseiss.

313 3887 374 3951 (iap.¹
393 3886 428 3937 lV.
456 3901 478 3936 a.
497 3888 653 3950 ignobilitatis
664 3884 783 3954 elogium]
802 3889 841 3940 01.
893 3890 1033 3953 carcubii,
1045 3892 1126 3952 ato:
1144 3895 1197 3957 „lta
1216 3897 1263 3946 cibi
1281 3898 1405 3951 sacidtata
1419 3913 1461 3951 ss·

280 3953 371 4005 adnott
389 3953 419 4004 ad
439 3954 473 4003 οο
491 3954 586 4004 Corona
605 3955 692 4019 capb.
893 3958 934 4008 oio
960 3959 1021 4009 lasis
1047 3961 1176 4012 tactibus.⁴‘
1219 3965 1301 4015 Gloss.
1332 3965 1460 4018 Philosasi

314 4021 337 4072 b.
362 4021 386 4070 in
413 4021 558 4089 omnisiam
575 4022 684 4073 vocabuli
702 4020 830 4075 mortens?
893 4040 948 4089 pag.
964 4025 1019 4078 120.
1043 4028 1124 4078 Votc:
1152 4030 1267 4105 ,μοίρῃ
1296 4026 1374 4094 tasas
1400 4031 1461 4082 asir

278 4087 372 4138 Etenim
397 4088 486 4137 mortni
511 4089 624 4139 desinunt
647 4105 702 4140 osse
727 4091 824 4156 quieqoi
893 4085 1067 4159 σπλάγχνων,
1093 4091 1177 4144 &aas
1199 4087 1297 4164 ἔντερα
1316 4098 1378 4147 sair
1400 4092 1459 4168 tat-

280 4153 336 4203 dum
364 4155 467 4205 riserant
489 4155 635 4206 iocabantur
662 4166 686 4207 ct
710 4158 757 4207 isus
784 4166 842 4209 sunt
893 4166 992 4225 φων.“
1037 4164 1117 4212 Gloss.
1142 4163 1223 4226 cyrilli
1253 4164 1350 4228 pata.
1374 4167 1458 4220 vulo:

279 4221 348 4271 ouili.
384 4222 444 4271 Ptin.
463 4223 491 4272 ll.
510 4223 537 4273 N.
557 4224 577 4273 ll
596 4220 733 4290 [cap.63.],
751 4226 792 4277 ubi
810 4226 841 4277 de
891 4222 1002 4291 „Asstoi
1019 4227 1075 4276 sair
1091 4223 1219 4296 irriguis,
1239 4231 1376 4284 hseisetes.
1399 4235 1459 4286 Siu-

278 4296 363 4338 nsturs
382 4297 467 4339 terrae.
486 4291 593 4354 (Rigalt.)
891 4295 975 4357 gulare
994 4312 1042 4347 ooo
1062 4299 1160 4347 habet.“
1205 4297 1331 4349 Osousast.
1350 4301 1457 4353 Graeca·

312 4370 333 4404 ο.
352 4355 376 4404 in
394 4355 486 4420 aliquid
509 4360 609 4408 omnino
633 4359 664 4410 de
688 4359 747 4410 nibil
804 4358 842 4413 ct.
892 4363 942 4412 Lat
961 4363 999 4414 ed.
1019 4363 1084 4414 talc.
1103 4364 1184 4428 pie:
1200 4367 1311 4428 „lactea
1329 4363 1456 4432 preost-

278 4422 456 4487 Grsgordtyss.
471 4425 504 4475 lle
517 4425 581 4490 opit.
592 4426 661 4476 liom.
672 4427 766 4492 cappa
784 4427 840 4478 .28.
892 4435 988 4495 psor.“
1033 4432 1142 4483 Glossar.
1160 4432 1211 4483 hut.
1236 4433 1267 4483 ab
1285 4436 1376 4496 lugeto
1395 4435 1456 4485 laio

310 4489 335 4539 d.
353 4490 456 4540 lactibus
474 4487 590 4557 piscium]
608 4494 669 4544 Ptin.
682 4495 711 4544 ll.
719 4495 746 4546 N.
760 4495 838 4556 stat
891 4497 947 4547 adit
967 4498 991 4547 in
1008 4501 1085 4550 locst
1104 4499 1183 4549 Cissa.
1201 4501 1329 4563 tomllll,
1356 4517 1382 4566 p.
1390 4501 1456 4554 sats

276 4556 329 4617 „lb
347 4557 394 4607 hoc
411 4559 543 4609 ventriculo
562 4561 633 4611 testes
657 4562 681 4611 io
700 4562 797 4613 homine
815 4571 840 4613 et
889 4566 1000 4626 „lactea
1029 4581 1087 4631 pars
1111 4567 1290 4630 intestinorum,
1317 4570 1383 4621 uude
1409 4570 1457 4621 bus

275 4638 328 4684 oie,
346 4638 391 4687 per
408 4640 469 4688 quas
487 4627 576 4676 labitur
602 4629 679 4688 cibus,
702 4630 726 4679 io
750 4632 838 4681 ceteris
891 4633 1059 4694 coagulatur.“
1387 4646 1389 4650 ⁴

274 4690 365 4753 bitlss;
389 4707 402 4743 a
421 4694 508 4756 quibas
531 4697 658 4757 capaciora
677 4697 788 4747 intestina
808 4697 838 4748 sd
924 4715 945 4749 a.
964 4700 1048 4749 eadem
1067 4698 1217 4766 sperabitur]
1234 4702 1272 4753 ct.
1288 4703 1352 4754 iutra
1371 4702 1456 4769 caph.

276 4758 373 4809 sisom“
392 4768 447 4810 cett.
482 4761 597 4811 Priscian.
618 4762 723 4824 those
759 4767 837 4816 l'taat.
891 4774 914 4817 ct
932 4767 1034 4831 capis.
