3242 5775
278 615 340 710 692
534 649 636 706 oniam
658 649 789 696 snrrmu
810 633 976 692 monronis
999 643 1197 688 rnnrnnmam

279 807 443 875 substantia
465 804 551 866 lesus
574 821 608 863 ex
632 801 762 872 duabus,
794 817 831 860 ex
853 814 942 860 earne
963 804 993 858 et
1020 794 1142 875 spiritu,
1180 792 1201 825 ¹⁴
1210 792 1342 855 mixtura
1365 775 1478 872 quae-³

201 949 207 968 ,ι
281 912 364 982 dom,
387 916 420 968 ut
441 905 582 967 electrum
604 922 640 963 ex
662 918 735 963 auro
758 908 788 960 et
808 902 960 978 argentm,
991 905 1020 957 et
1046 895 1150 974 incipit
1170 912 1227 955 nee
1249 912 1359 955 aurum
1383 912 1462 963 esse,

280 1012 309 1073 id
333 1018 379 1071 est
399 1006 538 1087 spiritus,
561 1021 658 1082 neque
679 1008 851 1080 argeutum,
884 998 912 1059 id
935 1005 983 1058 est
1004 1016 1090 1069 earo,
1123 997 1193 1057 dum
1216 993 1345 1056 alterum
1367 994 1463 1056 altero

263 1097 428 1181 mutatur,
461 1114 492 1167 et
518 1104 638 1166 tertium
665 1102 736 1181 quid
764 1100 900 1161 edicitur.
949 1097 1053 1177 Neque
1082 1115 1153 1175 ergo
1176 1096 1251 1174 deus
1275 1095 1336 1157 erit
1356 1095 1463 1167 lesus;

283 1227 382 1286 sermo
405 1208 483 1269 enim
506 1204 595 1267 desiit
617 1222 697 1276 esse,
727 1202 776 1280 qui
798 1219 867 1262 earo
889 1200 984 1262 saeuus
1008 1205 1070 1259 est:
1105 1197 1229 1275 ¹‘neque
1258 1196 1354 1257 homo
1377 1214 1466 1268 oaro;

284 1328 352 1372 earo
375 1308 454 1370 enim
476 1324 537 1367 non
559 1304 682 1384 proprie
704 1311 766 1373 est,
791 1299 886 1380 ”quia
910 1318 1009 1360 sermo
1033 1299 1098 1359 init.
1129 1298 1173 1358 lta
1188 1316 1225 1358 ex
1240 1304 1370 1375 utroque
1388 1315 1465 1357 neu-

224 1443 230 1462 ·
285 1418 364 1472 trum
386 1417 449 1478 est3
482 1404 561 1467 aliud
582 1405 670 1482 longe
692 1402 811 1464 tertium
835 1408 882 1462 est
903 1419 989 1480 quam
1013 1409 1182 1476 utrumque.
1225 1398 1283 1459 Sed
1308 1397 1392 1457 enim
1415 1397 1463 1458 iir-

284 1508 419 1570 venimus
442 1506 524 1567 ilium
546 1503 659 1566 directo
683 1511 713 1564 et
740 1503 829 1563 deum
857 1509 888 1563 et
914 1500 1065 1562 hominem
1094 1499 1276 1579 expositum,
1309 1498 1379 1576 ipso
1409 1498 1468 1558 hoo

143 1601 276 1702 afim
286 1608 400 1689 psalmo
422 1612 616 1685 suggerente,
645 1603 792 1676 Quoniam
816 1602 890 1663 deus
912 1601 1002 1662 homo
1026 1609 1113 1662 natus
1136 1608 1183 1661 est
1204 1600 1234 1660 in
1257 1598 1322 1670 ilia,
1353 1597 1467 1659 ¹'oedi-

180 1736 187 1758 ο
286 1709 382 1771 iioavit
404 1725 469 1768 eam
490 1705 641 1766 voluntate
662 1704 775 1783 patris3
796 1709 877 1763 certe
900 1719 1112 1781 usquequaque
1134 1700 1225 1761 filium
1247 1699 1295 1760 dei
1319 1707 1352 1760 et
1373 1698 1467 1759 iiiium

287 1807 436 1880 hominis,
464 1824 531 1867 cum
553 1789 641 1865 deum
665 1814 695 1866 et
715 1803 884 1876 hominem,
915 1802 980 1863 sine
1003 1801 1093 1863 dubio
1116 1799 1278 1863 secundum
1308 1808 1470 1879 utramque

222 1975 232 1992 g
288 1907 484 1972 substantiam
506 1905 537 1966 in
559 1923 613 1966 sua
634 1903 819 1984 proprietate
841 1902 1016 1975 distantem,
1049 1902 1116 1981 quia
1144 1920 1240 1979 nequo
1262 1918 1365 1961 sermo
1390 1899 1470 1960 aliud

290 2023 377 2088 quam
406 1995 495 2079 deus',
528 2023 625 2084 neque
652 2023 722 2066 earo
751 2003 830 2065 aliud
858 2022 945 2083 quam
974 2004 1076 2068 homo.
1126 2002 1176 2062 Sic
1197 2010 1226 2061 et
1248 2000 1409 2080 apostolus
1433 2001 1470 2061 de

163 2113 417 2187 renuentesque
439 2105 504 2168 eius
527 2104 691 2167 substantia
713 2103 811 2164 dooet
865 2103 922 2176 Qui
945 2104 1038 2164 iaetus
1061 2111 1124 2175 est,
1153 2102 1262 2180 inquit,
1293 2120 1329 2162 ex
1354 2102 1472 2162 semine

157 2283 164 2294 Ι
189 2215 275 2260 mee
288 2206 394 2270 navio.
431 2206 488 2268 Hie
507 2206 563 2268 erit
584 2205 676 2267 homo
699 2212 729 2266 et
750 2204 828 2265 filius
850 2203 998 2276 hominis,
1021 2203 1071 2283 qui
1094 2202 1231 2263 definitus
1253 2211 1301 2263 est
1320 2201 1401 2264 filius
1424 2201 1472 2262 dei

291 2306 455 2370 seeundum
476 2306 644 2386 spiritum·
668 2304 724 2367 Hie
746 2305 802 2367 erit
824 2304 899 2366 deus
921 2313 951 2365 et
973 2322 1088 2386 sermo,
1121 2304 1168 2364 dei
1191 2303 1279 2386 tilius.
1325 2302 1473 2364 Videmus

252 2389 255 2496 ,Ϊ
291 2407 439 2488 duplicem
461 2415 587 2479 statum,
610 2425 670 2467 non
693 2407 868 2476 confusum,
890 2404 944 2466 sed
960 2405 1167 2476 coniunctum,
1191 2404 1221 2463 in
1244 2422 1302 2465 una
1325 2421 1470 2482 persona,

246 2499 253 2571 l
292 2507 381 2571 mum
403 2516 433 2569 et
453 2507 605 2568 hominem
627 2506 737 2567 iesum.
771 2505 841 2567 ¹'De
863 2504 983 2567 Christo
1006 2513 1105 2565 autem
1128 2503 1293 2566 ¹⁹ditieroi.
1330 2503 1370 2565 Et
1392 2503 1470 2565 adeo

293 2607 374 2670 salva
396 2615 443 2668 est
465 2607 620 2686 utriusque
641 2608 809 2687 proprietas
832 2604 1032 2677 substantiae,
1065 2613 1098 2666 ut
1125 2614 1155 2665 et
1177 2605 1301 2683 spiritus
1323 2622 1375 2665 res
1400 2622 1474 2665 suas

295 2705 389 2787 egerit
409 2706 440 2767 in
461 2706 530 2781 iilo,
552 2707 581 2768 id
604 2717 652 2770 est
671 2708 796 2769 virtutes
819 2716 856 2768 et
871 2723 961 2785 opera
984 2714 1013 2766 et
1034 2705 1134 2784 signa,
1164 2714 1194 2766 et
1215 2723 1284 2765 earo
1306 2704 1472 2783 passiones

296 2824 366 2869 suas
389 2808 488 2867 iuncta
509 2806 564 2881 sit,
588 2808 725 2870 esuriens
747 2807 804 2869 sub
827 2806 960 2880 diabolo,
983 2806 1088 2868 sitiens
1104 2805 1161 2867 sub
1177 2801 1371 2876 samaritide,
1394 2805 1473 2865 flens

295 2907 465 2981 Lazarum,
488 2908 574 2969 anxia
595 2927 690 2989 usque
711 2909 748 2969 ad
770 2916 915 2981 mortem,
938 2907 1064 2986 deniqne
1086 2916 1113 2968 et
1129 2915 1246 2967 mortua
1261 2915 1317 2967 est
1355 2905 1477 2978 Quodsi

296 3008 415 3069 tertium
433 3007 509 3087 quid
532 3016 630 3082 esset,
664 3028 700 3071 ex
722 3017 849 3088 utroque
871 3010 1042 3081 confusum,
1077 3018 1109 3069 ut
1137 3007 1293 3076 eleutrum,
1327 3017 1475 3068 nontam

298 3107 436 3170 distincta
458 3108 634 3169 documenta
655 3116 794 3188 parerent
815 3110 969 3188 utriusque
984 3107 1177 3170 substantiae.
1213 3107 1272 3168 Sed
1295 3116 1325 3168 et
1347 3109 1477 3187 spiritus

190 3210 196 3221 '
298 3208 424 3271 earnalia
447 3219 477 3270 et
497 3227 566 3270 caro
589 3208 762 3288 ¹”spiritalia
784 3211 893 3289 egisset
915 3229 950 3272 ex
967 3209 1174 3277 translatione,
1197 3207 1216 3239 ²¹
1225 3217 1276 3268 aut
1290 3227 1388 3287 neque
1404 3227 1474 3270 oar·

298 3308 375 3399 naiia
397 3328 493 3389 neque
515 3307 673 3388 spiritalia,
702 3310 756 3371 sed
777 3311 882 3372 tertiae
903 3311 1027 3372 alieuius
1056 3312 1168 3371 formae
1189 3309 1255 3370 ”ex
1278 3308 1479 3383 coniminum

300 3398 391 3473 immo
420 3419 471 3473 aut
498 3428 599 3470 sermo
626 3419 764 3472 mortuus
798 3419 881 3472 esset
908 3420 958 3472 aut
982 3429 1053 3472 earo
1083 3418 1199 3471 mortua
1227 3427 1287 3468 rion
1318 3419 1418 3483 esset,
1450 3403 1478 3471 si

300 3528 399 3573 sermo
421 3528 585 3572 conversus
608 3519 692 3572 esset
711 3510 743 3572 in
765 3528 899 3585 camem3
921 3521 972 3573 aut
986 3529 1054 3572 earo
1070 3512 1149 3572 enim
1164 3508 1340 3571 immortalis
1356 3511 1480 3582 fuisset,

300 3619 350 3673 aut
365 3629 464 3673 sermo
480 3611 625 3673 mortalis.
660 3611 721 3673 Sed
742 3612 810 3691 quia
832 3610 1015 3673 substantiae
1037 3611 1140 3672 ambae
1162 3611 1192 3670 in
1216 3618 1294 3671 statu
1310 3629 1367 3671 suo
1383 3630 1481 3689 quae·

302 3729 360 3790 que
379 3710 548 3800 ¹³distinote
569 3710 710 3790 agebant,
737 3712 805 3773 ideo
827 3711 886 3773 iilis
908 3720 938 3773 et
959 3731 1068 3792 operae
1090 3720 1120 3773 et
1142 3710 1239 3772 exitus
1261 3709 1308 3772 sui
1332 3728 1479 3772 ocourre-

188 3824 289 3874 romo.
304 3818 383 3871 mnt.
416 3809 503 3871 Disce
525 3809 615 3887 igitur
635 3829 701 3871 oum
717 3810 894 3874 Nicodemo:
918 3812 994 3886 Quia
1016 3812 1095 3892 quod
1117 3811 1175 3873 ”in
1197 3828 1285 3873 earne
1300 3819 1404 3873 natum
1421 3821 1481 3884 est,

303 3926 371 3970 earo
395 3917 457 3981 est,
480 3915 510 3970 et
530 3907 610 3987 quod
633 3908 670 3970 de
693 3910 819 3990 spiritu,
840 3913 964 3993 spiritus
987 3920 1044 3973 est.
1076 3912 1178 3991 Neque
1200 3929 1268 3974 caro
1291 3911 1420 3990 spiritus
1435 3913 1478 3983 tit,
1503 3978 1505 3982 ,

305 4025 400 4086 neque
422 4007 546 4086 spiritus
560 4026 640 4070 caro.
673 4010 707 4071 ln
728 4028 789 4073 uno
811 4013 899 4092 plane
920 4031 988 4075 esse
1009 4021 1147 4092 possunt
1180 4011 1223 4073 Ex
1239 4012 1286 4073 his
1301 4011 1387 4074 lesus
1403 4031 1481 4075 eon-

174 4124 294 4177 noenu.
305 4106 397 4180 stitit,
420 4126 455 4169 er
478 4126 566 4170 carne
587 4108 696 4182 homo,
729 4130 766 4172 ex
788 4112 895 4191 spiritu
917 4112 1006 4187 deus,
1035 4131 1124 4192 quem
1145 4120 1217 4174 tune
1237 4112 1361 4191 angelus
1384 4131 1421 4174 ex
1444 4131 1479 4175 ea

230 4325 232 4331 Α
306 4258 346 4307 ld.
365 4273 391 4307 ex
411 4260 510 4310 mixture
528 4263 553 4311 t.
572 4263 636 4312 Leid.
686 4262 725 4312 15.
744 4277 823 4328 neque
841 4279 906 4325 earo,
926 4265 948 4315 id
968 4273 1004 4315 est
1023 4267 1110 4325 hom03
1130 4280 1185 4314 curo
1204 4265 1267 4313 enim
1286 4267 1320 4326 d.,
1339 4266 1481 4315 cumfuse

306 4325 397 4375 Ursino.
459 4327 496 4377 to.
515 4332 555 4392 qui
574 4332 607 4391 d,
627 4346 678 4380 eum
695 4331 776 4380 Fulvio
793 4332 884 4382 Ursino.
945 4332 984 4382 l'i.
1009 4342 1032 4383 ot
1050 4333 1182 4381 aedificarit
1199 4333 1242 4381 AB.
1262 4334 1325 4383 teto.
1391 4331 1430 4381 te.
1449 4334 1482 4380 de

304 4406 352 4455 quo
372 4393 467 4442 christo
485 4397 510 4444 A.
529 4398 593 4446 Leid.
656 4397 693 4446 te.
718 4397 803 4447 differo
828 4401 882 4450 ded.
902 4400 975 4461 Leid,
1001 4409 1047 4450 tm
1069 4402 1179 4450 Vaticani.
1223 4400 1317 4449 dissero
1337 4400 1393 4450 nat.
1438 4399 1477 4448 20.

304 4459 438 4523 spiritualia
456 4463 482 4511 Δ.
506 4462 602 4527 diique.
654 4463 695 4514 tt.
713 4474 754 4516 ant
772 4467 804 4527 d,
825 4482 875 4516 eum
892 4468 972 4517 Fuluio
990 4467 1080 4518 Ursino.
1127 4477 1151 4516 ut
1168 4468 1255 4517 ΔΒοοο.
1273 4469 1337 4517 Leid.
1390 4465 1431 4516 22
1451 4480 1480 4516 ex

305 4542 349 4577 om
368 4528 434 4577 obed.
488 4526 529 4579 2³.
547 4531 675 4603 distinctae
693 4534 744 4583 οοο.
796 4531 838 4582 24.
856 4533 886 4583 de
903 4536 1018 4586 Latinius.
1497 4532 1506 4547 ’

340 4641 361 4676 ο.
380 4637 405 4676 οι
429 4628 545 4678 electrum
569 4644 596 4679 ex
620 4646 679 4681 auro
707 4641 731 4682 et
755 4629 867 4699 argento]
952 4651 972 4684 e.
992 4637 1102 4685 esuriens
1125 4635 1170 4684 sub
1195 4635 1301 4692 diabolo,
1325 4635 1410 4683 sitiens
1433 4634 1481 4683 snb

305 4693 343 4743 Ci.
361 4695 416 4743 adv.
436 4695 547 4758 Hermos.
567 4697 672 4760 eep25.
917 4702 1068 4761 Samaritide,
1087 4704 1147 4752 tiens
1167 4699 1293 4769 Lazarum]
1312 4703 1408 4752 Eisdem
1428 4703 1483 4751 iere

340 4761 364 4809 d.
383 4760 416 4810 ite
430 4763 526 4812 Christo
544 4772 623 4813 antem
642 4762 748 4832 didere]
767 4767 801 4817 de
820 4768 866 4818 hoe
917 4770 995 4819 verbis
1013 4774 1086 4820 utitur
1105 4771 1137 4820 De
1157 4772 1234 4820 Carne
1253 4771 1309 4820 Chr.
1328 4784 1379 4834 esp.
1389 4769 1414 4818 9.

305 4827 370 4876 enim
388 4843 440 4893 cap.
459 4843 528 4894 sequ.
