3242 5775
283 580 346 646 stt
531 592 634 646 oumrr
652 590 789 638 saaraim
809 590 977 635 mamurra
998 589 1196 638 ruarmuaru

285 747 400 810 suanus
421 743 472 823 qui
493 760 558 804 eam
580 740 701 821 negabit
722 759 809 821 quam
838 740 1017 803 confitentur
1038 738 1231 814 Christiani,
1251 747 1281 802 et
1302 740 1352 803 bis
1373 759 1470 822 argu·

283 845 394 910 mentis
415 843 536 922 negabit
562 842 670 922 quihus
701 841 823 904 ¹‘utitur
850 859 913 904 non
940 841 1137 904 Christianus.
1187 840 1467 923 ¹⁶hulerdeuique

210 945 213 950 '
283 919 440 1009 haereticis
464 944 484 976 ¹⁷
492 962 567 1023 quas
588 961 655 1005 cum
678 942 806 1004 ethnicis
829 941 967 1022 sapiunt,
990 951 1023 1004 ut
1044 942 1082 1004 de
1104 942 1261 1023 scripturis
1278 942 1353 1005 solis
1370 962 1466 1024 quas·

175 1104 184 1116 ,
284 1046 401 1109 stiones
430 1063 500 1107 suas
523 1044 671 1116 ¹‘sistant,
705 1053 735 1105 et
762 1052 843 1105 stare
870 1062 932 1105 uon
960 1050 1111 1123 poterunt.
1171 1043 1352 1105 Communes
1384 1045 1467 1107 enim

263 1130 394 1209 'seusus
423 1144 596 1226 simplicitas
623 1143 688 1224 ipsa
716 1134 905 1206 commandit
932 1151 963 1205 et
990 1144 1161 1224 compassio
1190 1144 1408 1207 sententiarum
1435 1152 1468 1207 et

284 1245 466 1309 familiaritas
488 1244 681 1327 opinionum,
702 1263 799 1324 eoque
816 1244 991 1307 ¹”fideliores
1008 1245 1230 1318 existimantur,
1253 1244 1321 1324 quia
1338 1246 1419 1308 nuda
1434 1256 1468 1309 et

283 1356 384 1429 aperta
406 1356 436 1409 et
458 1345 596 1407 omnibus
619 1352 691 1406 nota
712 1344 867 1406 definiunt
918 1345 1004 1407 Ratio
1033 1354 1131 1407 autem
1160 1345 1258 1407 divina
1280 1347 1312 1407 in
1333 1347 1465 1411 medulla

282 1447 375 1522 ”est‚
397 1465 459 1508 non
481 1446 513 1507 in
535 1445 709 1525 superficie,
732 1452 763 1507 et
783 1445 959 1525 plerumque
981 1446 1095 1509 aemula
1118 1446 1294 1509 manifestis.

164 1557 264 1616 capit.
366 1547 467 1626 ltaque
489 1546 631 1609 haeretici
652 1545 721 1607 inde
743 1546 844 1607 statim
859 1546 1020 1627 incipiunt,
1044 1556 1074 1616 et
1088 1547 1157 1610 inde
1171 1556 1382 1627 praestruunt,
1405 1548 1462 1611 do-

215 1629 220 1636 ·
281 1648 353 1711 hinc
374 1632 603 1721 'interstrunnt‚
625 1646 704 1708 unde
727 1646 826 1708 sciunt
846 1646 931 1708 lacile
953 1647 1018 1726 capi
1040 1656 1174 1722 mentes,
1198 1649 1235 1710 de
1250 1648 1464 1711 communione

281 1747 436 1813 favorabili
457 1765 611 1809 sensuum.
646 1747 691 1809 Aa
713 1746 793 1808 aliud
815 1746 900 1827 prius
922 1747 968 1809 rel
990 1746 1084 1827 magis
1106 1747 1210 1810 audias
1232 1747 1287 1810 ¹ab
1310 1749 1462 1813 haeretico

282 1868 370 1931 quam
391 1848 428 1911 ab
450 1846 596 1911 ethnico?
625 1855 656 1909 et
676 1846 749 1908 ’non
771 1847 912 1928 protinus
935 1857 965 1908 et
985 1866 1047 1909 non
1070 1847 1180 1928 ubique
1203 1849 1370 1911 convicium
1391 1869 1461 1912 car-

281 1950 346 2024 nis,
369 1950 400 2011 in
424 1949 588 2029 originem,
612 1946 642 2009 in
664 1947 834 2021 materiam,
858 1948 889 2008 in
911 1965 1029 2021 casum,
1052 1948 1083 2009 in
1107 1967 1227 2010 omnem
1250 1950 1361 2012 exitum
1383 1949 1462 2026 eius,

281 2051 451 2114 immundae
472 2068 489 2111 a
509 2048 676 2129 primordio
698 2067 734 2110 cx
756 2047 888 2110 faecibus
904 2056 1018 2122 terrae,
1041 2048 1249 2111 immundioris
1265 2051 1409 2132 deinceps
1424 2071 1463 2114 ex

282 2149 407 2212 seminis
430 2150 476 2211 sui
499 2148 587 2222 limo,
616 2148 753 2222 frivolae,
782 2148 933 2222 infirmae,
962 2148 1156 2222 criminosae,
1185 2149 1368 2227 ‘onerosam
1391 2171 1461 2214 mo·

279 2249 389 2325 lestae,
424 2259 454 2311 et
480 2259 551 2329 post
579 2257 674 2311 tolum
701 2247 894 2328 ignobilitatis
923 2249 1070 2330 elogium·
1097 2250 1224 2312 caducae
1254 2251 1283 2312 in
1312 2252 1461 2334 originem

282 2358 391 2412 terram
413 2359 443 2412 et
464 2350 615 2412 cadaveris
636 2367 763 2423 nornen,
786 2357 816 2410 et
838 2349 876 2411 do
897 2349 955 2412 isto
978 2369 1097 2431 quoque
1119 2351 1241 2413 nomine
1255 2354 1407 2433 periturae
1429 2356 1461 2416 in

281 2451 394 2513 nubum
416 2451 485 2513 inde
506 2452 564 2513 iam
587 2469 714 2524 noman,
735 2450 766 2510 iu
782 2450 882 2512 omnis
898 2450 973 2512 ‘iam
989 2451 1121 2513 vocabuli
1137 2452 1307 2516 mortemll
1336 2454 1461 2518 Hancne

282 2569 354 2631 ergo
376 2550 439 2611 “vir
461 2552 581 2632 sapiens
604 2559 635 2614 et
654 2550 731 2612 risui
761 2560 791 2612 et
812 2551 961 2614 contactui
989 2560 1019 2612 et
1046 2552 1215 2614 recordatui
1245 2562 1295 2615 tuo
1325 2564 1461 2636 ereptam

234 2697 241 2707 .
280 2648 481 2732 'persuadere
502 2650 563 2725 ris,
597 2651 677 2729 quod
700 2670 734 2713 se
754 2660 910 2732 receptura
933 2651 1108 2731 quandoque
1137 2653 1177 2714 sit
1199 2654 1229 2715 in
1252 2655 1401 2735 integrum
1423 2656 1461 2718 de

280 2760 439 2830 corrupto,
473 2750 504 2811 in
527 2749 656 2814 solidum
678 2752 715 2813 de
737 2770 842 2825 casso,
875 2752 907 2813 iu
927 2751 1047 2831 planum
1070 2753 1107 2815 de
1128 2754 1259 2830 inanito,
1296 2755 1327 2817 in
1350 2756 1461 2837 aliquid

281 2843 405 2915 omnino
427 2850 465 2913 de
486 2849 605 2926 nihilo·,
629 2861 659 2915 et
680 2852 782 2932 utique
803 2851 1046 2915 'redhibentibus
1068 2852 1152 2917 ⁹eam
1177 2855 1295 2936 ignibus
1319 2865 1350 2920 et
1371 2858 1459 2922 undis

282 2959 312 3013 et
333 2950 432 3012 ¹⁰alvis
462 2952 589 3012 ferarum
617 2962 648 3014 et
677 2954 798 3015 nrumis
821 2953 923 3016 alitum
945 2964 975 3016 et
996 2954 1120 3019 lactibus
1142 2956 1289 3037 pisciuml
1319 2966 1351 3020 'et
1370 2959 1457 3040 ipso·

281 3068 350 3113 rum
371 3048 568 3130 ¹²temporum
589 3053 712 3133 propria
733 3052 824 3134 gula?
866 3055 988 3118 Adeone
1017 3064 1116 3119 autem
1145 3058 1247 3119 eadem
1270 3059 1459 3139 sperabitur·

284 3234 324 3286 lb.
342 3242 442 3286 utantur
459 3249 508 3285 non
527 3234 656 3285 Christiani
675 3237 727 3287 cod.
744 3240 919 3291 declamatis.
980 3241 1017 3290 ld.
1037 3243 1110 3292 luter
1127 3243 1267 3307 admeabcd.
1310 3244 1397 3296 inlcrs
1416 3245 1459 3296 dd.

181 3309 190 3324 ‘
283 3302 324 3353 i‘l.
343 3312 477 3367 quaecum
496 3303 599 3352 ethnicis
617 3304 669 3354 bed.
704 3318 871 3370 qaaecumque
888 3308 976 3367 ethnici
995 3309 1055 3358 1110.
1068 3316 1114 3376 tres
1130 3311 1241 3361 Vaticani
1278 3311 1318 3362 18.
1337 3312 1459 3363 instruant

281 3371 396 3422 betisias.
450 3369 490 3420 19.
508 3370 632 3420 lldeliorcs
652 3370 715 3432 daia.
767 3370 810 3420 2⁰.
828 3382 865 3424 est
882 3376 963 3425 md.

348 3437 409 3501 Cap.
427 3437 463 3487 ll.
510 3437 532 3488 1.
551 3438 689 3500 ingstruuut
706 3438 732 3487 d.
773 3439 943 3492 inconstruunt
966 3444 991 3493 d.
1052 3443 1077 3494 2.
1096 3453 1143 3494 tam
1162 3445 1192 3492 ab
1212 3445 1333 3497 haeretico
1352 3448 1386 3509 d.,
1407 3456 1459 3498 cast

279 3504 361 3556 rutae
380 3507 471 3556 llrsiso·
524 3503 548 3554 3.
567 3519 616 3554 non
634 3504 746 3568 protinus
763 3522 809 3556 om.
820 3509 843 3555 1.
878 3507 966 3560 liaberet
983 3511 1076 3575 reliqui,
1096 3520 1118 3561 et
1135 3518 1180 3561 tres
1191 3513 1302 3563 Vaticani.
1352 3513 1377 3564 h
1395 3528 1460 3565 οπο·

280 3585 353 3622 rosae
370 3573 451 3622 orell
510 3573 534 3622 h.
554 3571 663 3623 rocahuli
682 3572 729 3621 ianr
747 3574 772 3623 d.
825 3572 849 3622 ll.
868 3575 903 3623 air
919 3577 1023 3628 adcola.
1064 3579 1098 3627 ris
1123 3581 1147 3629 d.
1201 3580 1224 3628 1.
1250 3581 1399 3644 persuadere
1424 3582 1460 3631 ris

280 3639 346 3703 qnod
363 3656 395 3701 a,
415 3641 444 3690 de
460 3641 529 3690 libris
547 3641 666 3703 Gaepseii.
701 3638 859 3703 persuadere,
883 3643 947 3704 quad
964 3645 1057 3708 reliqui.
1110 3645 1133 3695 9.
1153 3647 1318 3697 rebibentihus
1336 3649 1363 3698 d.
1397 3650 1460 3701 rsti-

279 3705 392 3757 bentibus
410 3711 436 3758 A.
472 3707 638 3757 rehiheutibus
658 3706 681 3755 0.
732 3706 755 3758 9.
775 3722 804 3757 ea
824 3709 968 3771 imaginihus
985 3710 1046 3761 aad.
1101 3712 1141 3762 to.
1159 3713 1221 3764 alius
1238 3715 1300 3765 ddd'.
1347 3716 1386 3766 11.
1406 3717 1460 3768 rai·

280 3773 319 3824 nis
335 3775 397 3825 ABG.
452 3772 491 3823 tt.
510 3782 647 3838 temporum
666 3775 784 3824 midi).
818 3776 913 3826 Addidit
928 3779 1028 3840 pristena
1046 3781 1074 3829 ds
1091 3782 1142 3831 ssia
1160 3783 1228 3833 codd
1247 3782 1387 3846 Gugaeiss.

313 3904 372 3968 Cap.
392 3904 428 3954 ll.
456 3920 478 3954 a.
497 3905 654 3966 ignobilitatis
664 3902 783 3973 elogium]
802 3907 841 3959 (ll.
893 3909 991 3960 curcul.
1002 3910 1033 3972 ll,
1045 3911 1070 3969 3,
1080 3912 1126 3962 1οε
1145 3913 1198 3974 „lta
1216 3915 1263 3965 cibi
1281 3916 1461 3969 vacivitatera·

280 3970 371 4022 adaott
389 3972 420 4021 ad
438 3972 473 4021 he
491 3972 586 4022 Corona
605 3972 692 4036 caph.
873 3977 934 4027 nia
961 3976 1021 4028 laris
1047 3979 1177 4031 laetitae.“
1220 3983 1301 4034 Gloss
1332 3983 1461 4037 Philoxeni

313 4039 338 4087 1.
362 4039 386 4088 iu
413 4039 493 4088 omnis
510 4041 558 4089 iam
576 4039 684 4091 vocabuli
702 4037 842 4108 morteuil]
893 4059 948 4108 pag.
964 4043 1019 4095 129.
1044 4046 1124 4096 lule:
1151 4048 1268 4123 „haclea
1296 4045 1374 4113 hadal
1400 4050 1462 4101 τὸν

279 4104 372 4154 Etenim
397 4107 486 4155 mortui
511 4106 624 4157 desinunt
647 4123 703 4158 asse
726 4109 842 4174 quicquid
893 4103 1067 4176 ωλᾶηνων,
1094 4109 1177 4162 &aaa
1200 4107 1297 4182 inape
1316 4116 1379 4166 ’τόν
1401 4110 1460 4187 dpl-

279 4172 337 4221 dum
363 4173 467 4223 virerent
489 4174 636 4225 vocabantur
662 4183 686 4225 et
710 4177 757 4225 iarn
784 4184 842 4227 sunt
893 4184 992 4243 φων.“
1037 4181 1117 4230 Gloss.
1142 4181 1223 4244 Cprilli
1253 4198 1277 4246 p.
1292 4183 1349 4234 tta.
1375 4185 1460 4239 Vale:

279 4239 348 4288 aelli.
384 4240 444 4289 Plio.
463 4240 491 4290 11.
510 4241 537 4290 Ν.
557 4241 577 4291 ll
596 4238 733 4309 [caph-bl,
751 4244 792 4293 ahi
810 4245 841 4294 de
892 4241 1001 4308 „Assssi
1019 4246 1075 4294 ruis
1091 4242 1219 4314 ἐντέρων,
1239 4250 1375 4303 baelsetcs.
1399 4253 1460 4306 Sin·

278 4313 362 4355 natura
381 4314 467 4357 terrae.
486 4308 593 4371 (Rigalt.)
891 4312 975 4374 gulare
994 4330 1041 4365 non
1062 4317 1160 4365 habet.“
1205 4316 1330 4367 Onomast.
1349 4320 1460 4372 Graeco·

312 4387 333 4422 c
352 4373 376 4422 in
394 4373 485 4438 aliquid
509 4377 609 4427 omnino
633 4376 664 4427 de
688 4373 777 4444 nihilo]
804 4376 841 4430 ct.
892 4381 942 4431 hat
961 4382 999 4432 ed.
1019 4382 1084 4432 Vale.
1103 4398 1126 4447 p.
1136 4382 1184 4434 19ε
1201 4386 1311 4446 „lactea
1328 4382 1459 4451 pedara!-

277 4439 377 4502 Gregor.
388 4441 456 4504 ttyss.
471 4443 504 4492 lle
517 4442 581 4507 Opil.
592 4444 661 4494 boni.
672 4444 840 4509 capp.2'l.2ll.
892 4453 988 4512 ρων(
1033 4450 1142 4501 Glossar.
1160 4451 1211 4501 hat.
1235 4453 1266 4501 ab
1284 4454 1376 4515 lugeto
1394 4454 1459 4506 idaia

311 4506 334 4556 d.
353 4506 456 4558 lactibus
473 4505 590 4575 piscium]
609 4511 669 4562 Ptin.
683 4512 746 4563 1111.
760 4513 798 4572 11,
806 4512 838 4562 st
891 4516 947 4565 edit
966 4516 991 4566 in
1008 4519 1085 4568 lectt
1104 4517 1183 4568 Class.
1201 4519 1328 4580 tomlllll,
1355 4520 1459 4584 past:

276 4572 328 4634 „hh
347 4573 394 4624 hoc
411 4577 543 4627 ventricula
561 4580 633 4630 lactes
657 4580 681 4629 ia
700 4580 797 4631 homine
816 4588 840 4630 et
889 4583 1000 4644 „lactea
1029 4599 1086 4648 pars
1110 4585 1289 4649 intestinorum,
1317 4589 1383 4639 ands
1410 4590 1461 4642 hac

276 4655 328 4700 ore,
346 4656 391 4705 per
408 4657 468 4706 quas
487 4645 576 4694 labitur
602 4647 678 4705 cibus,
702 4648 726 4697 lu
750 4649 839 4698 ceteris
890 4651 1059 4712 coagulatur.·‘

274 4707 364 4770 hillae;
389 4725 401 4760 a
421 4711 508 4774 quibus
531 4715 657 4775 capaciora
677 4715 788 4765 intestina
807 4716 837 4765 ad
924 4733 944 4766 e.
964 4717 1047 4767 eadem
1067 4717 1216 4784 sperabitur]
1235 4721 1272 4771 Cl.
1287 4722 1350 4772 inira
1370 4723 1460 4788 caph.

222 4796 224 4801 ·
276 4774 372 4839 alrum“
391 4786 447 4828 cett.
483 4779 597 4829 Priscian.
617 4780 723 4842 11686.
759 4784 837 4833 l'laut
890 4794 914 4834 et
932 4785 1034 4849 capas.
