3242 5775
324 612 387 675 530
532 593 545 616 '
578 625 680 675 oornrr
703 624 833 666 amrium
856 623 1022 666 rconanrrs
1044 622 1244 667 rmrnccrtru

322 777 441 858 quidam
464 775 565 836 dicunt
585 773 617 835 in
638 773 723 834 vohis
744 772 994 835 resurrectionem
1018 780 1204 833 mortuorum
1227 791 1289 834 non
1311 770 1469 852 caseique

323 878 349 938 si
372 893 432 936 non
456 882 517 946 cst,
541 892 596 935 nec
618 874 753 935 Christus
776 872 948 933 resurrexit
993 872 1024 933 Si
1046 871 1162 933 'autem
1185 871 1325 934 Christus
1347 892 1405 935 non
1423 874 1471 935 're-

325 975 470 1047 surrexit,
494 975 590 1036 inanis
614 982 661 1035 est
682 973 863 1053 praedicatio
887 981 1008 1044 nostra,
1037 971 1146 1033 ⁹iracixa
1173 981 1221 1034 est
1243 982 1273 1034 et
1294 974 1369 1036 fides
1389 983 1472 1036 vestri.

324 1076 539 1137 ¹⁰Inveniemur
571 1076 650 1136 enim
679 1074 744 1135 salsi
774 1080 867 1134 testes
897 1073 961 1145 dei,
995 1073 1045 1151 qui
1073 1073 1279 1135 testimonium
1310 1076 1329 1108 ¹¹
1339 1076 1473 1137 dixerimus

322 1177 401 1255 quod
418 1176 639 1237 resuscitaverit
653 1176 819 1247 Christum,
843 1192 931 1252 quem
947 1192 1008 1234 non
1023 1174 1221 1235 resuscitarit.
1256 1176 1332 1237 Nam
1348 1176 1374 1238 si
1388 1175 1473 1237 mortui

322 1295 385 1337 non
412 1285 587 1355 resurgunt,
620 1294 676 1336 nec
697 1275 834 1336 Christus
863 1274 1037 1335 resurrexit.
1082 1273 1113 1334 Si
1136 1274 1274 1337 Christus
1304 1295 1367 1345 non
1393 1295 1473 1339 resur·

257 1359 277 1402 .·
320 1375 412 1449 rexit,
437 1396 509 1437 rana
532 1384 580 1437 est
601 1376 674 1437 tides
696 1383 811 1448 restra,
835 1375 904 1454 quia
925 1375 1020 1436 adhuc
1042 1374 1072 1434 in
1088 1375 1203 1435 delictis
1226 1376 1335 1437 vestris
1359 1378 1440 1451 estis,
1455 1383 1475 1436 et

241 1529 244 1534 .
321 1477 424 1557 quiin
447 1477 565 1538 Christo
587 1477 790 1548 dormierunt,
813 1476 976 1555 perierunt.
1013 1475 1071 1536 Por
1094 1474 1194 1536 ¹²haec
1216 1477 1264 1537 cui
1286 1495 1344 1539 nos
1365 1478 1407 1539 rei
1426 1496 1473 1538 cre·

273 1634 276 1645 ‚
322 1577 568 1642 dendaeridetur
582 1575 760 1638 exstruere?
794 1576 1034 1647 Resurrectioni,
1057 1575 1172 1655 inquis,
1195 1584 1399 1652 mortuorum,
1420 1595 1474 1657 quae

321 1678 501 1757 negabatur3
523 1687 602 1739 certe
625 1696 681 1740 suo
704 1677 838 1755 exemplo
861 1675 1028 1737 dominicae
1049 1676 1281 1738 resurrectionis
1309 1679 1408 1740 volens
1428 1695 1473 1740 eon

321 1778 412 1840 credi.
457 1778 559 1850 Certe,
582 1779 690 1857 inquis.
734 1777 908 1868 Exemplum
931 1794 1022 1854 porro
1047 1795 1081 1837 ex
1104 1777 1275 1839 diversitate
1297 1797 1335 1840 an
1357 1798 1392 1841 cx
1411 1778 1471 1859 pari-

320 1869 400 1940 liiiio
422 1878 635 1957 componituri
675 1878 797 1957 Utique,
821 1877 935 1958 inquis,
959 1896 993 1937 ex
1015 1877 1170 1956 parilitate.
1216 1877 1377 1950 Quomodo
1397 1888 1472 1942 auhn

321 1978 458 2041 Christus
480 1965 670 2040 resurrexit?
693 1980 723 2039 in
746 1997 851 2051 carne,
874 1996 911 2039 an
933 1977 1018 2039 non?
1058 1976 1130 2038 Sine
1152 1977 1262 2051 dubio,
1286 1980 1313 2039 si
1335 1989 1471 2049 mortum,

321 2079 347 2139 si
371 2079 519 2158 sepultum
542 2079 627 2141 audis
651 2079 814 2140 secundum
837 2079 1017 2157 scripturas,
1049 2096 1110 2139 non
1132 2078 1205 2140 aiias
1227 2097 1317 2157 quam
1339 2081 1369 2142 in
1391 2097 1471 2146 carno:

320 2197 413 2257 aeque
435 2180 642 2242 resuscitatum
665 2180 694 2238 in
718 2197 806 2240 carne
830 2178 1006 2240 ¹³concedis.
1056 2179 1157 2258 lpsum
1188 2180 1266 2239 enim
1289 2182 1369 2259 quod
1390 2178 1471 2243 cecidit

319 2277 351 2340 in
374 2280 515 2354 ¹¹morte,
539 2281 617 2360 quod
639 2280 730 2341 iacuit
750 2279 782 2339 in
804 2279 972 2358 sepultura,
995 2280 1054 2339 hoc
1076 2279 1134 2339 ¹³et
1148 2281 1330 2357 resurrexit3
1353 2290 1470 2343 nontam

319 2379 456 2441 Christus
479 2381 510 2441 in
533 2399 620 2441 carne
643 2398 730 2459 quam
760 2397 830 2439 caro
859 2378 888 2439 in
913 2379 1042 2440 Christo.
1086 2380 1180 2459 Igitur
1207 2380 1233 2440 si
1263 2382 1299 2442 ad
1329 2380 1470 2462 exemplum

318 2479 427 2540 Christi
449 2499 657 2558 resurgemus,
680 2481 730 2558 qui
752 2480 917 2540 resurrexit
938 2481 966 2541 in
990 2497 1095 2551 carne,
1118 2480 1176 2541 iam
1198 2499 1258 2541 non
1275 2481 1312 2542 ad
1329 2480 1469 2561 exemplum

164 2577 430 2647 icocxvaiChristi
451 2598 660 2656 resurgemus,
685 2581 711 2640 si
734 2597 795 2639 non
818 2580 848 2639 in
871 2597 959 2640 carne
982 2588 1012 2639 et
1033 2580 1091 2657 ipsi
1114 2600 1327 2660 resurgemus,
1351 2583 1421 2657 Quia
1432 2594 1471 2660 per

317 2677 484 2750 hominem,
507 2678 620 2758 inquit,
643 2698 741 2753 mors,
765 2688 793 2739 et
807 2697 862 2757 per
876 2679 1027 2739 hominem
1044 2681 1243 2753 resurrectio,
1267 2691 1300 2743 ut
1319 2683 1472 2763 ¹⁶separaret

317 2778 437 2858 quidem
459 2787 612 2851 auctores,
641 2780 748 2840 mortis
771 2779 879 2852 Adam,
910 2778 1060 2840 Christum
1082 2781 1330 2855 resurrectionis,
1360 2782 1471 2845 eiusdem

317 2888 415 2941 antem
443 2880 640 2942 constitueret
667 2879 851 2942 substantiae
873 2880 1124 2948 resurrectionem
1154 2880 1262 2944 ¹⁷cuius
1297 2892 1328 2945 et
1354 2892 1471 2948 moneo,

317 2999 372 3060 per
393 2982 527 3059 ipsorum
551 2991 704 3041 auctorum
727 2981 756 3040 in
780 2981 902 3041 nomine
917 2981 1047 3042 hominis
1063 2983 1327 3061 comparationem.
1360 2984 1392 3045 Si
1411 2979 1471 3045 enin

318 3081 394 3142 sicut
416 3083 446 3143 in
469 3082 560 3142 ddam
584 3099 689 3141 omnes
712 3081 898 3154 moriuntur,
927 3081 966 3142 ita
989 3083 1069 3142 etin
1093 3082 1211 3143 Christo
1236 3101 1342 3145 omnes
1364 3083 1473 3145 vivito·

318 3180 445 3254 huntur,
468 3201 556 3243 carne
579 3180 802 3243 vivificabuntur
825 3182 855 3242 in
877 3181 1014 3256 Christo,
1043 3183 1120 3244 sicut
1148 3182 1178 3243 in
1200 3183 1291 3245 Adam
1315 3203 1401 3246 carne
1421 3196 1473 3246 mt-

176 3287 303 3340 roseam.
317 3281 443 3343 riontur.
486 3282 692 3362 Unusquisque
714 3291 811 3344 autem
834 3283 865 3343 in
888 3301 942 3343 suo
966 3283 1087 3356 ordine,
1110 3283 1222 3345 scilicet
1243 3285 1311 3363 quia
1333 3293 1363 3347 et
1382 3285 1412 3347 in
1433 3294 1474 3345 sut

316 3401 453 3463 corpore.
490 3384 572 3444 Ordo
595 3384 674 3444 enim
698 3383 1139 3462 “meritorumdispositorum
1161 3385 1285 3446 nomine
1308 3385 1475 3467 disponetur·

317 3481 445 3544 ¹⁹hierita
468 3493 566 3545 autem
589 3503 655 3544 cum
678 3484 797 3564 corpori
819 3502 937 3563 quoque
952 3483 1173 3557 adscribantur,
1198 3485 1272 3546 ordo
1289 3506 1408 3568 quoque
1423 3500 1475 3550 cor·

182 3602 302 3647 loriano.
317 3601 425 3662 porum
447 3584 624 3663 disponatur
645 3603 770 3647 necesse
792 3593 855 3658 cst,
879 3592 913 3645 ut
933 3584 1030 3664 possit
1045 3603 1113 3644 esse
1129 3585 1315 3648 meritorum.
1348 3589 1381 3650 Si
1397 3599 1478 3651 anon

316 3691 345 3743 ct
367 3684 552 3764 baptizantur
573 3685 720 3764 ²”quidam
736 3704 791 3765 pro
807 3685 950 3757 mortuis,
974 3684 1136 3746 videbimus
1160 3705 1197 3747 an
1219 3686 1238 3718 ²¹
1248 3687 1372 3749 ratione.
1406 3689 1480 3751 uero

315 3782 362 3843 ilia
384 3785 627 3863 praesumptione
650 3787 707 3847 hoc
729 3805 782 3846 eos
805 3786 974 3847 instituisse
1002 3785 1182 3847 ”contendit
1210 3787 1296 3866 ”qua
1326 3788 1375 3851 olii
1404 3789 1481 3851 etiam

316 3882 396 3942 carni
418 3882 585 3944 ²'ricarium
608 3886 753 3965 baptisma
775 3887 963 3966 profuturnm
997 3886 1199 3948 existimarent
1221 3889 1257 3950 ad
1281 3907 1366 3969 spem
1388 3908 1484 3954 resur·

315 4066 339 4115 7.
359 4075 437 4115 autem
458 4083 501 4118 om.
520 4068 610 4119 ducat.
653 4073 749 4121 Addidit
768 4074 797 4122 de
815 4074 867 4121 cod.
885 4073 918 4122 Io.
931 4072 1050 4122 Clementis
1067 4076 1166 4137 primum
1184 4075 1305 4125 Pometios.
1363 4074 1390 4124 Θ.
1410 4090 1489 4126 raur-

314 4136 401 4182 rexerit
421 4134 443 4184 0.
496 4135 519 4185 9.
540 4152 610 4185 rocoa
630 4146 667 4187 est
685 4147 707 4187 ct
725 4142 759 4197 (et
777 4155 821 4188 om.
834 4138 868 4198 o.)
886 4140 945 4188 tides
964 4149 1041 4190 restra
1060 4142 1191 4191 onntddd.
1235 4143 1332 4191 Addidit
1349 4157 1378 4192 eo
1396 4146 1489 4193 deruis

314 4203 381 4250 h'hrii
395 4204 494 4264 primum
504 4205 641 4267 Gorneaeius.
689 4207 726 4255 to.
746 4207 882 4255 invenimur
896 4216 975 4257 autem
994 4224 1022 4267 o,
1044 4209 1072 4256 de
1085 4210 1135 4257 cod.
1150 4210 1181 4258 Io.
1196 4209 1325 4258 Clementia.
1372 4210 1413 4259 ii.
1431 4211 1488 4260 dixi·

314 4283 367 4315 mus
387 4270 409 4316 d.
446 4270 548 4320 diximus
567 4273 686 4328 adversus
700 4274 770 4322 deum
790 4290 819 4333 c,
840 4276 868 4322 dc
880 4277 931 4325 eod.
944 4276 976 4324 io.
988 4275 1116 4324 Clementis.
1159 4274 1199 4325 tt.
1219 4276 1327 4325 hocdd.
1371 4276 1491 4328 13.con·

313 4336 375 4383 cedit
394 4338 560 4400 iditsrnderi,
582 4341 670 4389 vitiose.
714 4341 751 4389 14.
772 4349 875 4389 mortem
894 4358 922 4402 c,
943 4358 972 4391 ex
989 4345 1062 4392 trihus
1077 4344 1192 4392 Vaticanis
1210 4351 1231 4392 et
1250 4345 1301 4393 eod.
1317 4345 1349 4393 lo.
1361 4345 1491 4396 Clementia.

314 4402 505 4454 15.etom.oh.
560 4405 598 4453 16.
618 4415 715 4468 separet
733 4408 789 4456 Δία.
827 4410 982 4469 separentii.
1044 4410 1082 4457 17.
1102 4412 1170 4459 cuius
1189 4419 1211 4459 et
1231 4419 1490 4459 mortem---

313 4473 517 4531 comparationem
537 4474 881 4538 incdd.Semieriet1.eopoidi
896 4492 966 4540 prove
984 4480 1069 4526 omisso
1086 4485 1146 4526 sont.
1192 4476 1229 4526 18.
1249 4480 1393 4528 meritorum
1408 4482 1493 4542 dispo·

311 4537 413 4584 sitorum
427 4538 569 4600 (dispositor
582 4539 616 4596 d.)
636 4544 731 4591 nomine
750 4542 893 4603 disponetur
910 4544 986 4592 ridde.
1005 4546 1160 4594 codi'ithoei.
1197 4547 1338 4594 meritorum
1358 4547 1494 4610 dispositor

310 4603 398 4651 horum
424 4606 522 4652 nomine
546 4607 689 4669 disponetur
712 4612 826 4671 dipodius
851 4613 962 4660 emendat.
1013 4613 1153 4661 meritorum
1179 4614 1278 4662 nomine
1301 4613 1446 4677 disponetur
1471 4618 1495 4666 d.

310 4684 358 4718 non
379 4671 443 4719 aliod
469 4687 539 4734 quam
559 4675 699 4723 meritorum
719 4677 918 4740 dispositorem,
939 4681 967 4727 de
985 4681 1051 4729 codd.
1071 4678 1335 4739 triburiitihticonii.
1400 4682 1438 4732 19.
1466 4683 1494 4733 lu

310 4739 407 4787 ueritate
426 4741 559 4788 autemid.
596 4739 636 4789 20.
656 4744 821 4805 quidemBCo.
856 4744 896 4794 tt.
918 4747 1018 4794 ratione.
1038 4748 1172 4796 Certehcd.
1208 4750 1494 4815 ratioueccrtoretiqiii.

310 4802 350 4852 22.
371 4807 493 4856 contendit
511 4809 562 4858 hcd.
597 4811 830 4875 portinditreh'qui.
882 4812 924 4863 23.
942 4817 997 4877 qnia
1016 4815 1039 4863 h.
1091 4813 1132 4864 24.
1151 4822 1176 4864 ut
1194 4816 1307 4866 ricarium
1326 4816 1422 4869 Adcod.
