3242 5775
318 618 381 688 688
537 709 542 716 .
566 636 668 689 uumnr
688 635 819 681 suumn
839 611 1004 681 monsirrrs
1028 635 1221 680 rmnucnnm

317 797 403 869 pater
422 794 519 850 autem
540 804 662 849 manens
684 784 714 848 in
734 804 782 848 me
804 786 871 849 lacit
892 803 993 865 opera.
1041 785 1098 847 Per
1124 804 1214 866 opera
1242 801 1313 865 ergo
1337 786 1476 849 virtutum

319 896 349 951 et
369 886 458 950 verba
479 887 630 950 doctrinae
650 905 772 949 manens
793 888 823 950 in
852 886 912 949 lilio
939 895 1023 968 pater
1049 905 1102 967 per
1131 906 1164 948 ea
1191 886 1307 948 videtur
1328 906 1384 967 per
1405 907 1476 968 quae

319 997 433 1060 manet,
455 996 485 1050 et
504 1007 558 1069 per
580 1006 646 1051 eurn
668 988 778 1068 inquo
800 997 914 1062 manet,
937 1007 972 1050 ex
992 987 1050 1049 hoc
1071 989 1138 1068 ipsc
1160 995 1322 1068 apparente
1339 990 1476 1069 proprie·

180 1098 377 1160 terminate
398 1090 552 1170 utriusque
572 1107 735 1169 personae,
758 1090 827 1151 dnm
850 1089 936 1163 dicit,
957 1089 1019 1169 Ego
1042 1108 1109 1151 sum
1124 1089 1154 1150 in
1169 1097 1270 1168 patre,
1293 1094 1323 1150 et
1345 1091 1476 1170 paterio

182 1208 302 1252 runnu.
318 1210 377 1254 ιε.
409 1193 503 1272 Atque
518 1190 608 1265 adeo,
630 1190 763 1264 Credite,
785 1190 835 1252 sit.
868 1188 968 1263 Quint
1000 1191 1046 1253 lle
1067 1201 1178 1270 patrem
1201 1188 1293 1253 esse?
1326 1190 1395 1252 Non
1410 1201 1477 1271 puto

243 1308 298 1354 nte
321 1294 461 1373 scriptum
483 1310 569 1366 esse,
597 1291 667 1366 sed,
696 1292 772 1365 Quia
793 1311 848 1371 ego
871 1292 901 1353 in
922 1301 1021 1371 patre,
1040 1302 1083 1354 ‘et
1103 1300 1187 1372 pater
1208 1292 1238 1353 in
1266 1310 1331 1364 me,
1366 1292 1393 1352 si
1421 1312 1476 1373 quo

318 1396 434 1469 miuus,
455 1394 502 1456 rel
522 1400 645 1473 propter
664 1411 755 1473 opera
776 1392 905 1468 credits,
934 1392 1090 1472 cautique
1113 1412 1201 1473 opera
1224 1411 1277 1472 per
1299 1412 1376 1473 quae
1397 1404 1477 1473 pater

211 1521 217 1534 ·
317 1496 349 1559 in
370 1495 447 1569 filio,
468 1513 530 1557 non
550 1492 633 1568 visu,
655 1494 707 1556 sed
731 1512 822 1557 sensu
843 1493 1005 1556 videbatur.

186 1619 309 1677 capus,
401 1596 475 1659 Post
493 1595 660 1675 Philippum
683 1604 713 1657 et
731 1604 822 1657 totam
845 1595 1038 1658 substantiam
1068 1594 1251 1675 quaestionis
1283 1594 1374 1656 istius
1409 1614 1477 1676 qum

318 1699 460 1763 induem
482 1696 640 1777 evangelii,
669 1697 890 1778 ¹persererant·
919 1697 949 1759 in
972 1696 1076 1758 eodem
1098 1715 1205 1776 genere
1228 1696 1396 1772 sermonis,
1424 1716 1477 1777 quo

180 1816 307 1870 returns.
319 1808 404 1882 pater
426 1808 455 1861 et
474 1798 552 1861 lilius
574 1798 604 1859 in
619 1816 672 1860 sua
685 1797 865 1877 proprietate
878 1798 1127 1877 'distinguuntun
1160 1798 1342 1860 Paracletum
1365 1817 1478 1878 quoque

319 1921 335 1964 a
356 1910 439 1982 patre
461 1918 495 1961 se
514 1898 748 1980 postulatarum,
770 1917 837 1961 cum
859 1900 1042 1962 ascendisset
1062 1899 1098 1961 ad
1117 1908 1246 1979 patrem,
1270 1907 1299 1960 et
1320 1900 1478 1961 missurum

204 1984 222 2039 ⁵·
319 2000 505 2083 repromittit,
527 2000 686 2080 etquidem
707 2000 804 2063 aliurn.
833 2001 891 2063 Sed
905 2000 962 2063 iam
977 2000 1184 2080 praemisimus
1198 2002 1350 2081 quomodo
1362 2001 1478 2063 aliumi.

208 2085 473 2209 ffiffl'Ceterum,
506 2101 548 2163 lte
569 2119 636 2162 meo
659 2109 772 2175 sumet,
802 2101 911 2181 inquit,
939 2103 1015 2164 sicut
1043 2103 1107 2181 ipse
1135 2102 1171 2163 de
1193 2102 1296 2181 patris.
1340 2102 1385 2163 lta
1408 2121 1477 2164 con·

319 2223 412 2268 nexus
441 2202 533 2284 patris
560 2203 591 2264 in
618 2202 679 2264 lilio
707 2211 737 2264 et
763 2202 815 2265 tilii
843 2204 874 2265 in
900 2205 1048 2283 paracleto
1078 2212 1139 2264 tres
1162 2203 1250 2264 efficit
1272 2204 1477 2273 cohaerentes,

307 2305 442 2369 ¹alterurn
471 2323 506 2366 ex
534 2304 637 2365 altero.
691 2303 749 2377 Qui
781 2311 843 2365 tres
872 2322 962 2366 unum
992 2314 1077 2376 sunt,
1113 2322 1173 2365 non
1202 2323 1295 2380 unus,
1330 2305 1477 2385 quomodo

207 2408 430 2478 rcnmdietum
458 2413 520 2479 est,
550 2405 613 2485 Ego
641 2413 671 2466 et
691 2412 774 2485 pater
800 2423 891 2467 unum
912 2424 1031 2479 sumus,
1060 2405 1095 2467 ad
1125 2406 1308 2467 substantiae
1329 2408 1479 2482 unitatem,

318 2527 380 2572 non
401 2507 437 2569 ad
459 2506 573 2568 numeri
596 2506 837 2586 singularitatem.
880 2508 1024 2569 Percurre
1045 2507 1154 2580 adhuc,
1184 2519 1213 2568 et
1240 2506 1376 2569 invenies
1400 2525 1478 2588 quen

203 2617 433 2690 omnipatrem
448 2607 552 2669 eredis
584 2607 659 2681 (vice
685 2608 777 2688 patris
804 2607 914 2670 dictum
943 2618 973 2670 et
998 2618 1111 2687 patrem
1133 2608 1290 2688 agricolam
1311 2607 1432 2689 'utique
1452 2610 1479 2670 in

320 2717 397 2773 term
418 2717 451 2771 to
471 2715 557 2786 putus
580 2707 701 2784 luisse),
724 2709 802 2771 hunc
822 2714 946 2771 rursus⁰
967 2710 997 2769 in
1019 2709 1107 2796 caelis
1130 2728 1145 2770 a
1168 2710 1227 2770 filio
1250 2709 1389 2790 agnosci,
1417 2728 1477 2771 cum

170 2809 389 2882 1⁰.xrn,u.illuc
408 2809 570 2889 respiciens
592 2808 753 2890 discipulos
777 2828 849 2872 suos
871 2811 945 2891 patri
966 2810 1110 2871 ‘tradidit
1165 2810 1224 2899 Sed
1253 2819 1282 2872 et
1310 2810 1338 2871 si
1368 2812 1398 2871 in
1426 2811 1478 2871 isto

222 2914 296 2959 ³⁸¹¹!-
321 2911 471 2991 euangeliu
493 2929 554 2972 non
574 2911 638 2974 'est
658 2911 832 2985 revelatum,
855 2912 934 2981 lieus
949 2930 1049 2983 meus,
1073 2912 1108 2973 ad
1130 2912 1199 2992 quid
1214 2931 1261 2974 me
1276 2910 1480 2992 dereliquisti?

196 2965 312 3020 mum.

197 3018 300 3121 wippo
323 3021 368 3086 et,
394 3012 497 3084 Pater,
526 3011 556 3072 in
583 3011 642 3073 tuis
670 3011 805 3073 manibus
834 3012 950 3092 depono
978 3014 1113 3093 spiritum
1142 3032 1256 3085 meum,
1286 3023 1387 3079 tamen
1415 3022 1480 3095 post

321 3113 568 3176 resurrectionem
591 3119 619 3174 et
632 3112 787 3175 ²‘tierictae
808 3113 930 3193 gloriam
957 3115 1079 3188 mortis,
1113 3115 1243 3194 exposita
1264 3114 1480 3177 'necessitate‘

207 3210 209 3215 ’
321 3214 419 3277 omnis
441 3213 627 3288 humilitatis,
661 3233 726 3276 cum
748 3215 805 3276 iam
827 3223 941 3295 patrem
963 3234 995 3277 se
1018 3224 1122 3295 posset
1143 3217 1300 3277 ostendere
1323 3226 1384 3279 tam
1406 3216 1479 3279 fideli

320 3316 461 3390 feminae,
483 3334 519 3377 ex
540 3315 711 3389 dilectione,
733 3333 793 3377 non
816 3335 851 3378 ex
873 3317 1044 3379 curiositate
1060 3336 1115 3378 nec
1129 3336 1162 3377 ex
1179 3317 1384 3381 incredulitate
1399 3319 1479 3380 'lho-

188 3436 401 3493 remnmae,
423 3426 543 3497 tangere
565 3434 631 3479 eum
654 3417 827 3497 adgressae,
859 3418 917 3491 Ne,
939 3418 1048 3497 inquit,
1080 3418 1236 3497 contigeris
1258 3437 1322 3492 me,
1351 3421 1479 3482 nondun

220 3548 222 3552 ·
320 3520 441 3582 ascendi
461 3518 497 3581 ad
511 3526 631 3598 'patrem
654 3537 766 3591 meum,
789 3518 862 3580 vade
884 3528 979 3580 autem
1002 3520 1036 3580 ad
1060 3521 1165 3581 iratres
1189 3539 1271 3581 meos
1287 3520 1394 3601 (⁸quin
1411 3522 1479 3584 etin

321 3622 378 3683 hoc
398 3622 489 3684 lilium
511 3620 667 3693 ostendit⁶,
690 3618 767 3680 lilios
790 3619 868 3680 enirn
890 3621 1069 3699 appellasset
1090 3621 1172 3694 illos,
1202 3621 1227 3681 si
1249 3630 1333 3700 pater
1358 3624 1479 3699 luisset),

321 3730 351 3782 et
371 3723 451 3783 dices
474 3720 533 3793 eis,
562 3720 697 3783 Ascendo
720 3721 754 3783 ad
777 3729 891 3800 patrem
912 3738 1010 3782 meum
1033 3730 1062 3782 et
1082 3731 1196 3802 patrem
1218 3732 1368 3798 vestrum,
1396 3725 1479 3786 deun

320 3839 418 3883 meum
440 3829 469 3882 et
490 3819 578 3881 deum
598 3830 739 3882 vestrum.
782 3822 868 3883 Pater
889 3821 924 3882 ad
946 3831 1075 3901 patrem,
1099 3832 1128 3885 et
1148 3824 1221 3885 deus
1244 3824 1280 3884 ad
1302 3824 1421 3888 deum?
1447 3844 1479 3887 an

389 3974 446 4036 Cap.
465 3971 529 4021 XXV.
573 3971 594 4020 l.
613 3982 749 4037 perseverat
767 3976 878 4026 luticios.
940 3974 963 4025 2.
988 3976 1148 4038 distinguntur
1172 3979 1203 4038 d.,
1223 3979 1374 4029 confutatio
1394 3980 1480 4030 Ursino.

322 4039 473 4101 distinguitur
488 4037 574 4090 tuate.
593 4040 656 4090 leid.
716 4041 739 4093 3.
759 4045 791 4092 uti
810 4038 880 4107 qu'sru
899 4044 953 4092 edit.
971 4045 1088 4108 leopoldi·
1130 4054 1151 4094 et
1176 4059 1245 4108 quern
1270 4046 1307 4094 Fr.
1325 4048 1416 4097 lunius.
1459 4048 1478 4094 l.

322 4106 393 4157 trudit
410 4114 441 4169 d.,
461 4123 510 4157 cum
519 4107 599 4158 Fuluio
610 4108 700 4160 Uenus
740 4110 763 4158 5.
783 4119 848 4160 meet
865 4113 897 4172 d,
916 4126 966 4161 cum
978 4113 1058 4162 fulcio
1070 4113 1159 4162 Ursino.
1201 4112 1224 4161 6.
1243 4113 1351 4164 devictae
1370 4116 1446 4177 gloria
1458 4114 1479 4163 d.

322 4174 409 4224 deuicta
428 4174 502 4237 gloria
520 4176 545 4225 l.
564 4177 627 4227 leid.
679 4177 703 4226 l.
722 4179 888 4228 necessitatem
908 4179 932 4227 ll.
978 4179 1000 4229 8.
1020 4183 1075 4243 quin
1095 4189 1118 4228 et
1136 4183 1157 4228 in
1176 4181 1223 4228 hoc
1239 4195 1266 4228 se
1285 4181 1363 4231 filiurn
1383 4185 1416 4244 d.,
1435 4199 1479 4233 ran

322 4242 400 4292 lulum
418 4244 508 4294 llraino.
543 4246 598 4310 quia
616 4253 639 4295 et
656 4247 690 4305 (et
707 4247 792 4306 omni.)
811 4248 834 4295 in
853 4247 899 4296 hoc
916 4246 989 4298 llliurn
1008 4248 1093 4298 Adule.
1112 4249 1175 4296 leid.

356 4377 412 4442 Cap.
430 4380 495 4429 XXV.
535 4395 554 4428 a.
573 4375 738 4446 perseverant]
761 4381 793 4429 Ea
812 4395 872 4444 quae
957 4383 979 4433 d.
999 4385 1105 4446 suposita
1131 4378 1284 4448 netessitate]
1310 4385 1435 4449 Exposita,
1459 4383 1478 4431 id

321 4444 375 4494 inde
388 4454 528 4509 sequnntur,
547 4447 653 4511 usquein
666 4448 736 4496 linem
750 4448 873 4509 euangelii,
923 4459 959 4500 est
982 4451 1097 4513 deposita.
1144 4452 1179 4499 ct.
1204 4452 1257 4500 tdv.
1277 4453 1369 4502 latent.
1396 4452 1477 4517 capl-

321 4524 473 4577 persererant
496 4515 519 4563 in
538 4516 622 4564 eodem
641 4530 728 4576 genera
745 4519 871 4567 sermonis.
923 4517 956 4567 lle
976 4519 1071 4567 lissum.
1091 4520 1175 4568 Carnis
1193 4535 1244 4581 cop.
1257 4519 1298 4568 lu.
1318 4529 1342 4570 et
1362 4521 1465 4585 capti.

353 4580 377 4628 b.
403 4581 450 4630 Sed
477 4583 523 4631 iam
556 4584 722 4646 praemisimus
751 4584 872 4646 quomodo
957 4600 977 4635 e.
997 4587 1084 4636 inhoc
1103 4589 1175 4635 lilium
1201 4585 1317 4649 ostendit}
1345 4589 1425 4639 lloleri
1443 4604 1477 4637 ro·

322 4646 414 4711 alium}
433 4649 468 4698 (ll.
488 4664 559 4712 supra
579 4650 678 4711 capld.
923 4652 999 4702 culum
1018 4671 1050 4713 sc,
1079 4655 1226 4717 septimiano
1246 4657 1343 4718 quidem
1363 4658 1422 4706 stilo
1440 4658 1478 4706 nti·

355 4732 375 4765 c.
394 4719 456 4766 hrrnc
474 4713 568 4781 rursus]
586 4717 680 4777 Vulgata
699 4719 818 4768 distinctio
836 4726 873 4768 est
922 4723 985 4769 nime
1010 4729 1177 4771 necessariam.
1228 4726 1263 4771 tl,
1287 4740 1351 4787 quise
1375 4723 1478 4775 aunum

321 4792 429 4847 „patrem
448 4785 535 4844 eredis,
553 4788 602 4834 viee
620 4787 694 4847 putris
712 4787 807 4836 dictum.
845 4787 872 4836 Et
923 4789 952 4838 ad
976 4789 1009 4839 Dc
1036 4790 1094 4851 l'irg.
1121 4791 1216 4840 leland.
1243 4807 1295 4856 cap.
1311 4793 1351 4843 15.
1378 4802 1403 4843 et
1429 4794 1477 4844 tdr.

319 4860 412 4915 patrem
430 4875 503 4888 --
522 4851 604 4902 luisse.
628 4854 805 4919 llunerursns“
817 4846 871 4906 celt.
923 4857 993 4909 llarc.
1004 4858 1051 4920 ll,
1061 4858 1123 4921 26„
1446 4850 1456 4871 ⁸
