3242 5775
326 551 334 580 t

579 633 725 676 ruvereus
747 633 922 677 neecroserr
943 637 1001 679 cro.
1017 638 1049 682 u.
1368 636 1409 700 87
1475 609 1479 616 ⁴

178 786 194 827 '⁸
256 782 290 846 to
305 782 481 864 mtebegendi
505 782 634 862 qualiter
654 801 786 862 sequens
807 802 909 845 rerum
931 786 1080 849 ordinatio
1102 792 1240 854 evaserit.
1277 797 1410 863 Possunt

178 891 194 929 ἱ
251 895 326 948 ortem
344 883 480 965 discipuli
502 884 664 946 Marcionis
684 894 936 964 recognoscentes
958 886 1122 951 bonitatem
1155 893 1202 953 dei
1232 900 1329 959 nostri
1358 893 1406 962 di-

178 989 186 1029 i
243 1004 316 1067 gnam
334 1005 451 1067 quoque
474 985 533 1047 deo
554 1003 719 1063 agnoscere
736 1004 795 1065 per
810 987 934 1048 eosdem
957 988 1058 1050 titulos
1080 1009 1135 1070 per
1156 1012 1233 1072 quos
1255 996 1406 1077 indignam

240 1089 409 1149 munus
431 1089 464 1150 in
492 1088 551 1149 dec
580 1086 708 1147 illorum.
757 1087 820 1148 lam
848 1086 907 1148 hoc
935 1088 1064 1167 ¹ipsum,
1097 1094 1177 1171 quod
1207 1099 1331 1159 materia
1360 1112 1408 1163 est

229 1189 381 1267 agnitionis
412 1207 503 1261 suae,
537 1206 598 1248 nou
627 1187 704 1266 apud
737 1186 826 1248 alium
856 1189 983 1262 invenit,
1017 1191 1070 1251 sed
1099 1192 1135 1253 de
1164 1212 1221 1256 suo
1244 1197 1302 1258 sibi
1324 1201 1404 1261 iecit.

223 1289 314 1352 Prima
339 1289 471 1369 denique
494 1289 611 1351 bonitas
633 1289 794 1361 creatoris,
823 1307 880 1367 quta
909 1308 942 1351 se
971 1291 1045 1352 deus
1073 1293 1170 1355 notuit
1197 1295 1228 1355 in
1247 1305 1404 1361 aeternum

219 1390 324 1464 bitu-e,
349 1391 380 1451 id
404 1401 470 1463 est,
492 1409 553 1451 oon
577 1409 645 1452 esse
666 1390 777 1469 aliquid
800 1391 846 1451 cui
863 1390 937 1452 deus
952 1401 1194 1470 cognosceretur.
1229 1396 1308 1467 Quid
1323 1400 1404 1460 enim

220 1502 273 1554 tam
295 1494 418 1553 bonum
439 1510 528 1571 quam
550 1491 653 1553 notitia
676 1501 707 1553 et
728 1492 842 1552 tructus
864 1491 937 1552 deit
978 1491 1051 1552 Nam
1073 1494 1131 1554 etsi
1153 1496 1286 1556 nondum
1309 1516 1402 1577 appa-

214 1593 298 1655 rebat
321 1594 384 1653 boc
407 1592 522 1654 bouum
543 1611 627 1665 esse,
659 1593 728 1672 quia
750 1592 884 1652 nondum
906 1600 969 1652 erat
989 1593 1144 1671 quicquam
1167 1595 1214 1656 cui
1236 1608 1402 1677 appareret,

214 1695 267 1756 red
289 1694 373 1755 &us
396 1694 587 1772 praesciebat
608 1694 677 1772 quid
700 1694 771 1753 boni
794 1692 997 1772 appariturum
1020 1701 1117 1766 esset,
1141 1702 1171 1755 et
1185 1695 1253 1756 ideo
1269 1697 1300 1757 in
1317 1715 1402 1759 suam

214 1813 367 1857 ammam
392 1793 544 1856 commisit
565 1792 756 1866 bonitatem,
785 1793 947 1872 apparituri
976 1793 1047 1853 boni
1068 1794 1308 1871 negotiatricem,
1341 1815 1402 1858 non

214 1898 319 1975 atique
344 1894 537 1974 repentinam
560 1912 617 1955 nec
631 1893 813 1954 obventiciae
829 1893 971 1954 bonitatis
985 1912 1043 1955 nec
1056 1895 1271 1972 provocaticiae
1287 1897 1401 1957 anima-

215 1997 325 2064 u'oois.
350 1997 440 2075 quasi
453 1994 570 2054 ‘exinde
590 1994 768 2056 censendam
792 2013 851 2073 quo
875 1996 973 2074 coepit
996 1994 1123 2073 operari.
1160 1995 1192 2055 Si
1214 1996 1292 2056 enim
1318 1995 1403 2075 ’ipsa
1473 2061 1476 2066 ,

215 2097 371 2160 constituit
406 2095 525 2156 initium
558 2095 663 2157 exinde
691 2114 751 2174 quo
779 2096 877 2174 coepit
906 2095 1040 2175 operari,
1072 2114 1133 2155 non
1162 2095 1264 2157 babuit
1284 2096 1401 2159 initium

217 2199 281 2280 'pa
309 2217 381 2259 urm
411 2197 491 2258 tecit.
547 2195 635 2256 Initio
664 2206 763 2258 antem
791 2198 868 2258 tecto
897 2197 933 2257 ab
963 2216 996 2257 ea
1025 2196 1113 2256 etiam
1136 2196 1212 2256 ratio
1235 2205 1402 2275 temporum

218 2307 285 2362 uta
306 2307 373 2371 est,
397 2306 503 2377 utpote
525 2296 634 2375 quibus
656 2297 871 2375 distinguendis
888 2306 917 2357 et
931 2296 1071 2358 notandis
1091 2296 1190 2357 sidera
1206 2305 1235 2356 et
1248 2295 1404 2357 luminaria

222 2400 359 2462 fidutia
381 2398 531 2477 disposita
553 2406 633 2458 suut.
678 2398 772 2459 Erunt
794 2398 889 2470 enim,
911 2397 1024 2476 inquit,
1055 2397 1086 2458 in
1108 2405 1242 2475 tempora
1265 2403 1296 2456 et
1316 2414 1402 2456 mon·
1417 2415 1529 2471 centra

226 2519 271 2563 oco
291 2510 324 2562 et
346 2516 461 2563 annos,
511 2498 591 2577 Ergo
613 2517 668 2559 nec
690 2508 806 2577 tempus
834 2497 937 2558 babuit
963 2505 1031 2559 aute
1066 2508 1184 2577 tempus
1216 2496 1307 2575 ³quoe
1337 2497 1405 2558 iecit

229 2611 359 2681 tempus,
395 2601 477 2660 sicut
502 2616 558 2659 nec
586 2599 699 2660 initium
728 2607 796 2660 ante
824 2599 940 2660 initium
972 2599 1065 2677 ‘quae
1092 2599 1248 2660 constituit
1274 2598 1403 2660 initium.

228 2702 316 2781 &tegre
339 2702 379 2762 ita
403 2718 510 2777 carens
534 2707 564 2760 et
579 2699 683 2760 ordine
705 2700 781 2761 initii
803 2708 833 2761 et
854 2700 944 2760 modo
965 2699 1109 2777 temporis
1138 2699 1175 2759 de
1201 2700 1347 2761 immensa
1374 2686 1406 2760 et

178 2867 179 2874 ,
231 2802 438 2864 interminabili
459 2808 555 2862 aetate
578 2801 761 2872 censebitur,
784 2819 841 2861 nec
861 2800 971 2879 poterit
992 2801 1147 2879 repentina
1169 2800 1217 2860 vel
1239 2800 1405 2860 obventicia

178 2970 180 2997 ἱ
232 2912 260 2965 et
277 2903 476 2985 provocaticia
506 2903 655 2981 reputari,
688 2921 749 2963 non
778 2901 891 2962 babens
919 2902 998 2962 unde
1026 2909 1194 2979 reputetur,
1228 2901 1257 2961 id
1280 2910 1328 2961 est
1349 2900 1403 2962 ali·
1451 2960 1454 2965 .

178 3006 179 3017 ¹
224 3023 312 3083 ¹qoam
341 3004 488 3082 temporis
516 3006 663 3082 speciem,
701 3004 753 3063 sed
777 3004 825 3063 ⁵et
852 3011 971 3062 aeterna
999 3010 1028 3062 et
1050 3003 1106 3062 deo
1130 3002 1259 3080 ingenita
1283 3010 1312 3062 et
1333 3019 1403 3079 per-

235 3116 314 3185 petua
337 3105 555 3184 praesumenda
586 3123 621 3163 ac
641 3121 693 3181 per
715 3104 774 3164 hoc
801 3104 857 3164 deo
886 3104 988 3180 digna,
1024 3102 1220 3163 suffundensb
1250 3104 1308 3162 iam
1336 3103 1406 3162 hinc

236 3205 391 3267 bonitatem
415 3206 462 3265 dei
483 3203 661 3275 Marcionis,
688 3222 749 3264 non
772 3204 838 3265 dico
861 3203 953 3264 initiis
983 3210 1013 3262 et
1035 3202 1235 3279 temporibus,
1265 3202 1318 3261 sed
1341 3203 1405 3280 ipsa

237 3308 337 3367 nolitia
365 3307 510 3368 creatoris
543 3304 761 3384 posteriorem,
797 3306 823 3365 si
853 3314 950 3365 tarum
980 3302 1088 3362 malitia
1116 3302 1250 3379 potuita
1274 3301 1407 3362 bonitate

237 3407 400 3469 'committi

314 3509 408 3586 igitur
430 3525 495 3567 cum
517 3504 729 3584 cognoscendo
752 3506 807 3565 deo
823 3502 975 3563 hominem
993 3498 1200 3578 prospexisset
1221 3498 1339 3558 bonitas
1362 3498 1409 3559 dei
1427 3513 1481 3571 cip.
1500 3513 1529 3558 rr

238 3608 342 3687 psius,
374 3609 464 3669 etiam
486 3608 544 3667 hoc
572 3606 733 3685 praeconio
762 3625 817 3667 suo
846 3603 972 3673 addidit,
1007 3600 1085 3678 quod
1114 3597 1198 3677 prius
1228 3599 1408 3660 domicilium

241 3706 344 3769 bomini
357 3717 555 3769 commentata
571 3714 635 3778 est,
659 3707 785 3785 aliquam
800 3704 992 3785 postmodum
1009 3699 1116 3760 molent
1132 3698 1299 3771 maximam,
1321 3708 1408 3778 post·

242 3805 352 3870 nidum
374 3819 405 3870 et
427 3809 586 3880 maiorem,
625 3807 707 3867 utin
736 3825 840 3884 magna
868 3815 1005 3883 tauquam
1035 3803 1065 3862 iu
1094 3800 1211 3860 minore
1239 3798 1411 3878 proluderet

244 3920 319 3988 itque
342 3911 515 3988 proficeret,
539 3908 631 3968 etita
654 3906 792 3967 debono
816 3906 878 3978 dei,
902 3905 930 3964 id
954 3912 1001 3963 est
1016 3903 1052 3962 de
1067 3919 1189 3978 magno,
1213 3900 1411 3977 adoptimum

244 4027 353 4089 quoque
374 4011 451 4082 eius,
474 4010 504 4069 id
526 4017 574 4069 est
601 4008 637 4068 ad
660 4007 756 4067 maius
778 4004 975 4066 habitaculum
1003 4009 1241 4081 promoveretur.
1284 3998 1412 4060 Adhibet

245 4112 318 4188 operi
339 4111 422 4171 bono
445 4110 588 4189 optimum
604 4109 693 4169 etiam
709 4106 897 4177 ministrum,
920 4121 1090 4164 sermonem
1106 4120 1204 4162 suum.
1238 4099 1412 4171 ¹Eructarit,
1426 4121 1529 4168 mm

247 4208 348 4289 inquit,
380 4210 451 4270 'cor
479 4228 576 4269 meum
608 4225 779 4269 sermonem
807 4206 962 4286 optimum.
1012 4203 1161 4281 Agnoscat
1187 4200 1257 4261 hinc
1283 4199 1412 4277 primum

307 4363 364 4439 dap.
382 4362 426 4411 111.
462 4361 484 4410 1.
502 4363 555 4425 ipso
574 4361 637 4411 rur.
678 4360 701 4410 2.
720 4360 773 4422 ipsa
792 4359 1076 4437 Abodi'oticoottsunua.
1112 4354 1234 4416 ipseGob.
1277 4350 1302 4401 3.
1320 4351 1413 4414 quito.

253 4426 421 4560 tegmem
435 4428 656 4561 ¹¹,¹1flerirwgitanui‘tcut.
689 4427 893 4544 eiftrtilrmiiieeiir
901 4425 1011 4541 szibum
1030 4500 1168 4538 sermonem
1187 4486 1248 4536 ABG.

283 4628 339 4691 co.
363 4630 405 4678 111.
456 4645 478 4679 a.
506 4630 627 4679 commisit
657 4624 801 4691 bonitatem]
855 4625 924 4675 deus.
948 4622 1096 4687 Saepissime
1110 4620 1208 4671 verbum
1220 4619 1352 4682 suffundere
1371 4615 1416 4663 bao

263 4694 371 4754 tuan
390 4699 483 4745 bocest
499 4699 616 4760 reposuit,
634 4705 802 4761 temporeouo
855 4692 1029 4754 significatione
1053 4689 1159 4739 occurrit
1185 4688 1209 4736 iu
1234 4685 1301 4734 libris
1320 4680 1416 4731 Tortut·

265 4762 340 4810 ratur
357 4765 518 4824 promendum.
537 4766 645 4826 (Rigalt)
856 4760 921 4809 tiani.
963 4760 998 4809 Ct.
1022 4772 1084 4821 qnae
1107 4754 1226 4818 adscripsi
1252 4748 1362 4812 exempta
1386 4744 1417 4795 ad

291 4830 312 4875 b
327 4829 477 4894 subradens]
494 4831 518 4882 ld
533 4841 569 4883 eet
586 4831 682 4896 pudore
699 4832 803 4883 moinu—
856 4828 979 4891 Scorpiac.
998 4840 1050 4891 cap.
1064 4824 1103 4873 to.
