<?xml version="1.0" encoding="UTF-8"?>
<!DOCTYPE html PUBLIC "-//W3C//DTD XHTML 1.0 Transitional//EN"
    "http://www.w3.org/TR/xhtml1/DTD/xhtml1-transitional.dtd">
<html xmlns="http://www.w3.org/1999/xhtml" xml:lang="en" lang="en">
 <head>
  <title>
</title>
<meta http-equiv="Content-Type" content="text/html;charset=utf-8" />
  <meta name='ocr-system' content='tesseract 3.04.00' />
  <meta name='ocr-capabilities' content='ocr_page ocr_carea ocr_par ocr_line ocrx_word'/>
</head>
<body>
  <div class='ocr_page' id='page_1' title='image "./quaesupersuntom00oehlgoog_0604.png"; bbox 0 0 3242 5775; ppageno 0'>
   <div class='ocr_carea' id='block_1_1' title="bbox 317 647 1241 712">
    <p class='ocr_par' dir='ltr' id='par_1_1' title="bbox 317 647 1241 712">
     <span class='ocr_line' id='line_1_1' title="bbox 317 647 1241 712; baseline -0.012 -2"><span class='ocrx_word' id='word_1_1' title='bbox 317 647 379 710; x_wconf 78' lang='lat'>590</span> <span class='ocrx_word' id='word_1_2' title='bbox 574 660 677 712; x_wconf 82' lang='lat' dir='ltr'>onrnrr</span> <span class='ocrx_word' id='word_1_3' title='bbox 700 658 832 702; x_wconf 84' lang='lat' dir='ltr'>serrnur</span> <span class='ocrx_word' id='word_1_4' title='bbox 853 657 1018 700; x_wconf 82' lang='lat' dir='ltr'>rnnnnurrs</span> <span class='ocrx_word' id='word_1_5' title='bbox 1042 656 1241 701; x_wconf 79' lang='lat' dir='ltr'>rsnrnncrrrrr</span> 
     </span>
    </p>
   </div>
   <div class='ocr_carea' id='block_1_2' title="bbox 165 805 1515 4020">
    <p class='ocr_par' dir='ltr' id='par_1_2' title="bbox 165 805 1515 4020">
     <span class='ocr_line' id='line_1_2' title="bbox 190 805 1477 915; baseline -0.006 -42"><span class='ocrx_word' id='word_1_6' title='bbox 190 808 295 915; x_wconf 55' lang='lat' dir='ltr'>„¹¹¹ng</span> <span class='ocrx_word' id='word_1_7' title='bbox 317 812 396 890; x_wconf 77' lang='lat' dir='ltr'>Ergo</span> <span class='ocrx_word' id='word_1_8' title='bbox 420 810 446 871; x_wconf 92' lang='lat' dir='ltr'>si</span> <span class='ocrx_word' id='word_1_9' title='bbox 469 809 507 870; x_wconf 81' lang='lat' dir='ltr'>ila</span> <span class='ocrx_word' id='word_1_10' title='bbox 531 817 593 881; x_wconf 89' lang='lat' dir='ltr'>est,</span> <span class='ocrx_word' id='word_1_11' title='bbox 616 826 711 886; x_wconf 90' lang='lat' dir='ltr'>neque</span> <span class='ocrx_word' id='word_1_12' title='bbox 734 809 771 868; x_wconf 92' lang='lat' dir='ltr'>de</span> <span class='ocrx_word' id='word_1_13' title='bbox 792 806 938 887; x_wconf 91' lang='lat' dir='ltr'>lapidibus</span> <span class='ocrx_word' id='word_1_14' title='bbox 951 806 1039 867; x_wconf 82' lang='lat' dir='ltr'>¹lilios</span> <span class='ocrx_word' id='word_1_15' title='bbox 1058 805 1193 868; x_wconf 78' lang='lat' dir='ltr'>nonnae</span> <span class='ocrx_word' id='word_1_16' title='bbox 1215 806 1365 868; x_wconf 86' lang='lat' dir='ltr'>suscitare</span> <span class='ocrx_word' id='word_1_17' title='bbox 1383 805 1477 887; x_wconf 88' lang='lat' dir='ltr'>poterit</span> 
     </span>
     <span class='ocr_line' id='line_1_3' title="bbox 220 889 1476 989; baseline -0.005 -15"><span class='ocrx_word' id='word_1_18' title='bbox 220 891 227 912; x_wconf 71' lang='lat'><strong><em>⁹</em></strong></span> <span class='ocrx_word' id='word_1_19' title='bbox 297 889 407 982; x_wconf 71' lang='lat' dir='ltr'>deus,</span> <span class='ocrx_word' id='word_1_20' title='bbox 429 929 485 972; x_wconf 88' lang='lat' dir='ltr'>nec</span> <span class='ocrx_word' id='word_1_21' title='bbox 506 909 653 988; x_wconf 78' lang='lat' dir='ltr'>genimina</span> <span class='ocrx_word' id='word_1_22' title='bbox 675 910 842 989; x_wconf 78' lang='lat' dir='ltr'><strong>viperarum</strong></span> <span class='ocrx_word' id='word_1_23' title='bbox 866 910 962 970; x_wconf 88' lang='lat' dir='ltr'>lacere</span> <span class='ocrx_word' id='word_1_24' title='bbox 983 906 1182 986; x_wconf 87' lang='lat' dir='ltr'>paenitentiae</span> <span class='ocrx_word' id='word_1_25' title='bbox 1197 908 1324 969; x_wconf 80' lang='lat' dir='ltr'>fructus.</span> <span class='ocrx_word' id='word_1_26' title='bbox 1359 907 1476 969; x_wconf 79' lang='lat' dir='ltr'>Elem·</span> 
     </span>
     <span class='ocr_line' id='line_1_4' title="bbox 190 1007 1476 1106; baseline -0.004 -33"><span class='ocrx_word' id='word_1_27' title='bbox 190 1012 301 1106; x_wconf 62' lang='lat' dir='ltr'>Eup-pt·</span> <span class='ocrx_word' id='word_1_28' title='bbox 315 1014 358 1073; x_wconf 90' lang='lat' dir='ltr'>vit</span> <span class='ocrx_word' id='word_1_29' title='bbox 378 1011 533 1091; x_wconf 87' lang='lat' dir='ltr'>apostolus</span> <span class='ocrx_word' id='word_1_30' title='bbox 556 1009 705 1072; x_wconf 89' lang='lat' dir='ltr'>scribens:</span> <span class='ocrx_word' id='word_1_31' title='bbox 729 1008 826 1070; x_wconf 86' lang='lat' dir='ltr'>Eratis</span> <span class='ocrx_word' id='word_1_32' title='bbox 849 1018 879 1069; x_wconf 87' lang='lat' dir='ltr'>et</span> <span class='ocrx_word' id='word_1_33' title='bbox 901 1028 953 1070; x_wconf 90' lang='lat' dir='ltr'>vos</span> <span class='ocrx_word' id='word_1_34' title='bbox 976 1008 1132 1087; x_wconf 87' lang='lat' dir='ltr'>aliqnando</span> <span class='ocrx_word' id='word_1_35' title='bbox 1156 1007 1313 1079; x_wconf 79' lang='lat' dir='ltr'>tenebrae,</span> <span class='ocrx_word' id='word_1_36' title='bbox 1337 1015 1368 1069; x_wconf 86' lang='lat' dir='ltr'>et</span> <span class='ocrx_word' id='word_1_37' title='bbox 1383 1007 1476 1068; x_wconf 83' lang='lat' dir='ltr'>luimus</span> 
     </span>
     <span class='ocr_line' id='line_1_5' title="bbox 165 1093 1478 1191; baseline -0.004 -16"><span class='ocrx_word' id='word_1_38' title='bbox 165 1093 346 1176; x_wconf 52' lang='lat' dir='ltr'>nontin„</span> <span class='ocrx_word' id='word_1_39' title='bbox 368 1132 425 1174; x_wconf 91' lang='lat' dir='ltr'>nos</span> <span class='ocrx_word' id='word_1_40' title='bbox 447 1111 604 1191; x_wconf 87' lang='lat' dir='ltr'>aliquando</span> <span class='ocrx_word' id='word_1_41' title='bbox 627 1119 730 1172; x_wconf 88' lang='lat' dir='ltr'>natura</span> <span class='ocrx_word' id='word_1_42' title='bbox 752 1110 803 1170; x_wconf 89' lang='lat' dir='ltr'>lilii</span> <span class='ocrx_word' id='word_1_43' title='bbox 827 1110 906 1182; x_wconf 80' lang='lat' dir='ltr'>irae,</span> <span class='ocrx_word' id='word_1_44' title='bbox 930 1117 960 1170; x_wconf 88' lang='lat' dir='ltr'>et</span> <span class='ocrx_word' id='word_1_45' title='bbox 982 1108 1011 1170; x_wconf 93' lang='lat' dir='ltr'>in</span> <span class='ocrx_word' id='word_1_46' title='bbox 1034 1108 1082 1169; x_wconf 90' lang='lat' dir='ltr'>bis</span> <span class='ocrx_word' id='word_1_47' title='bbox 1097 1127 1152 1169; x_wconf 87' lang='lat' dir='ltr'>vos</span> <span class='ocrx_word' id='word_1_48' title='bbox 1167 1126 1287 1188; x_wconf 82' lang='lat' dir='ltr'>quoque</span> <span class='ocrx_word' id='word_1_49' title='bbox 1302 1108 1414 1182; x_wconf 78' lang='lat' dir='ltr'>fuistis,</span> <span class='ocrx_word' id='word_1_50' title='bbox 1434 1107 1478 1170; x_wconf 83' lang='lat' dir='ltr'>sed</span> 
     </span>
     <span class='ocr_line' id='line_1_6' title="bbox 316 1208 1478 1290; baseline -0.006 -14"><span class='ocrx_word' id='word_1_51' title='bbox 316 1214 406 1277; x_wconf 78' lang='lat' dir='ltr'>abluti</span> <span class='ocrx_word' id='word_1_52' title='bbox 430 1213 514 1275; x_wconf 88' lang='lat' dir='ltr'>estis.</span> <span class='ocrx_word' id='word_1_53' title='bbox 552 1212 610 1272; x_wconf 89' lang='lat' dir='ltr'>Sed</span> <span class='ocrx_word' id='word_1_54' title='bbox 634 1211 811 1290; x_wconf 68' lang='lat' dir='ltr'>¹*nunquam</span> <span class='ocrx_word' id='word_1_55' title='bbox 835 1209 1046 1271; x_wconf 88' lang='lat' dir='ltr'>discordabunt</span> <span class='ocrx_word' id='word_1_56' title='bbox 1068 1210 1235 1272; x_wconf 87' lang='lat' dir='ltr'>sententiae</span> <span class='ocrx_word' id='word_1_57' title='bbox 1257 1217 1387 1271; x_wconf 75' lang='lat' dir='ltr'>saneim.</span> <span class='ocrx_word' id='word_1_58' title='bbox 1422 1208 1478 1270; x_wconf 87' lang='lat' dir='ltr'>llor</span> 
     </span>
     <span class='ocr_line' id='line_1_7' title="bbox 317 1310 1478 1384; baseline -0.004 -9"><span class='ocrx_word' id='word_1_59' title='bbox 317 1313 397 1376; x_wconf 86' lang='lat' dir='ltr'>dabit</span> <span class='ocrx_word' id='word_1_60' title='bbox 419 1314 497 1374; x_wconf 90' lang='lat' dir='ltr'>enim</span> <span class='ocrx_word' id='word_1_61' title='bbox 520 1313 610 1374; x_wconf 89' lang='lat' dir='ltr'>arbor</span> <span class='ocrx_word' id='word_1_62' title='bbox 631 1313 707 1373; x_wconf 84' lang='lat' dir='ltr'>mala</span> <span class='ocrx_word' id='word_1_63' title='bbox 729 1311 828 1372; x_wconf 89' lang='lat' dir='ltr'>bonos</span> <span class='ocrx_word' id='word_1_64' title='bbox 851 1313 981 1382; x_wconf 85' lang='lat' dir='ltr'>tructus,</span> <span class='ocrx_word' id='word_1_65' title='bbox 1015 1311 1041 1371; x_wconf 92' lang='lat' dir='ltr'>si</span> <span class='ocrx_word' id='word_1_66' title='bbox 1069 1328 1131 1372; x_wconf 90' lang='lat' dir='ltr'>nou</span> <span class='ocrx_word' id='word_1_67' title='bbox 1158 1310 1324 1384; x_wconf 89' lang='lat' dir='ltr'>inseratur,</span> <span class='ocrx_word' id='word_1_68' title='bbox 1361 1319 1390 1373; x_wconf 91' lang='lat' dir='ltr'>et</span> <span class='ocrx_word' id='word_1_69' title='bbox 1411 1310 1478 1372; x_wconf 89' lang='lat' dir='ltr'>bom</span> 
     </span>
     <span class='ocr_line' id='line_1_8' title="bbox 254 1410 1477 1491; baseline -0.007 -11"><span class='ocrx_word' id='word_1_70' title='bbox 254 1473 258 1480; x_wconf 88' lang='lat'>.</span> <span class='ocrx_word' id='word_1_71' title='bbox 316 1416 410 1477; x_wconf 87' lang='lat' dir='ltr'>malos</span> <span class='ocrx_word' id='word_1_72' title='bbox 433 1414 528 1487; x_wconf 91' lang='lat' dir='ltr'>dabit,</span> <span class='ocrx_word' id='word_1_73' title='bbox 552 1413 660 1473; x_wconf 90' lang='lat' dir='ltr'>sinon</span> <span class='ocrx_word' id='word_1_74' title='bbox 683 1413 809 1474; x_wconf 87' lang='lat' dir='ltr'>colatur.</span> <span class='ocrx_word' id='word_1_75' title='bbox 846 1412 884 1473; x_wconf 87' lang='lat' dir='ltr'>Et</span> <span class='ocrx_word' id='word_1_76' title='bbox 905 1411 1020 1491; x_wconf 89' lang='lat' dir='ltr'>lapides</span> <span class='ocrx_word' id='word_1_77' title='bbox 1043 1411 1124 1472; x_wconf 73' lang='lat' dir='ltr'>¹’lilii</span> <span class='ocrx_word' id='word_1_78' title='bbox 1146 1410 1281 1473; x_wconf 76' lang='lat' dir='ltr'>Abrabae</span> <span class='ocrx_word' id='word_1_79' title='bbox 1302 1413 1390 1486; x_wconf 85' lang='lat' dir='ltr'>fient,</span> <span class='ocrx_word' id='word_1_80' title='bbox 1411 1412 1477 1473; x_wconf 92' lang='lat' dir='ltr'>siin</span> 
     </span>
     <span class='ocr_line' id='line_1_9' title="bbox 315 1512 1477 1594; baseline -0.003 -17"><span class='ocrx_word' id='word_1_81' title='bbox 315 1516 403 1577; x_wconf 87' lang='lat' dir='ltr'>fidem</span> <span class='ocrx_word' id='word_1_82' title='bbox 420 1515 553 1576; x_wconf 74' lang='lat' dir='ltr'>Abrabae</span> <span class='ocrx_word' id='word_1_83' title='bbox 577 1513 778 1574; x_wconf 84' lang='lat' dir='ltr'>¹⁸iormentur.</span> <span class='ocrx_word' id='word_1_84' title='bbox 817 1513 853 1574; x_wconf 79' lang='lat' dir='ltr'>m</span> <span class='ocrx_word' id='word_1_85' title='bbox 875 1512 1022 1592; x_wconf 78' lang='lat' dir='ltr'>genimina</span> <span class='ocrx_word' id='word_1_86' title='bbox 1044 1512 1213 1591; x_wconf 80' lang='lat' dir='ltr'>viperarum</span> <span class='ocrx_word' id='word_1_87' title='bbox 1235 1513 1364 1575; x_wconf 85' lang='lat' dir='ltr'>lructum</span> <span class='ocrx_word' id='word_1_88' title='bbox 1386 1514 1477 1594; x_wconf 87' lang='lat' dir='ltr'>paeni·</span> 
     </span>
     <span class='ocr_line' id='line_1_10' title="bbox 317 1613 1475 1693; baseline -0.003 -16"><span class='ocrx_word' id='word_1_89' title='bbox 317 1617 425 1678; x_wconf 81' lang='lat' dir='ltr'>tentiae</span> <span class='ocrx_word' id='word_1_90' title='bbox 447 1615 571 1687; x_wconf 83' lang='lat' dir='ltr'>facient,</span> <span class='ocrx_word' id='word_1_91' title='bbox 604 1614 630 1675; x_wconf 91' lang='lat' dir='ltr'>si</span> <span class='ocrx_word' id='word_1_92' title='bbox 659 1633 772 1675; x_wconf 89' lang='lat' dir='ltr'>venena</span> <span class='ocrx_word' id='word_1_93' title='bbox 801 1613 990 1692; x_wconf 82' lang='lat' dir='ltr'>malignitatis</span> <span class='ocrx_word' id='word_1_94' title='bbox 1019 1613 1203 1693; x_wconf 87' lang='lat' dir='ltr'>exspuerint.</span> <span class='ocrx_word' id='word_1_95' title='bbox 1253 1613 1334 1678; x_wconf 83' lang='lat' dir='ltr'>llaec</span> <span class='ocrx_word' id='word_1_96' title='bbox 1362 1615 1417 1677; x_wconf 90' lang='lat' dir='ltr'>erit</span> <span class='ocrx_word' id='word_1_97' title='bbox 1440 1614 1475 1673; x_wconf 88' lang='lat' dir='ltr'>ris</span> 
     </span>
     <span class='ocr_line' id='line_1_11' title="bbox 316 1714 1475 1795; baseline -0.003 -16"><span class='ocrx_word' id='word_1_98' title='bbox 316 1717 432 1779; x_wconf 87' lang='lat' dir='ltr'>divinae</span> <span class='ocrx_word' id='word_1_99' title='bbox 454 1716 581 1795; x_wconf 75' lang='lat' dir='ltr'>gratiae,</span> <span class='ocrx_word' id='word_1_100' title='bbox 604 1715 756 1794; x_wconf 89' lang='lat' dir='ltr'>potentior</span> <span class='ocrx_word' id='word_1_101' title='bbox 769 1716 872 1793; x_wconf 89' lang='lat' dir='ltr'>utique</span> <span class='ocrx_word' id='word_1_102' title='bbox 888 1724 1008 1786; x_wconf 86' lang='lat' dir='ltr'>natura,</span> <span class='ocrx_word' id='word_1_103' title='bbox 1032 1714 1145 1776; x_wconf 89' lang='lat' dir='ltr'>habens</span> <span class='ocrx_word' id='word_1_104' title='bbox 1167 1714 1310 1781; x_wconf 86' lang='lat' dir='ltr'>innubis</span> <span class='ocrx_word' id='word_1_105' title='bbox 1334 1715 1475 1778; x_wconf 89' lang='lat' dir='ltr'>subiacen-</span> 
     </span>
     <span class='ocr_line' id='line_1_12' title="bbox 317 1806 1475 1895; baseline 0.003 -15"><span class='ocrx_word' id='word_1_106' title='bbox 317 1826 375 1880; x_wconf 90' lang='lat' dir='ltr'>lern</span> <span class='ocrx_word' id='word_1_107' title='bbox 398 1817 456 1879; x_wconf 89' lang='lat' dir='ltr'>sibi</span> <span class='ocrx_word' id='word_1_108' title='bbox 478 1817 600 1878; x_wconf 90' lang='lat' dir='ltr'>liberam</span> <span class='ocrx_word' id='word_1_109' title='bbox 624 1816 764 1877; x_wconf 81' lang='lat' dir='ltr'>¹⁷arbitrii</span> <span class='ocrx_word' id='word_1_110' title='bbox 786 1823 981 1895; x_wconf 83' lang='lat' dir='ltr'>potestatem,</span> <span class='ocrx_word' id='word_1_111' title='bbox 1005 1816 1083 1895; x_wconf 88' lang='lat' dir='ltr'>quod</span> <span class='ocrx_word' id='word_1_112' title='bbox 1108 1806 1350 1892; x_wconf 58' lang='lat' dir='ltr'>&#39;&#39;eirefforineee</span> <span class='ocrx_word' id='word_1_113' title='bbox 1370 1816 1475 1884; x_wconf 82' lang='lat' dir='ltr'>didon</span> 
     </span>
     <span class='ocr_line' id='line_1_13' title="bbox 318 1916 1474 1997; baseline -0.002 -18"><span class='ocrx_word' id='word_1_114' title='bbox 318 1919 419 1997; x_wconf 67' lang='lat' dir='ltr'>&#39;&#39;qnae</span> <span class='ocrx_word' id='word_1_115' title='bbox 442 1937 507 1979; x_wconf 90' lang='lat' dir='ltr'>conr</span> <span class='ocrx_word' id='word_1_116' title='bbox 532 1918 571 1978; x_wconf 91' lang='lat' dir='ltr'>sit</span> <span class='ocrx_word' id='word_1_117' title='bbox 593 1925 622 1977; x_wconf 91' lang='lat' dir='ltr'>et</span> <span class='ocrx_word' id='word_1_118' title='bbox 644 1917 707 1995; x_wconf 87' lang='lat' dir='ltr'>ipsa</span> <span class='ocrx_word' id='word_1_119' title='bbox 731 1916 873 1977; x_wconf 83' lang='lat' dir='ltr'>naturalis</span> <span class='ocrx_word' id='word_1_120' title='bbox 895 1927 982 1995; x_wconf 83' lang='lat' dir='ltr'>atque</span> <span class='ocrx_word' id='word_1_121' title='bbox 1012 1917 1177 1991; x_wconf 89' lang='lat' dir='ltr'>mutabilis,</span> <span class='ocrx_word' id='word_1_122' title='bbox 1205 1935 1330 1997; x_wconf 85' lang='lat' dir='ltr'>quoquo</span> <span class='ocrx_word' id='word_1_123' title='bbox 1358 1917 1474 1987; x_wconf 88' lang='lat' dir='ltr'>vertitur,</span> 
     </span>
     <span class='ocr_line' id='line_1_14' title="bbox 316 2008 1474 2093; baseline -0.001 -14"><span class='ocrx_word' id='word_1_124' title='bbox 316 2018 450 2080; x_wconf 77' lang='lat' dir='ltr'>”natura</span> <span class='ocrx_word' id='word_1_125' title='bbox 465 2017 658 2079; x_wconf 89' lang='lat' dir='ltr'>convertitur.</span> <span class='ocrx_word' id='word_1_126' title='bbox 692 2018 793 2078; x_wconf 82' lang='lat' dir='ltr'>Inesse</span> <span class='ocrx_word' id='word_1_127' title='bbox 816 2026 913 2078; x_wconf 91' lang='lat' dir='ltr'>aulem</span> <span class='ocrx_word' id='word_1_128' title='bbox 936 2018 1023 2078; x_wconf 90' lang='lat' dir='ltr'>nobis</span> <span class='ocrx_word' id='word_1_129' title='bbox 1045 2016 1065 2048; x_wconf 86' lang='lat'>²¹</span> <span class='ocrx_word' id='word_1_130' title='bbox 1074 2013 1113 2079; x_wconf 84' lang='grc' dir='ltr'>τὸ</span> <span class='ocrx_word' id='word_1_131' title='bbox 1136 2008 1350 2093; x_wconf 77' lang='grc' dir='ltr'><strong><em>αὐτεξούσιον</em></strong></span> <span class='ocrx_word' id='word_1_132' title='bbox 1371 2026 1474 2080; x_wconf 78' lang='lat' dir='ltr'>nemra·</span> 
     </span>
     <span class='ocr_line' id='line_1_15' title="bbox 316 2115 1475 2197; baseline -0.002 -17"><span class='ocrx_word' id='word_1_133' title='bbox 316 2120 384 2181; x_wconf 88' lang='lat' dir='ltr'>liter</span> <span class='ocrx_word' id='word_1_134' title='bbox 404 2120 462 2181; x_wconf 91' lang='lat' dir='ltr'>iarn</span> <span class='ocrx_word' id='word_1_135' title='bbox 491 2129 521 2180; x_wconf 94' lang='lat' dir='ltr'>et</span> <span class='ocrx_word' id='word_1_136' title='bbox 542 2118 682 2179; x_wconf 86' lang='lat' dir='ltr'>Marcioni</span> <span class='ocrx_word' id='word_1_137' title='bbox 711 2118 899 2179; x_wconf 86' lang='lat' dir='ltr'>ostendimus</span> <span class='ocrx_word' id='word_1_138' title='bbox 928 2127 958 2179; x_wconf 91' lang='lat' dir='ltr'>et</span> <span class='ocrx_word' id='word_1_139' title='bbox 980 2118 1190 2197; x_wconf 65' lang='lat' dir='ltr'>Hermogenil.</span> <span class='ocrx_word' id='word_1_140' title='bbox 1235 2118 1315 2191; x_wconf 82' lang='lat' dir='ltr'>Quid</span> <span class='ocrx_word' id='word_1_141' title='bbox 1344 2115 1475 2193; x_wconf 87' lang='lat' dir='ltr'>nunc,si</span> 
     </span>
     <span class='ocr_line' id='line_1_16' title="bbox 316 2219 1476 2298; baseline -0.003 -15"><span class='ocrx_word' id='word_1_142' title='bbox 316 2228 439 2283; x_wconf 90' lang='lat' dir='ltr'>naturae</span> <span class='ocrx_word' id='word_1_143' title='bbox 461 2219 596 2282; x_wconf 89' lang='lat' dir='ltr'>condicio</span> <span class='ocrx_word' id='word_1_144' title='bbox 620 2219 665 2280; x_wconf 93' lang='lat' dir='ltr'>sic</span> <span class='ocrx_word' id='word_1_145' title='bbox 687 2219 743 2280; x_wconf 89' lang='lat' dir='ltr'>erit</span> <span class='ocrx_word' id='word_1_146' title='bbox 766 2219 949 2292; x_wconf 89' lang='lat' dir='ltr'>delinienda,</span> <span class='ocrx_word' id='word_1_147' title='bbox 972 2228 1005 2281; x_wconf 93' lang='lat' dir='ltr'>ut</span> <span class='ocrx_word' id='word_1_148' title='bbox 1027 2220 1132 2298; x_wconf 84' lang='lat' dir='ltr'>duplex</span> <span class='ocrx_word' id='word_1_149' title='bbox 1149 2220 1381 2294; x_wconf 87' lang='lat' dir='ltr'>determinetur,</span> <span class='ocrx_word' id='word_1_150' title='bbox 1401 2230 1476 2282; x_wconf 85' lang='lat' dir='ltr'>nato·</span> 
     </span>
     <span class='ocr_line' id='line_1_17' title="bbox 317 2319 1481 2401; baseline -0.002 -18"><span class='ocrx_word' id='word_1_151' title='bbox 317 2341 383 2383; x_wconf 93' lang='lat' dir='ltr'>rum</span> <span class='ocrx_word' id='word_1_152' title='bbox 406 2330 435 2383; x_wconf 95' lang='lat' dir='ltr'>et</span> <span class='ocrx_word' id='word_1_153' title='bbox 457 2322 643 2389; x_wconf 86' lang='lat' dir='ltr'>innatorum,</span> <span class='ocrx_word' id='word_1_154' title='bbox 667 2321 810 2380; x_wconf 83' lang='lat' dir='ltr'>sactorum</span> <span class='ocrx_word' id='word_1_155' title='bbox 834 2331 864 2381; x_wconf 93' lang='lat' dir='ltr'>et</span> <span class='ocrx_word' id='word_1_156' title='bbox 885 2319 1085 2381; x_wconf 74' lang='lat' dir='ltr'>infectorum?</span> <span class='ocrx_word' id='word_1_157' title='bbox 1118 2330 1206 2399; x_wconf 87' lang='lat' dir='ltr'>etque</span> <span class='ocrx_word' id='word_1_158' title='bbox 1227 2321 1267 2382; x_wconf 88' lang='lat' dir='ltr'>ita</span> <span class='ocrx_word' id='word_1_159' title='bbox 1289 2322 1368 2401; x_wconf 89' lang='lat' dir='ltr'>quod</span> <span class='ocrx_word' id='word_1_160' title='bbox 1391 2330 1481 2384; x_wconf 86' lang='lat' dir='ltr'>uatum</span> 
     </span>
     <span class='ocr_line' id='line_1_18' title="bbox 317 2416 1488 2502; baseline -0.002 -18"><span class='ocrx_word' id='word_1_161' title='bbox 317 2426 482 2502; x_wconf 82' lang='lat' dir='ltr'>lectumque</span> <span class='ocrx_word' id='word_1_162' title='bbox 504 2420 687 2494; x_wconf 87' lang='lat' dir='ltr'>constiterit,</span> <span class='ocrx_word' id='word_1_163' title='bbox 717 2420 781 2480; x_wconf 91' lang='lat' dir='ltr'>eius</span> <span class='ocrx_word' id='word_1_164' title='bbox 804 2429 907 2481; x_wconf 87' lang='lat' dir='ltr'>natura</span> <span class='ocrx_word' id='word_1_165' title='bbox 930 2423 1027 2501; x_wconf 83' lang='lat' dir='ltr'>capiet</span> <span class='ocrx_word' id='word_1_166' title='bbox 1048 2422 1295 2496; x_wconf 79' lang='lat' dir='ltr'>demutationem3</span> <span class='ocrx_word' id='word_1_167' title='bbox 1325 2431 1357 2484; x_wconf 90' lang='lat' dir='ltr'>et</span> <span class='ocrx_word' id='word_1_168' title='bbox 1377 2416 1488 2486; x_wconf 84' lang='lat' dir='ltr'>renasci</span> 
     </span>
     <span class='ocr_line' id='line_1_19' title="bbox 318 2521 1499 2602; baseline -0.002 -17"><span class='ocrx_word' id='word_1_169' title='bbox 318 2523 396 2585; x_wconf 92' lang='lat' dir='ltr'>enim</span> <span class='ocrx_word' id='word_1_170' title='bbox 419 2523 529 2602; x_wconf 88' lang='lat' dir='ltr'>poterit</span> <span class='ocrx_word' id='word_1_171' title='bbox 549 2529 579 2583; x_wconf 90' lang='lat' dir='ltr'>et</span> <span class='ocrx_word' id='word_1_172' title='bbox 600 2522 692 2584; x_wconf 82' lang='lat' dir='ltr'>refici.</span> <span class='ocrx_word' id='word_1_173' title='bbox 725 2521 860 2582; x_wconf 90' lang='lat' dir='ltr'>lunatum</span> <span class='ocrx_word' id='word_1_174' title='bbox 884 2530 981 2584; x_wconf 87' lang='lat' dir='ltr'>autem</span> <span class='ocrx_word' id='word_1_175' title='bbox 1004 2532 1035 2584; x_wconf 87' lang='lat' dir='ltr'>et</span> <span class='ocrx_word' id='word_1_176' title='bbox 1055 2523 1195 2585; x_wconf 83' lang='lat' dir='ltr'>iniectum</span> <span class='ocrx_word' id='word_1_177' title='bbox 1216 2523 1371 2587; x_wconf 82' lang='lat' dir='ltr'>immobile</span> <span class='ocrx_word' id='word_1_178' title='bbox 1393 2525 1499 2587; x_wconf 86' lang='lat' dir='ltr'>stabit-</span> 
     </span>
     <span class='ocr_line' id='line_1_20' title="bbox 319 2622 1506 2701; baseline 0.003 -16"><span class='ocrx_word' id='word_1_179' title='bbox 319 2624 405 2697; x_wconf 85' lang='lat' dir='ltr'>Quod</span> <span class='ocrx_word' id='word_1_180' title='bbox 429 2642 494 2684; x_wconf 90' lang='lat' dir='ltr'>cum</span> <span class='ocrx_word' id='word_1_181' title='bbox 518 2622 575 2683; x_wconf 90' lang='lat' dir='ltr'>soli</span> <span class='ocrx_word' id='word_1_182' title='bbox 597 2623 655 2684; x_wconf 91' lang='lat' dir='ltr'>deo</span> <span class='ocrx_word' id='word_1_183' title='bbox 678 2630 843 2701; x_wconf 90' lang='lat' dir='ltr'>competat,</span> <span class='ocrx_word' id='word_1_184' title='bbox 872 2632 904 2684; x_wconf 94' lang='lat' dir='ltr'>ot</span> <span class='ocrx_word' id='word_1_185' title='bbox 932 2622 990 2684; x_wconf 89' lang='lat' dir='ltr'>soli</span> <span class='ocrx_word' id='word_1_186' title='bbox 1017 2623 1118 2685; x_wconf 87' lang='lat' dir='ltr'>innato</span> <span class='ocrx_word' id='word_1_187' title='bbox 1145 2632 1176 2685; x_wconf 92' lang='lat' dir='ltr'>et</span> <span class='ocrx_word' id='word_1_188' title='bbox 1197 2624 1307 2687; x_wconf 86' lang='lat' dir='ltr'>inlecto</span> <span class='ocrx_word' id='word_1_189' title='bbox 1331 2635 1362 2688; x_wconf 91' lang='lat' dir='ltr'>et</span> <span class='ocrx_word' id='word_1_190' title='bbox 1382 2627 1506 2689; x_wconf 72' lang='lat' dir='ltr'>iudico</span> 
     </span>
     <span class='ocr_line' id='line_1_21' title="bbox 318 2723 1514 2797; baseline 0.005 -12"><span class='ocrx_word' id='word_1_191' title='bbox 318 2724 477 2786; x_wconf 88' lang='lat' dir='ltr'>immortali</span> <span class='ocrx_word' id='word_1_192' title='bbox 499 2723 558 2785; x_wconf 80' lang='lat' dir='ltr'>²²et</span> <span class='ocrx_word' id='word_1_193' title='bbox 578 2723 810 2797; x_wconf 78' lang='lat' dir='ltr'>inconvertibili,</span> <span class='ocrx_word' id='word_1_194' title='bbox 833 2724 1001 2786; x_wconf 89' lang='lat' dir='ltr'>absolutum</span> <span class='ocrx_word' id='word_1_195' title='bbox 1024 2732 1071 2786; x_wconf 89' lang='lat' dir='ltr'>est</span> <span class='ocrx_word' id='word_1_196' title='bbox 1093 2733 1260 2786; x_wconf 89' lang='lat' dir='ltr'>ceterorum</span> <span class='ocrx_word' id='word_1_197' title='bbox 1280 2727 1415 2790; x_wconf 89' lang='lat' dir='ltr'>omnium</span> <span class='ocrx_word' id='word_1_198' title='bbox 1435 2747 1514 2791; x_wconf 61' lang='lat' dir='ltr'>na‘</span> 
     </span>
     <span class='ocr_line' id='line_1_22' title="bbox 317 2825 1514 2906; baseline 0.002 -18"><span class='ocrx_word' id='word_1_199' title='bbox 317 2835 415 2888; x_wconf 87' lang='lat' dir='ltr'>torum</span> <span class='ocrx_word' id='word_1_200' title='bbox 438 2834 525 2906; x_wconf 87' lang='lat' dir='ltr'>atque</span> <span class='ocrx_word' id='word_1_201' title='bbox 547 2827 691 2888; x_wconf 86' lang='lat' dir='ltr'>tactorum</span> <span class='ocrx_word' id='word_1_202' title='bbox 714 2825 935 2887; x_wconf 85' lang='lat' dir='ltr'>convertibilem</span> <span class='ocrx_word' id='word_1_203' title='bbox 966 2834 996 2888; x_wconf 90' lang='lat' dir='ltr'>et</span> <span class='ocrx_word' id='word_1_204' title='bbox 1023 2826 1232 2888; x_wconf 88' lang='lat' dir='ltr'>demutabilem</span> <span class='ocrx_word' id='word_1_205' title='bbox 1255 2845 1324 2890; x_wconf 85' lang='lat' dir='ltr'>esse</span> <span class='ocrx_word' id='word_1_206' title='bbox 1346 2838 1483 2894; x_wconf 84' lang='lat' dir='ltr'>naturam</span> <span class='ocrx_word' id='word_1_207' title='bbox 1498 2860 1514 2890; x_wconf 61' lang='lat' dir='ltr'>a</span> 
     </span>
     <span class='ocr_line' id='line_1_23' title="bbox 317 2926 1487 3003; baseline 0.004 -13"><span class='ocrx_word' id='word_1_208' title='bbox 317 2937 359 3003; x_wconf 90' lang='lat' dir='ltr'>ut,</span> <span class='ocrx_word' id='word_1_209' title='bbox 383 2938 413 2990; x_wconf 93' lang='lat' dir='ltr'>et</span> <span class='ocrx_word' id='word_1_210' title='bbox 434 2928 460 2990; x_wconf 94' lang='lat' dir='ltr'>si</span> <span class='ocrx_word' id='word_1_211' title='bbox 483 2929 598 2989; x_wconf 85' lang='lat' dir='ltr'>trinitas</span> <span class='ocrx_word' id='word_1_212' title='bbox 612 2927 728 2988; x_wconf 88' lang='lat' dir='ltr'>animae</span> <span class='ocrx_word' id='word_1_213' title='bbox 743 2926 938 2988; x_wconf 84' lang='lat' dir='ltr'>adscribenda</span> <span class='ocrx_word' id='word_1_214' title='bbox 960 2936 1050 3001; x_wconf 89' lang='lat' dir='ltr'>esset,</span> <span class='ocrx_word' id='word_1_215' title='bbox 1073 2947 1108 2989; x_wconf 85' lang='lat' dir='ltr'>ex</span> <span class='ocrx_word' id='word_1_216' title='bbox 1122 2928 1286 2992; x_wconf 88' lang='lat' dir='ltr'>motatione</span> <span class='ocrx_word' id='word_1_217' title='bbox 1300 2931 1487 2994; x_wconf 78' lang='lat' dir='ltr'>accidentiae</span> 
     </span>
     <span class='ocr_line' id='line_1_24' title="bbox 317 3028 1012 3108; baseline -0.003 -17"><span class='ocrx_word' id='word_1_218' title='bbox 317 3049 378 3091; x_wconf 91' lang='lat' dir='ltr'>non</span> <span class='ocrx_word' id='word_1_219' title='bbox 401 3049 436 3091; x_wconf 84' lang='lat' dir='ltr'>ex</span> <span class='ocrx_word' id='word_1_220' title='bbox 459 3029 645 3090; x_wconf 89' lang='lat' dir='ltr'>institutione</span> <span class='ocrx_word' id='word_1_221' title='bbox 667 3037 788 3090; x_wconf 88' lang='lat' dir='ltr'>naturae</span> <span class='ocrx_word' id='word_1_222' title='bbox 812 3028 1012 3108; x_wconf 89' lang='lat' dir='ltr'>deputaretur.</span> 
     </span>
     <span class='ocr_line' id='line_1_25' title="bbox 183 3128 1514 3212; baseline 0.006 -24"><span class='ocrx_word' id='word_1_223' title='bbox 183 3143 306 3201; x_wconf 68' lang='lat' dir='ltr'>caprru.</span> <span class='ocrx_word' id='word_1_224' title='bbox 403 3132 508 3193; x_wconf 87' lang='lat' dir='ltr'>Cetera</span> <span class='ocrx_word' id='word_1_225' title='bbox 530 3130 645 3192; x_wconf 89' lang='lat' dir='ltr'>animae</span> <span class='ocrx_word' id='word_1_226' title='bbox 667 3129 809 3191; x_wconf 87' lang='lat' dir='ltr'>naturalia</span> <span class='ocrx_word' id='word_1_227' title='bbox 836 3128 894 3190; x_wconf 91' lang='lat' dir='ltr'>iarn</span> <span class='ocrx_word' id='word_1_228' title='bbox 923 3148 939 3190; x_wconf 92' lang='lat' dir='ltr'>a</span> <span class='ocrx_word' id='word_1_229' title='bbox 969 3129 1055 3191; x_wconf 90' lang='lat' dir='ltr'>uobis</span> <span class='ocrx_word' id='word_1_230' title='bbox 1084 3131 1175 3191; x_wconf 92' lang='lat' dir='ltr'>audiit</span> <span class='ocrx_word' id='word_1_231' title='bbox 1197 3131 1404 3212; x_wconf 75' lang='lat' dir='ltr'>Hermogenes</span> <span class='ocrx_word' id='word_1_232' title='bbox 1427 3142 1514 3196; x_wconf 65' lang='lat' dir='ltr'>curt</span> 
     </span>
     <span class='ocr_line' id='line_1_26' title="bbox 316 3230 1514 3314; baseline 0.003 -20"><span class='ocrx_word' id='word_1_233' title='bbox 316 3233 449 3312; x_wconf 88' lang='lat' dir='ltr'>ipsorum</span> <span class='ocrx_word' id='word_1_234' title='bbox 473 3230 648 3293; x_wconf 77' lang='lat' dir='ltr'>defensione</span> <span class='ocrx_word' id='word_1_235' title='bbox 670 3238 699 3292; x_wconf 92' lang='lat' dir='ltr'>el</span> <span class='ocrx_word' id='word_1_236' title='bbox 719 3230 913 3309; x_wconf 88' lang='lat' dir='ltr'>probatione,</span> <span class='ocrx_word' id='word_1_237' title='bbox 944 3249 998 3309; x_wconf 91' lang='lat' dir='ltr'>per</span> <span class='ocrx_word' id='word_1_238' title='bbox 1025 3250 1100 3309; x_wconf 88' lang='lat' dir='ltr'>quae</span> <span class='ocrx_word' id='word_1_239' title='bbox 1122 3231 1168 3292; x_wconf 90' lang='lat' dir='ltr'>dei</span> <span class='ocrx_word' id='word_1_240' title='bbox 1191 3231 1404 3314; x_wconf 86' lang='lat' dir='ltr'>potiusquam</span> <span class='ocrx_word' id='word_1_241' title='bbox 1427 3254 1514 3297; x_wconf 52' lang='lat' dir='ltr'>maa</span> 
     </span>
     <span class='ocr_line' id='line_1_27' title="bbox 316 3330 1514 3413; baseline 0.002 -18"><span class='ocrx_word' id='word_1_242' title='bbox 316 3333 408 3395; x_wconf 91' lang='lat' dir='ltr'>tcriae</span> <span class='ocrx_word' id='word_1_243' title='bbox 430 3332 596 3413; x_wconf 88' lang='lat' dir='ltr'>propinqua</span> <span class='ocrx_word' id='word_1_244' title='bbox 625 3331 824 3410; x_wconf 76' lang='lat' dir='ltr'>cognoscitur.</span> <span class='ocrx_word' id='word_1_245' title='bbox 874 3330 929 3392; x_wconf 87' lang='lat' dir='ltr'>llic</span> <span class='ocrx_word' id='word_1_246' title='bbox 957 3332 1145 3394; x_wconf 87' lang='lat' dir='ltr'>solummodo</span> <span class='ocrx_word' id='word_1_247' title='bbox 1172 3332 1423 3411; x_wconf 85' lang='lat' dir='ltr'>nominabuntur,</span> <span class='ocrx_word' id='word_1_248' title='bbox 1454 3346 1514 3399; x_wconf 69' lang='grc' dir='ltr'>ιιι</span> 
     </span>
     <span class='ocr_line' id='line_1_28' title="bbox 315 3432 1498 3516; baseline 0.003 -22"><span class='ocrx_word' id='word_1_249' title='bbox 315 3435 475 3516; x_wconf 87' lang='lat' dir='ltr'>praeterita</span> <span class='ocrx_word' id='word_1_250' title='bbox 497 3434 662 3494; x_wconf 81' lang='lat' dir='ltr'>videantur.</span> <span class='ocrx_word' id='word_1_251' title='bbox 706 3432 848 3492; x_wconf 90' lang='lat' dir='ltr'>Dedimus</span> <span class='ocrx_word' id='word_1_252' title='bbox 878 3433 956 3493; x_wconf 88' lang='lat' dir='ltr'>enirn</span> <span class='ocrx_word' id='word_1_253' title='bbox 984 3432 1025 3494; x_wconf 90' lang='lat' dir='ltr'>illi</span> <span class='ocrx_word' id='word_1_254' title='bbox 1055 3442 1084 3495; x_wconf 88' lang='lat' dir='ltr'>et</span> <span class='ocrx_word' id='word_1_255' title='bbox 1112 3433 1277 3496; x_wconf 85' lang='lat' dir='ltr'>libertatem</span> <span class='ocrx_word' id='word_1_256' title='bbox 1300 3436 1434 3512; x_wconf 88' lang='lat' dir='ltr'>arbitrii,</span> <span class='ocrx_word' id='word_1_257' title='bbox 1459 3450 1498 3499; x_wconf 76' lang='grc' dir='ltr'>ιιι</span> 
     </span>
     <span class='ocr_line' id='line_1_29' title="bbox 316 3532 1514 3615; baseline 0.004 -19"><span class='ocrx_word' id='word_1_258' title='bbox 316 3553 405 3614; x_wconf 89' lang='lat' dir='ltr'>supra</span> <span class='ocrx_word' id='word_1_259' title='bbox 435 3535 625 3615; x_wconf 86' lang='lat' dir='ltr'>scripsimus,</span> <span class='ocrx_word' id='word_1_260' title='bbox 660 3542 689 3595; x_wconf 87' lang='lat' dir='ltr'>et</span> <span class='ocrx_word' id='word_1_261' title='bbox 717 3532 951 3594; x_wconf 87' lang='lat' dir='ltr'>dominationem</span> <span class='ocrx_word' id='word_1_262' title='bbox 973 3552 1073 3595; x_wconf 90' lang='lat' dir='ltr'>rerum</span> <span class='ocrx_word' id='word_1_263' title='bbox 1096 3543 1125 3596; x_wconf 87' lang='lat' dir='ltr'>et</span> <span class='ocrx_word' id='word_1_264' title='bbox 1146 3534 1359 3599; x_wconf 86' lang='lat' dir='ltr'>divinationem</span> <span class='ocrx_word' id='word_1_265' title='bbox 1383 3540 1514 3601; x_wconf 57' lang='lat' dir='ltr'>&#39;iuter‘</span> 
     </span>
     <span class='ocr_line' id='line_1_30' title="bbox 316 3633 1514 3723; baseline 0.003 -26"><span class='ocrx_word' id='word_1_266' title='bbox 316 3636 403 3710; x_wconf 91' lang='lat' dir='ltr'>dum,</span> <span class='ocrx_word' id='word_1_267' title='bbox 425 3636 557 3716; x_wconf 90' lang='lat' dir='ltr'>seposita</span> <span class='ocrx_word' id='word_1_268' title='bbox 580 3653 655 3715; x_wconf 89' lang='lat' dir='ltr'>quae</span> <span class='ocrx_word' id='word_1_269' title='bbox 676 3652 731 3714; x_wconf 89' lang='lat' dir='ltr'>per</span> <span class='ocrx_word' id='word_1_270' title='bbox 753 3633 800 3694; x_wconf 92' lang='lat' dir='ltr'>dei</span> <span class='ocrx_word' id='word_1_271' title='bbox 823 3633 962 3723; x_wconf 77' lang='lat' dir='ltr'>&#39;gratiam</span> <span class='ocrx_word' id='word_1_272' title='bbox 986 3634 1106 3697; x_wconf 88' lang='lat' dir='ltr'>obvenit</span> <span class='ocrx_word' id='word_1_273' title='bbox 1128 3654 1163 3696; x_wconf 85' lang='lat' dir='ltr'>er</span> <span class='ocrx_word' id='word_1_274' title='bbox 1186 3638 1356 3717; x_wconf 86' lang='lat' dir='ltr'>prophetia.</span> <span class='ocrx_word' id='word_1_275' title='bbox 1392 3640 1514 3721; x_wconf 60' lang='lat' dir='ltr'>ltaque</span> 
     </span>
     <span class='ocr_line' id='line_1_31' title="bbox 315 3735 1515 3813; baseline 0.005 -16"><span class='ocrx_word' id='word_1_276' title='bbox 315 3737 372 3797; x_wconf 90' lang='lat' dir='ltr'>iam</span> <span class='ocrx_word' id='word_1_277' title='bbox 395 3736 432 3797; x_wconf 89' lang='lat' dir='ltr'>ab</span> <span class='ocrx_word' id='word_1_278' title='bbox 454 3735 514 3797; x_wconf 91' lang='lat' dir='ltr'>isto</span> <span class='ocrx_word' id='word_1_279' title='bbox 537 3735 746 3813; x_wconf 90' lang='lat' dir='ltr'>dispositionis</span> <span class='ocrx_word' id='word_1_280' title='bbox 769 3742 927 3796; x_wconf 86' lang='lat' dir='ltr'>retractatu</span> <span class='ocrx_word' id='word_1_281' title='bbox 949 3737 1100 3809; x_wconf 89' lang='lat' dir='ltr'>recedam,</span> <span class='ocrx_word' id='word_1_282' title='bbox 1135 3745 1167 3797; x_wconf 95' lang='lat' dir='ltr'>ut</span> <span class='ocrx_word' id='word_1_283' title='bbox 1189 3737 1325 3799; x_wconf 89' lang='lat' dir='ltr'>ordinem</span> <span class='ocrx_word' id='word_1_284' title='bbox 1350 3740 1416 3802; x_wconf 90' lang='lat' dir='ltr'>eius</span> <span class='ocrx_word' id='word_1_285' title='bbox 1439 3760 1515 3802; x_wconf 53' lang='lat' dir='ltr'>exa</span> 
     </span>
     <span class='ocr_line' id='line_1_32' title="bbox 315 3834 1514 3917; baseline 0.008 -22"><span class='ocrx_word' id='word_1_286' title='bbox 315 3847 472 3914; x_wconf 66' lang='lat' dir='ltr'>pungam.</span> <span class='ocrx_word' id='word_1_287' title='bbox 516 3834 679 3895; x_wconf 86' lang='lat' dir='ltr'>lletinimus</span> <span class='ocrx_word' id='word_1_288' title='bbox 701 3834 828 3896; x_wconf 90' lang='lat' dir='ltr'>animam</span> <span class='ocrx_word' id='word_1_289' title='bbox 858 3835 905 3897; x_wconf 91' lang='lat' dir='ltr'>dei</span> <span class='ocrx_word' id='word_1_290' title='bbox 927 3837 997 3897; x_wconf 84' lang='lat' dir='ltr'>llatu</span> <span class='ocrx_word' id='word_1_291' title='bbox 1019 3846 1134 3911; x_wconf 90' lang='lat' dir='ltr'>natam,</span> <span class='ocrx_word' id='word_1_292' title='bbox 1163 3838 1377 3917; x_wconf 90' lang='lat' dir='ltr'>immortalem,</span> <span class='ocrx_word' id='word_1_293' title='bbox 1405 3840 1514 3905; x_wconf 56' lang='lat' dir='ltr'>’cor‘</span> 
     </span>
     <span class='ocr_line' id='line_1_33' title="bbox 316 3934 1514 4020; baseline 0.01 -26"><span class='ocrx_word' id='word_1_294' title='bbox 316 3934 463 4013; x_wconf 85' lang='lat' dir='ltr'>poralem,</span> <span class='ocrx_word' id='word_1_295' title='bbox 487 3934 661 4012; x_wconf 78' lang='lat' dir='ltr'>effigiatam,</span> <span class='ocrx_word' id='word_1_296' title='bbox 683 3936 848 3998; x_wconf 88' lang='lat' dir='ltr'>substantia</span> <span class='ocrx_word' id='word_1_297' title='bbox 865 3937 1046 4018; x_wconf 90' lang='lat' dir='ltr'>simplicem,</span> <span class='ocrx_word' id='word_1_298' title='bbox 1070 3938 1107 4000; x_wconf 91' lang='lat' dir='ltr'>de</span> <span class='ocrx_word' id='word_1_299' title='bbox 1122 3958 1176 4001; x_wconf 91' lang='lat' dir='ltr'>suo</span> <span class='ocrx_word' id='word_1_300' title='bbox 1192 3939 1395 4020; x_wconf 76' lang='lat' dir='ltr'>‘sapientem,</span> <span class='ocrx_word' id='word_1_301' title='bbox 1414 3942 1514 4006; x_wconf 68' lang='lat' dir='ltr'>varie</span> 
     </span>
    </p>
   </div>
   <div class='ocr_carea' id='block_1_3' title="bbox 314 4035 1514 4126">
    <p class='ocr_par' dir='ltr' id='par_1_3' title="bbox 314 4035 1514 4126">
     <span class='ocr_line' id='line_1_34' title="bbox 314 4035 1514 4126; baseline 0.011 -32"><span class='ocrx_word' id='word_1_302' title='bbox 314 4035 543 4114; x_wconf 89' lang='lat' dir='ltr'>procedentem,</span> <span class='ocrx_word' id='word_1_303' title='bbox 571 4035 694 4098; x_wconf 91' lang='lat' dir='ltr'>liberam</span> <span class='ocrx_word' id='word_1_304' title='bbox 717 4038 847 4111; x_wconf 88' lang='lat' dir='ltr'>arbitrii,</span> <span class='ocrx_word' id='word_1_305' title='bbox 876 4038 1063 4100; x_wconf 76' lang='lat' dir='ltr'>‘accidentiis</span> <span class='ocrx_word' id='word_1_306' title='bbox 1086 4039 1260 4114; x_wconf 84' lang='lat' dir='ltr'>obnoxiam,</span> <span class='ocrx_word' id='word_1_307' title='bbox 1291 4061 1347 4121; x_wconf 88' lang='lat' dir='ltr'>per</span> <span class='ocrx_word' id='word_1_308' title='bbox 1375 4043 1514 4126; x_wconf 64' lang='lat' dir='ltr'>ingeni!</span> 
     </span>
    </p>
   </div>
   <div class='ocr_carea' id='block_1_4' title="bbox 313 4152 1514 4563">
    <p class='ocr_par' dir='ltr' id='par_1_4' title="bbox 313 4152 1514 4563">
     <span class='ocr_line' id='line_1_35' title="bbox 316 4152 1514 4222; baseline 0.012 -21"><span class='ocrx_word' id='word_1_309' title='bbox 316 4152 356 4202; x_wconf 80' lang='lat'>14.</span> <span class='ocrx_word' id='word_1_310' title='bbox 375 4168 504 4217; x_wconf 75' lang='lat' dir='ltr'>numquam</span> <span class='ocrx_word' id='word_1_311' title='bbox 523 4156 565 4217; x_wconf 71' lang='grc' dir='ltr'>Αβ.</span> <span class='ocrx_word' id='word_1_312' title='bbox 621 4156 659 4205; x_wconf 82' lang='lat'>15.</span> <span class='ocrx_word' id='word_1_313' title='bbox 678 4156 710 4206; x_wconf 92' lang='lat' dir='ltr'>ltli</span> <span class='ocrx_word' id='word_1_314' title='bbox 729 4159 771 4219; x_wconf 81' lang='grc' dir='ltr'>Αβ.</span> <span class='ocrx_word' id='word_1_315' title='bbox 806 4157 830 4206; x_wconf 84' lang='lat' dir='ltr'>fil</span> <span class='ocrx_word' id='word_1_316' title='bbox 850 4160 899 4222; x_wconf 78' lang='lat' dir='ltr'>up.</span> <span class='ocrx_word' id='word_1_317' title='bbox 965 4158 1003 4208; x_wconf 85' lang='lat' dir='ltr'>lb.</span> <span class='ocrx_word' id='word_1_318' title='bbox 1029 4159 1085 4209; x_wconf 84' lang='lat' dir='ltr'>dent</span> <span class='ocrx_word' id='word_1_319' title='bbox 1109 4160 1304 4222; x_wconf 61' lang='lat' dir='ltr'>tormentoruni.</span> <span class='ocrx_word' id='word_1_320' title='bbox 1362 4164 1401 4214; x_wconf 90' lang='lat' dir='ltr'>l&#39;l.</span> <span class='ocrx_word' id='word_1_321' title='bbox 1427 4165 1514 4215; x_wconf 47' lang='lat' dir='ltr'>arbi*</span> 
     </span>
     <span class='ocr_line' id='line_1_36' title="bbox 315 4215 1510 4297; baseline 0.012 -28"><span class='ocrx_word' id='word_1_322' title='bbox 315 4221 381 4269; x_wconf 87' lang='lat' dir='ltr'>trarii</span> <span class='ocrx_word' id='word_1_323' title='bbox 400 4223 424 4270; x_wconf 78' lang='grc' dir='ltr'>Α.</span> <span class='ocrx_word' id='word_1_324' title='bbox 480 4222 518 4272; x_wconf 84' lang='grc'>18.</span> <span class='ocrx_word' id='word_1_325' title='bbox 537 4225 722 4275; x_wconf 76' lang='lat' dir='ltr'>autexusionl.</span> <span class='ocrx_word' id='word_1_326' title='bbox 758 4215 1111 4290; x_wconf 67' lang='grc' dir='ltr'>αὗτοεξούσιονιφ.ιιι.ιιι.</span> <span class='ocrx_word' id='word_1_327' title='bbox 1131 4231 1243 4290; x_wconf 77' lang='lat' dir='ltr'>inmnrp.</span> <span class='ocrx_word' id='word_1_328' title='bbox 1300 4229 1339 4280; x_wconf 82' lang='lat' dir='ltr'>ts.</span> <span class='ocrx_word' id='word_1_329' title='bbox 1360 4247 1510 4297; x_wconf 54' lang='lat' dir='ltr'>quaecum*</span> 
     </span>
     <span class='ocr_line' id='line_1_37' title="bbox 314 4289 1499 4366; baseline 0.011 -32"><span class='ocrx_word' id='word_1_330' title='bbox 314 4302 361 4363; x_wconf 69' lang='lat' dir='ltr'>qne</span> <span class='ocrx_word' id='word_1_331' title='bbox 379 4289 410 4336; x_wconf 90' lang='lat' dir='ltr'>sit</span> <span class='ocrx_word' id='word_1_332' title='bbox 427 4290 488 4366; x_wconf 39' lang='lat' dir='ltr'>Apu</span> <span class='ocrx_word' id='word_1_333' title='bbox 515 4289 553 4339; x_wconf 81' lang='lat'>20.</span> <span class='ocrx_word' id='word_1_334' title='bbox 574 4301 657 4340; x_wconf 79' lang='lat' dir='ltr'>notura</span> <span class='ocrx_word' id='word_1_335' title='bbox 677 4295 823 4342; x_wconf 88' lang='lat' dir='ltr'>convertitur</span> <span class='ocrx_word' id='word_1_336' title='bbox 841 4311 886 4344; x_wconf 85' lang='lat' dir='ltr'>cm.</span> <span class='ocrx_word' id='word_1_337' title='bbox 903 4300 927 4344; x_wconf 83' lang='lat' dir='ltr'>A.</span> <span class='ocrx_word' id='word_1_338' title='bbox 973 4291 1373 4363; x_wconf 75' lang='lat' dir='ltr'>21.Toor&#39;ruz‹›v010mt‹p.</span> <span class='ocrx_word' id='word_1_339' title='bbox 1409 4298 1451 4351; x_wconf 75' lang='lat'>22</span> <span class='ocrx_word' id='word_1_340' title='bbox 1468 4304 1499 4349; x_wconf 76' lang='lat' dir='ltr'>el</span> 
     </span>
     <span class='ocr_line' id='line_1_38' title="bbox 314 4356 1497 4496; baseline 0.013 -29"><span class='ocrx_word' id='word_1_341' title='bbox 314 4356 596 4485; x_wconf 38' lang='lat' dir='ltr'>rnconppp‘t&#39;rbprmpmdl.</span> <span class='ocrx_word' id='word_1_342' title='bbox 615 4426 734 4475; x_wconf 85' lang='lat' dir='ltr'>interdum</span> <span class='ocrx_word' id='word_1_343' title='bbox 754 4428 836 4477; x_wconf 78' lang='lat' dir='ltr'>omd.</span> <span class='ocrx_word' id='word_1_344' title='bbox 890 4427 912 4477; x_wconf 83' lang='lat'>2.</span> <span class='ocrx_word' id='word_1_345' title='bbox 933 4431 1007 4490; x_wconf 76' lang='lat' dir='ltr'>gretie</span> <span class='ocrx_word' id='word_1_346' title='bbox 1026 4433 1051 4481; x_wconf 78' lang='grc' dir='ltr'>Α.</span> <span class='ocrx_word' id='word_1_347' title='bbox 1105 4429 1128 4479; x_wconf 86' lang='grc'>3.</span> <span class='ocrx_word' id='word_1_348' title='bbox 1148 4430 1299 4494; x_wconf 85' lang='lat' dir='ltr'>corporalem</span> <span class='ocrx_word' id='word_1_349' title='bbox 1319 4435 1408 4496; x_wconf 67' lang='lat' dir='ltr'>omi„</span> <span class='ocrx_word' id='word_1_350' title='bbox 1428 4442 1450 4485; x_wconf 86' lang='lat' dir='ltr'>et</span> <span class='ocrx_word' id='word_1_351' title='bbox 1467 4438 1497 4484; x_wconf 72' lang='lat' dir='ltr'>in</span> 
     </span>
     <span class='ocr_line' id='line_1_39' title="bbox 313 4491 1492 4563; baseline 0.012 -26"><span class='ocrx_word' id='word_1_352' title='bbox 313 4504 385 4551; x_wconf 70' lang='lat' dir='ltr'>moro.</span> <span class='ocrx_word' id='word_1_353' title='bbox 404 4491 437 4550; x_wconf 77' lang='lat' dir='ltr'>u,</span> <span class='ocrx_word' id='word_1_354' title='bbox 458 4507 502 4554; x_wconf 81' lang='lat' dir='ltr'>qun</span> <span class='ocrx_word' id='word_1_355' title='bbox 521 4494 572 4555; x_wconf 86' lang='lat' dir='ltr'>ipso</span> <span class='ocrx_word' id='word_1_356' title='bbox 592 4493 615 4540; x_wconf 91' lang='lat' dir='ltr'>ln</span> <span class='ocrx_word' id='word_1_357' title='bbox 633 4494 692 4543; x_wconf 85' lang='lat' dir='ltr'>libre</span> <span class='ocrx_word' id='word_1_358' title='bbox 710 4510 756 4544; x_wconf 75' lang='lat' dir='ltr'>non</span> <span class='ocrx_word' id='word_1_359' title='bbox 773 4496 865 4545; x_wconf 83' lang='lat' dir='ltr'>uncinis</span> <span class='ocrx_word' id='word_1_360' title='bbox 883 4498 973 4546; x_wconf 84' lang='lat' dir='ltr'>incluso</span> <span class='ocrx_word' id='word_1_361' title='bbox 990 4500 1139 4563; x_wconf 79' lang='lat' dir='ltr'>conspicitur,</span> <span class='ocrx_word' id='word_1_362' title='bbox 1159 4501 1294 4549; x_wconf 78' lang='lat' dir='ltr'>aduolutum</span> <span class='ocrx_word' id='word_1_363' title='bbox 1313 4510 1347 4552; x_wconf 81' lang='lat' dir='ltr'>erl</span> <span class='ocrx_word' id='word_1_364' title='bbox 1366 4518 1418 4553; x_wconf 80' lang='lat' dir='ltr'>ecre</span> <span class='ocrx_word' id='word_1_365' title='bbox 1434 4503 1492 4553; x_wconf 84' lang='lat' dir='ltr'>olibi</span> 
     </span>
    </p>
   </div>
   <div class='ocr_carea' id='block_1_5' title="bbox 312 4556 1490 4678">
    <p class='ocr_par' dir='ltr' id='par_1_5' title="bbox 312 4556 1490 4678">
     <span class='ocr_line' id='line_1_40' title="bbox 313 4556 1490 4629; baseline 0.013 -25"><span class='ocrx_word' id='word_1_366' title='bbox 313 4556 400 4606; x_wconf 81' lang='lat' dir='ltr'>deesse.</span> <span class='ocrx_word' id='word_1_367' title='bbox 453 4557 477 4605; x_wconf 75' lang='lat'>4.</span> <span class='ocrx_word' id='word_1_368' title='bbox 497 4560 629 4622; x_wconf 80' lang='lat' dir='ltr'>sapientem</span> <span class='ocrx_word' id='word_1_369' title='bbox 648 4561 706 4610; x_wconf 81' lang='lat' dir='ltr'>rut.</span> <span class='ocrx_word' id='word_1_370' title='bbox 748 4563 878 4625; x_wconf 84' lang='lat' dir='ltr'>patientem</span> <span class='ocrx_word' id='word_1_371' title='bbox 896 4564 991 4628; x_wconf 62' lang='lat' dir='ltr'>emeca,</span> <span class='ocrx_word' id='word_1_372' title='bbox 1057 4567 1081 4615; x_wconf 83' lang='lat' dir='ltr'>b.</span> <span class='ocrx_word' id='word_1_373' title='bbox 1100 4567 1239 4616; x_wconf 77' lang='lat' dir='ltr'>recidendis</span> <span class='ocrx_word' id='word_1_374' title='bbox 1265 4570 1296 4629; x_wconf 77' lang='lat' dir='ltr'>b,</span> <span class='ocrx_word' id='word_1_375' title='bbox 1324 4571 1354 4619; x_wconf 84' lang='lat' dir='ltr'>de</span> <span class='ocrx_word' id='word_1_376' title='bbox 1378 4572 1490 4621; x_wconf 74' lang='lat' dir='ltr'>emendet.</span> 
     </span>
     <span class='ocr_line' id='line_1_41' title="bbox 312 4624 752 4678; baseline 0.016 -6"><span class='ocrx_word' id='word_1_377' title='bbox 312 4624 388 4672; x_wconf 82' lang='lat' dir='ltr'>Fuluii</span> <span class='ocrx_word' id='word_1_378' title='bbox 408 4624 492 4674; x_wconf 86' lang='lat' dir='ltr'>llrsinr&#39;.</span> <span class='ocrx_word' id='word_1_379' title='bbox 528 4627 658 4676; x_wconf 87' lang='lat' dir='ltr'>accidentis</span> <span class='ocrx_word' id='word_1_380' title='bbox 677 4630 752 4678; x_wconf 77' lang='lat' dir='ltr'>ruta.</span> 
     </span>
    </p>
   </div>
   <div class='ocr_carea' id='block_1_6' title="bbox 311 4725 1489 4941">
    <p class='ocr_par' dir='ltr' id='par_1_6' title="bbox 311 4725 1489 4941">
     <span class='ocr_line' id='line_1_42' title="bbox 348 4725 1488 4804; baseline 0.013 -32"><span class='ocrx_word' id='word_1_381' title='bbox 348 4726 370 4773; x_wconf 94' lang='lat' dir='ltr'>d.</span> <span class='ocrx_word' id='word_1_382' title='bbox 386 4725 497 4774; x_wconf 80' lang='lat' dir='ltr'>Marcioni</span> <span class='ocrx_word' id='word_1_383' title='bbox 512 4729 662 4777; x_wconf 86' lang='lat' dir='ltr'>ostendimus</span> <span class='ocrx_word' id='word_1_384' title='bbox 675 4739 698 4779; x_wconf 90' lang='lat' dir='ltr'>et</span> <span class='ocrx_word' id='word_1_385' title='bbox 708 4728 872 4797; x_wconf 78' lang='lat' dir='ltr'>Hermogeni]</span> <span class='ocrx_word' id='word_1_386' title='bbox 925 4734 1039 4784; x_wconf 79' lang='lat' dir='ltr'>Marcioni</span> <span class='ocrx_word' id='word_1_387' title='bbox 1059 4736 1081 4783; x_wconf 92' lang='lat' dir='ltr'>in</span> <span class='ocrx_word' id='word_1_388' title='bbox 1102 4735 1142 4784; x_wconf 87' lang='lat' dir='ltr'>lib.</span> <span class='ocrx_word' id='word_1_389' title='bbox 1153 4735 1174 4784; x_wconf 93' lang='lat' dir='ltr'>ll</span> <span class='ocrx_word' id='word_1_390' title='bbox 1193 4735 1249 4784; x_wconf 76' lang='lat' dir='ltr'>dds.</span> <span class='ocrx_word' id='word_1_391' title='bbox 1260 4735 1331 4786; x_wconf 80' lang='lat' dir='ltr'>llere.</span> <span class='ocrx_word' id='word_1_392' title='bbox 1352 4739 1488 4804; x_wconf 79' lang='lat' dir='ltr'>cnp.5sqq.</span> 
     </span>
     <span class='ocr_line' id='line_1_43' title="bbox 313 4792 1489 4869; baseline 0.014 -30"><span class='ocrx_word' id='word_1_393' title='bbox 313 4792 457 4854; x_wconf 76' lang='lat' dir='ltr'>Hermogeni</span> <span class='ocrx_word' id='word_1_394' title='bbox 482 4795 578 4857; x_wconf 86' lang='lat' dir='ltr'>quidem</span> <span class='ocrx_word' id='word_1_395' title='bbox 605 4797 627 4844; x_wconf 92' lang='lat' dir='ltr'>in</span> <span class='ocrx_word' id='word_1_396' title='bbox 653 4797 715 4846; x_wconf 87' lang='lat' dir='ltr'>libro</span> <span class='ocrx_word' id='word_1_397' title='bbox 739 4798 870 4849; x_wconf 76' lang='lat' dir='ltr'>trecensu</span> <span class='ocrx_word' id='word_1_398' title='bbox 959 4802 1016 4864; x_wconf 82' lang='lat' dir='ltr'>Cap.</span> <span class='ocrx_word' id='word_1_399' title='bbox 1035 4802 1105 4852; x_wconf 76' lang='lat' dir='ltr'>xxti.</span> <span class='ocrx_word' id='word_1_400' title='bbox 1131 4819 1152 4851; x_wconf 86' lang='lat' dir='ltr'>a.</span> <span class='ocrx_word' id='word_1_401' title='bbox 1171 4800 1327 4869; x_wconf 64' lang='lat' dir='ltr'>expungam]</span> <span class='ocrx_word' id='word_1_402' title='bbox 1348 4806 1373 4856; x_wconf 90' lang='lat' dir='ltr'>ld</span> <span class='ocrx_word' id='word_1_403' title='bbox 1392 4816 1430 4857; x_wconf 86' lang='lat' dir='ltr'>est</span> <span class='ocrx_word' id='word_1_404' title='bbox 1447 4808 1489 4855; x_wconf 84' lang='lat' dir='ltr'>ab·</span> 
     </span>
     <span class='ocr_line' id='line_1_44' title="bbox 311 4858 1489 4941; baseline 0.014 -33"><span class='ocrx_word' id='word_1_405' title='bbox 311 4858 418 4921; x_wconf 77' lang='lat' dir='ltr'>Animos,</span> <span class='ocrx_word' id='word_1_406' title='bbox 444 4863 508 4924; x_wconf 87' lang='lat' dir='ltr'>quod</span> <span class='ocrx_word' id='word_1_407' title='bbox 532 4863 556 4911; x_wconf 92' lang='lat' dir='ltr'>in</span> <span class='ocrx_word' id='word_1_408' title='bbox 581 4863 712 4927; x_wconf 86' lang='lat' dir='ltr'>deperditis</span> <span class='ocrx_word' id='word_1_409' title='bbox 735 4874 771 4916; x_wconf 87' lang='lat' dir='ltr'>est</span> <span class='ocrx_word' id='word_1_410' title='bbox 790 4868 870 4929; x_wconf 86' lang='lat' dir='ltr'>bodie,</span> <span class='ocrx_word' id='word_1_411' title='bbox 923 4868 1023 4920; x_wconf 77' lang='lat' dir='ltr'>solvam.</span> <span class='ocrx_word' id='word_1_412' title='bbox 1054 4870 1091 4921; x_wconf 82' lang='lat' dir='ltr'>Cl.</span> <span class='ocrx_word' id='word_1_413' title='bbox 1110 4871 1200 4922; x_wconf 84' lang='lat' dir='ltr'>adnott.</span> <span class='ocrx_word' id='word_1_414' title='bbox 1220 4873 1365 4938; x_wconf 69' lang='lat' dir='ltr'>addpnlog.</span> <span class='ocrx_word' id='word_1_415' title='bbox 1385 4874 1489 4941; x_wconf 72' lang='lat' dir='ltr'>capii.</span> 
     </span>
    </p>
   </div>
   <div class='ocr_carea' id='block_1_7' title="bbox 0 0 1626 5775">
    <p class='ocr_par' dir='ltr' id='par_1_7' title="bbox 0 0 1626 5775">
     <span class='ocr_line' id='line_1_45' title="bbox 0 0 1626 5775; baseline 0 0"><span class='ocrx_word' id='word_1_416' title='bbox 0 0 1626 5775; x_wconf 95' lang='lat' dir='ltr'> </span> 
     </span>
    </p>
   </div>
  </div>
 </body>
</html>
