3242 5775
314 634 376 700 736
560 650 661 703 oernrr
684 648 815 694 snrrrrm
835 649 1000 693 rnonenrrs
1021 647 1221 693 rnnromnnr

161 821 369 889 1„,p,10,4,qua
401 801 459 864 lide
491 799 581 862 isreel
613 799 735 870 erudit,
770 799 793 833 ⁸⁸
800 818 855 881 per
887 798 1066 863 Hieremiam
1101 797 1268 862 dicentem:
1307 798 1479 874 Mittite,et

291 904 492 983 ‘interrogato
519 901 625 976 nimis,
662 901 687 963 si
710 902 790 982 ,lacta
819 910 890 964 sunt
915 902 1000 976 talio,
1033 901 1060 963 si
1087 900 1246 964 mutabunt
1274 910 1386 981 gentes
1418 900 1481 964 decr

266 1079 272 1094 .
314 1023 402 1078 suos,
433 1011 463 1065 et
483 1002 533 1065 isti
556 1021 617 1064 non
639 1011 709 1065 sunt
729 1002 787 1077 dii3
817 1002 945 1083 populus
972 1012 1070 1065 autem
1099 1020 1185 1064 meus
1213 1002 1344 1066 mutarit
1366 1003 1481 1083 glorian

296 1125 415 1179 ·auam,
437 1123 473 1167 en
494 1109 553 1184 duo
575 1103 649 1166 nibil
670 1103 804 1185 proderit
826 1105 887 1178 eis3
919 1104 1035 1185 expavit
1056 1104 1167 1167 caelum
1190 1122 1287 1183 super
1307 1105 1386 1167 isto.
1428 1105 1483 1166 ¹'lit

163 1206 432 1290 ,mapparum
453 1204 590 1286 expavit?
633 1205 798 1268 Indubitate
820 1206 937 1286 quando
960 1224 1066 1285 possus
1089 1215 1136 1267 est
1157 1205 1310 1267 Christus.
1359 1205 1401 1268 Et
1419 1206 1483 1269 bor·

299 1309 390 1382 ruit,
412 1308 522 1388 inquit,
543 1305 703 1386 plurimum
725 1307 831 1381 nimis,
865 1315 895 1369 et
915 1307 961 1369 sol
983 1307 1080 1369 media
1101 1306 1149 1369 die
1171 1306 1417 1370 ⁴⁰tenebricavit.
1455 1307 1485 1369 111

315 1410 432 1492 quando
454 1408 572 1470 horruit
592 1407 697 1483 nimis,
725 1408 783 1470 nisi
805 1408 836 1470 in
857 1409 999 1489 passione
1020 1409 1145 1483 Christi,
1174 1427 1240 1470 cum
1265 1415 1352 1470 terra
1376 1428 1485 1489 quoque

315 1509 508 1583 conmonuit,
542 1517 571 1570 et
592 1509 687 1572 velum
715 1510 816 1590 templi
844 1510 971 1573 scissum
1001 1518 1062 1582 est,
1095 1518 1125 1571 et
1152 1519 1353 1572 monumento
1378 1511 1485 1591 dirupta

152 1639 157 1648 ·
190 1610 412 1696 1„,11‚1³‚suntl
456 1612 603 1685 Quoniam
624 1611 683 1672 duo
705 1612 779 1673 berc
799 1611 874 1672 mals
896 1611 965 1673 fecit
986 1610 1114 1691 populus
1135 1611 1157 1643 ⁴¹
1165 1630 1268 1674 meus:
1295 1613 1368 1687 lle,
1392 1613 1488 1693 inquit

317 1714 538 1794 dereliquerunt
558 1714 670 1774 fontem
691 1731 783 1792 equae
803 1713 896 1787 ritae,
925 1722 954 1775 et
981 1713 1122 1775 foderunt
1144 1712 1307 1776 sibilacus
1334 1715 1487 1786 contritos,

314 1818 364 1899 qui
392 1834 452 1878 non
479 1814 648 1895 ⁴²poterunt
674 1833 779 1894 aquam
807 1815 969 1878 continere.
1022 1813 1185 1877 indubitate
1220 1832 1283 1876 non
1314 1816 1487 1897 recipiendo

315 1918 485 1990 Christum,
514 1917 626 1977 sontem
649 1934 741 1995 equae
762 1916 854 1990 vitae,
881 1916 963 1978 lacus
984 1914 1157 1978 ”contritos
1179 1927 1353 1994 coeperunt
1376 1918 1489 1986 babere,

316 2020 346 2082 id
369 2028 416 2081 est
438 2036 601 2099 synagogas
623 2018 654 2078 in
676 2017 881 2096 dispersiones
904 2017 1053 2097 gentium,
1084 2016 1114 2079 in
1142 2016 1250 2096 quibus
1280 2018 1345 2080 iam
1372 2002 1489 2100 spiritus

318 2128 439 2184 sanctus
461 2137 520 2180 non
543 2118 730 2190 immoratur,
754 2118 838 2180 utin
859 2119 1051 2199 praeteritum
1073 2118 1103 2179 in
1121 2118 1229 2198 templo
1247 2122 1490 2183 commorabatur

318 2231 386 2285 anto
407 2220 563 2284 adventum
585 2220 709 2294 Christi,
732 2220 783 2300 qui
805 2228 854 2283 est
873 2240 974 2283 rerum
996 2221 1043 2282 dei
1065 2221 1215 2300 templum.
1250 2221 1331 2284 Nam
1357 2235 1392 2286 et
1412 2225 1489 2285 isun

318 2324 397 2387 sitim
420 2321 509 2386 divini
533 2322 655 2403 spiritus
678 2341 730 2384 eos
752 2341 896 2402 passuros
918 2323 1031 2386 dixerat
1050 2322 1195 2402 propbeta
1217 2321 1348 2398 Esaiae,
1375 2326 1488 2388 dicens:

192 2420 301 2528 ¹3ssss
319 2424 411 2500 Ecce,
433 2424 483 2504 qui
505 2423 637 2486 serviunt
658 2422 745 2497 mibi,
774 2424 1006 2498 manducabunt,
1038 2442 1091 2487 ros
1113 2433 1210 2486 eutem
1232 2426 1403 2489 esurietis:
1431 2446 1489 2490 ser·
1528 2441 1529 2460 ¹

317 2526 433 2589 vientes
454 2525 527 2587 mibi
548 2524 745 2605 potabuntur,
767 2544 823 2587 ros
845 2534 942 2588 autem
965 2525 1089 2599 sitietis,
1119 2534 1148 2587 et
1169 2524 1213 2586 “a
1235 2527 1489 2592 contribulatione

318 2627 442 2707 spiritus
470 2625 636 2701 ululabitis3
673 2626 829 2689 remittetis
858 2626 937 2689 enim
963 2645 1072 2689 nomen
1100 2634 1230 2688 restrum
1260 2627 1293 2689 in
1323 2632 1488 2693 sariorum

320 2727 420 2791 electis
442 2728 534 2800 meis,
565 2745 621 2788 ros
643 2735 740 2790 autem
762 2728 920 2790 interficiet
945 2728 1101 2802 dominus;
1132 2728 1176 2789 eis
1199 2736 1318 2803 autem,
1353 2733 1408 2812 qui
1428 2750 1486 2794 ser·

318 2830 403 2892 siunt
422 2829 511 2901 mibi,
534 2847 643 2891 nomen
664 2828 864 2893 nominabitur
884 2848 1008 2904 norum,
1030 2830 1109 2910 quod
1129 2829 1325 2894 benedicetur
1349 2833 1383 2895 in
1398 2833 1488 2897 terris
1528 2911 1529 2920 ἵ

193 2910 425 3019 ”lffl’bdbuc
444 2930 559 2992 “buius
579 2931 651 3010 ligni
672 2939 887 2993 sacramentum
909 2931 1024 2993 “etiam
1040 2933 1070 2994 in
1084 2932 1252 3012 Regnorum
1267 2932 1403 3012 legimus
1417 2935 1486 2999 eele-
1528 2946 1529 3021 1

319 3033 447 3096 bratum.
482 3032 555 3093 Nam
578 3051 642 3093 crrm
658 3032 708 3093 lilii
723 3033 933 3112 prophetarum
949 3052 1039 3114 super
1053 3035 1162 3095 flumen
1176 3033 1370 3098 ⁴⁷lordanem
1385 3037 1487 3117 lignun

321 3133 476 3197 securibus
498 3134 669 3207 caederent,
693 3134 800 3196 exsiliit
820 3136 946 3209 terrum,
969 3143 998 3197 et
1018 3154 1148 3197 mersum
1170 3135 1262 3197 estin
1279 3138 1425 3213 flumine,
1444 3145 1485 3200 at-

321 3256 378 3318 que
399 3236 439 3299 ita
460 3235 596 3298 Helisaeo
617 3237 761 3316 propbeta
782 3237 1009 3316 superveniente
1036 3244 1139 3316 petunt
1160 3236 1196 3298 ab
1219 3257 1254 3298 eo
1279 3239 1334 3301 tilii
1358 3241 1485 3322 propbe-

320 3348 415 3402 trrum
437 3338 480 3401 uti
494 3339 613 3416 ‚lenum
634 3339 747 3400 flumini
769 3339 847 3417 quod
870 3357 1003 3400 mersum
1029 3339 1125 3401 luerat
1153 3349 1281 3400 erueret.
1327 3341 1426 3422 Atque
1451 3339 1486 3402 itr

318 3440 501 3503 “Helisaeus
523 3449 643 3519 accepto
657 3440 745 3519 ‚ligno
768 3448 797 3501 et
819 3439 912 3502 misso
935 3439 966 3501 in
994 3458 1061 3501 eum
1089 3441 1186 3502 locum
1213 3440 1264 3500 ubi
1295 3442 1484 3504 submersum

319 3544 414 3604 luerat
434 3543 562 3616 tenum,
597 3542 696 3604 statim
725 3542 943 3621 supernatavit,
975 3549 1005 3603 et
1025 3542 1135 3621 lignum
1157 3559 1288 3604 mersum
1312 3553 1379 3614 est,
1413 3541 1483 3624 quod

319 3651 496 3724 receperunt
522 3643 573 3705 lilii
600 3644 823 3724 prophetarum.
868 3642 911 3704 llx
944 3661 1002 3722 quo
1035 3642 1239 3704 intellexerunt
1277 3644 1362 3722 quod
1392 3644 1484 3706 lidiae

321 3745 444 3824 spiritus
467 3745 498 3806 in
519 3763 586 3806 eum
609 3745 648 3805 sit
668 3751 919 3824 repraesentatus.
967 3742 1075 3817 ⁴⁹Quid
1096 3743 1282 3805 manifestius
1305 3745 1401 3809 buius
1421 3742 1484 3825 ligni

321 3844 550 3919 ”sacramentm
572 3846 651 3925 quod
673 3845 779 3907 duritia
800 3845 889 3907 buius
911 3845 1019 3907 saeculi
1043 3862 1139 3906 mersa
1153 3845 1183 3904 in
1198 3824 1354 3922 profundo
1370 3846 1484 3917 erroris,

322 3954 352 4007 et
373 3965 389 4007 a
410 3946 490 4025 ligno
506 3946 631 4018 Christi,
653 3946 683 4007 id
706 3955 753 4009 est
773 3946 924 4026 passionis
947 3946 1029 4020 eius,
1051 3946 1082 4007 in
1104 3945 1250 4024 baptismo
1274 3946 1438 4022 liberatur,
1458 3956 1486 4008 nt

322 4047 401 4125 quod
422 4047 551 4126 perierat
572 4048 641 4110 olim
663 4067 717 4128 per
738 4047 848 4127 lignum
870 4048 901 4109 in
915 4046 1017 4115 idam,
1039 4047 1068 4108 id
1084 4047 1292 4108 restitueretur
1306 4066 1366 4127 per
1381 4050 1485 4130 lignun

323 4146 454 4210 Christi?
482 4149 569 4211 nobis
591 4149 734 4228 ‘’utique,
757 4149 806 4230 qui
830 4148 1030 4211 successimus
1052 4147 1083 4209 in
1104 4149 1170 4209 loco
1192 4149 1429 4228 prophetarum,
1456 4167 1486 4211 ea

323 4250 537 4313 sustinentibus
566 4251 655 4313 bodio
682 4251 712 4311 in
741 4251 859 4313 saeculo
888 4269 963 4330 quae
991 4269 1110 4330 semper
1131 4250 1210 4330 passi
1234 4259 1306 4311 sunt
1327 4253 1487 4333 propbetas

320 4363 442 4435 propter
463 4353 589 4415 divinam
611 4352 792 4432 religionem.
826 4351 906 4413 Alios
929 4352 1007 4414 enim
1028 4351 1245 4431 lapidaverunt,
1268 4351 1348 4413 alios
1372 4356 1488 4434 fugare·

321 4540 363 4592 38.
381 4535 464 4604 peri.
497 4540 629 4590 secnndum
646 4541 738 4605 reliqui.
778 4538 820 4589 39.
839 4540 867 4589 m
884 4541 979 4605 qnando
997 4535 1019 4588 l.
1055 4540 1084 4590 Et
1101 4540 1221 4605 quomodo
1241 4548 1263 4590 et
1280 4542 1382 4606 qnando
1400 4542 1488 4605 reliqui

320 4610 363 4660 411.
381 4608 533 4657 tenebricavit
550 4602 601 4659 led.
635 4607 773 4658 tenebrirrit
790 4610 815 4658 A.
856 4609 1027 4659 tenebrideerit
1045 4610 1136 4674 reliqui.
1193 4608 1234 4657 dl.
1254 4623 1324 4658 meus
1344 4611 1488 4660 omndole

321 4677 361 4727 42.
381 4683 492 4739 poterunt
509 4670 548 4726 ld.
583 4683 693 4738 poterant
710 4678 801 4740 reliqui.
843 4675 884 4725 4³.
904 4678 1019 4726 contritos
1036 4671 1276 4737 insonuerunt.
1313 4678 1488 4728 contribulatos

319 4746 412 4808 reliqui.
464 4743 504 4792 db
529 4744 558 4792 ed
582 4743 806 4793 contribulationem
825 4744 850 4794 B.
907 4744 948 4795 45.
972 4745 1043 4793 boios
1068 4762 1111 4794 om.
1127 4747 1152 4794 Δ.
1209 4744 1250 4794 46.
1276 4747 1351 4794 etiam
1377 4748 1489 4798 orsiti.

319 4812 362 4862 41.
381 4810 498 4860 lordenen
516 4811 541 4860 B.
593 4810 633 4860 48.
652 4810 776 4860 Helisaeus
799 4813 843 4862 oni.
861 4813 962 4877 Scioppii
979 4815 1076 4863 retectae
1094 4813 1168 4862 Potor.
1229 4812 1270 4862 49.
1292 4810 1409 4873 Quod&
1451 4813 1490 4865 rt.

320 4873 536 4931 sacromentumt
589 4878 628 4929 bl.
644 4878 725 4943 ntique
741 4880 919 4930 fulrllrsiorrr.
955 4879 1025 4943 igitur
1043 4882 1098 4931 libri
1115 4896 1199 4932 omrrer.
