3242 5775
305 671 369 735 268
564 686 665 738 oururr
687 686 819 729 ssrrrrrn
841 685 1007 729 ruonanrrs
1028 685 1225 729 acarnaniam

305 846 397 900 mrem
421 835 511 897 luisse
533 834 620 896 istam
642 835 765 913 figuram
781 834 917 914 corporis
930 834 1056 908 Christi,
1079 829 1204 896 dicentis
1218 851 1274 913 per
1287 829 1444 894 Hieremin

165 950 290 1003 tenura.
305 938 454 999 Adversus
477 955 524 997 me
546 937 750 1016 cogitaverunt
771 936 946 1015 cogitatum,
970 934 1119 1009 dicentes,
1141 934 1245 996 Venite
1268 932 1444 996 ”aoniam

304 1019 416 1119 lignum
444 1037 475 1097 in
504 1056 610 1116 panem
641 1037 722 1109 eius,
755 1036 881 1116 scilicet!
899 1053 1017 1097 crucem
1050 1035 1080 1096 in
1109 1053 1218 1115 corpus
1246 1034 1325 1095 eius.
1380 1034 1444 1118 tuq

206 1206 209 1214 ,
304 1138 484 1201 illuminator
504 1138 710 1217 antiquitatum
732 1136 802 1215 quid
826 1145 896 1197 tunc
917 1134 1042 1197 voluerit
1071 1136 1255 1216 significasse
1276 1151 1385 1214 paoem
1405 1149 1444 1200 a!

187 1236 290 1338 {ilfi-2⁰·
304 1238 463 1301 declaravit
484 1256 593 1319 corpus
616 1256 702 1299 suurn
725 1256 836 1299 vocans
858 1255 975 1316 panem.
1030 1236 1080 1297 Sic
1101 1244 1132 1298 ct
1152 1237 1184 1297 iu
1205 1235 1306 1297 calicia
1328 1234 1444 1302 meutifl

305 1348 514 1402 testamentum
537 1338 722 1400 constituens
744 1337 889 1416 sanguine
910 1356 965 1399 suo
981 1335 1169 1417 obsignatum
1189 1336 1388 1430 substantiam
1406 1353 1444 1402 α

304 1441 389 1522 poris
410 1439 602 1502 confirmarit.
646 1438 761 1500 Nullius
783 1437 862 1501 enim
885 1437 1020 1517 corporis
1042 1438 1164 1516 sanguis
1193 1446 1294 1516 potest
1321 1455 1393 1500 esse
1417 1455 1444 1502 Ι

304 1542 413 1604 carnis.
455 1541 529 1601 Nam
558 1549 588 1602 et
614 1541 641 1602 si
669 1559 726 1618 qua
758 1538 895 1620 corporis
927 1539 1052 1619 qualitas
1082 1556 1143 1599 non
1172 1556 1279 1600 carnea
1311 1541 1444 1618 oppoud

304 1641 410 1716 nobis,
444 1650 525 1703 certe
546 1640 720 1720 sanguinem
742 1640 803 1701 nisi
831 1657 936 1701 carnea
962 1658 1024 1701 non
1051 1638 1180 1701 babebit.
1235 1638 1279 1700 lta
1310 1637 1444 1722 ''cons'q

304 1742 442 1823 probatio
465 1741 600 1822 corporis
623 1741 661 1801 de
689 1741 863 1802 testimonio
892 1741 1004 1813 carnis,
1035 1740 1175 1820 probatio
1203 1739 1302 1802 carnis
1327 1740 1365 1802 de

304 1842 405 1906 monio
429 1842 593 1919 sanguinis.
637 1842 673 1903 Ut
696 1852 793 1903 autem
817 1855 847 1903 et
874 1841 1026 1920 sanguinis
1054 1849 1184 1903 veterem
1211 1840 1336 1919 liguram
1356 1840 1386 1902 iu

165 1940 293 2044 Lffim·
303 1960 518 2021 recognoscas,
540 1943 636 2004 aderit
656 1942 774 2004 Esaias:
807 1942 900 2016 Quis,
928 1943 1040 2022 inquit,
1074 1942 1124 2022 qui
1152 1942 1272 2003 advenit
1299 1961 1336 2004 ex

305 2044 399 2106 rubor
419 2044 663 2105 vestimentorum
687 2043 752 2105 eius
774 2062 809 2104 ex
834 2042 981 2106 ''llosorl
1014 2043 1033 2075 ¹⁴
1041 2041 1090 2104 Sic
1111 2043 1240 2105 decorus
1262 2042 1294 2103 in
1317 2037 1428 2108 stola'

304 2143 382 2208 lenta
405 2163 471 2205 cum
494 2142 689 2206 tortitudine?
732 2144 832 2218 Quare
853 2144 944 2206 rubra
966 2145 1140 2206 vestimenta
1163 2152 1227 2217 tua,
1257 2153 1288 2205 et
1307 2142 1358 2204 ind
1433 2133 1436 2144 '

306 2245 383 2306 sicut
404 2245 441 2306 de
463 2247 530 2305 loro
552 2244 708 2307 torcularis
729 2245 819 2326 pleno
841 2243 1038 2307 conculcatui
1081 2244 1210 2323 Spiritus
1238 2244 1317 2305 enim
1345 2237 1444 2328 prop*

304 2346 380 2409 tims
402 2346 481 2407 uelut
501 2345 559 2408 iam
581 2346 866 2425 contemplabundus
887 2346 1040 2408 dominum
1052 2346 1099 2407 'ad
1115 2345 1286 2425 passionem
1301 2345 1366 2406 reni

305 2465 393 2509 carne
415 2446 528 2508 scilicct
548 2446 703 2518 restitum,
726 2457 759 2509 ut
780 2448 812 2508 iu
834 2466 868 2508 ea
886 2465 1025 2527 passum,
1047 2455 1204 2508 cruentum
1226 2341 1444 2632 babitunq

304 2547 335 2608 in
362 2547 606 2607 vestimentorum
635 2547 744 2608 rubore
773 2547 948 2626 '‘designat,
988 2548 1176 2611 conculcatae
1208 2555 1237 2607 et
1267 2559 1427 2625 expressae,

305 2645 455 2725 passionis
478 2652 615 2723 tauquam
639 2646 695 2704 ¹⁸in
717 2648 784 2706 loro
807 2647 994 2718 torcularisl,
1018 2649 1085 2725 quia
1108 2646 1214 2707 exinde
1235 2645 1320 2724 quasi
1335 2661 1386 2705 cru
1431 2629 1435 2637 ⁸

306 2746 442 2806 homines
465 2744 582 2806 devini
604 2744 714 2806 rubore
736 2746 928 2810 descendant.
976 2747 1066 2808 Multo
1088 2745 1277 2807 manifestius
1299 2635 1444 2826 Gerasa

134 2916 138 2923 .
305 2846 513 2908 benedictione
536 2846 637 2920 ludas,
664 2865 699 2908 ex
722 2845 806 2909 cuius
830 2846 908 2909 tribu
930 2847 1028 2909 carnis
1050 2865 1160 2910 census
1182 2846 1293 2910 Christi
1314 2839 1444 2931 proce*

177 2935 287 3039 xffil·
306 2966 358 3008 rus
386 2948 444 3008 iam
468 2955 538 3008 tunc
559 2946 707 3009 Christum
736 2949 765 3009 in
788 2948 859 3010 luda
890 2948 1100 3021 ¹⁷delineabat,
1133 2948 1271 3021 barabit,
1303 2940 1444 3028 inquit,al

304 3049 372 3108 rino
394 3048 500 3110 stolam
524 3066 606 3108 suam
630 3049 711 3109 etin
734 3050 878 3128 sanguine
911 3069 982 3111 urae
1010 3050 1148 3111 amictum
1176 3066 1281 3122 suum,
1314 3047 1444 3111 stolatus

305 3150 442 3212 amictum
465 3166 583 3210 carnem
611 3148 820 3211 demonstrans
849 3158 880 3211 et
907 3150 1006 3215 vinum
1036 3151 1220 3229 sanguinem.
1269 3149 1312 3211 lta
1341 3157 1371 3211 st
1396 3154 1444 3221 aq

305 3251 478 3331 sanguinem
503 3250 642 3310 suumin
665 3250 733 3311 vino
756 3252 959 3325 consecravit,
986 3250 1037 3330 qui
1065 3262 1136 3314 tunc
1156 3252 1258 3314 vinum
1280 3251 1312 3312 in
1334 3244 1444 3335 sangi

305 3353 449 3433 figuravit.
1435 3352 1444 3411 l

139 3470 141 3474 ·
170 3468 285 3524 capsur.
388 3456 463 3527 Vae,
492 3453 548 3526 ait,
580 3471 634 3531 per
660 3469 747 3533 quem
776 3452 902 3513 traditur
929 3451 1006 3514 tilius
1035 3452 1176 3515 bominis.
1226 3453 1306 3533 Ergo
1333 3434 1444 3541 iam}

177 3530 289 3631 xxiiia,
304 3565 422 3617 constat
443 3553 665 3634 imprecationis
688 3562 717 3614 et
738 3542 978 3614 comminationis
1000 3552 1237 3616 inclamationem
1252 3554 1334 3616 intell
1435 3546 1438 3551 ’

304 3665 334 3716 et
356 3658 431 3716 irato
454 3663 485 3715 et
505 3656 623 3716 ollcnso
645 3653 861 3733 deputandam,
892 3653 950 3714 nisi
979 3653 1005 3714 ai
1028 3654 1115 3716 ludas
1137 3654 1258 3732 impune
1280 3663 1345 3716 erat
1364 3662 1390 3715 ta

303 3755 424 3817 sceleris
447 3755 604 3815 relaturus.
648 3756 706 3816 dut
728 3755 754 3815 si
776 3755 914 3833 impune,
937 3763 1020 3815 vacat
1034 3756 1108 3816 Vae:
1131 3754 1158 3815 si
1180 3774 1241 3816 non
1262 3756 1389 3835 impona,

304 3874 360 3934 quc
382 3854 419 3915 ab
442 3873 477 3914 eo
499 3856 667 3933 puniendus
689 3856 720 3918 in
742 3873 832 3935 quem
855 3856 952 3916 scelus
974 3855 1142 3917 traditionis
1164 3855 1292 3917 admisit
1330 3855 1419 3917 Pom

304 3957 403 4016 sciens
426 3974 534 4034 passus
557 3966 604 4017 est
625 3957 775 4043 bominem
804 3975 893 4036 quem
921 3955 987 4035 ipse
1016 3956 1168 4017 comitatui
1195 3976 1252 4019 suo
1283 3956 1360 4018 ascir

302 4064 413 4117 tautum
438 4056 535 4117 scelus
558 4076 663 4130 ruere,
696 4058 756 4119 noli
786 4057 844 4117 iam
873 4057 910 4118 de
931 4065 1066 4118 creatore
1088 4057 1165 4119 circa
1187 4059 1279 4120 Adam
1302 4065 1377 4121 retra

302 4159 428 4236 quaein
452 4164 534 4218 tuum
557 4176 674 4237 quoque
697 4159 784 4220 deum
805 4167 1032 4237 retorquentur,
1056 4167 1106 4220 aut
1127 4159 1283 4238 ignorasse
1305 4158 1400 4230 illum,

305 4341 344 4390 ll.
364 4344 495 4393 coiciamos
515 4343 556 4405 BG.
621 4343 661 4394 ¹2.
689 4346 805 4395 consistet
831 4345 855 4393 u.
883 4346 1005 4394 Vaticanus
1028 4352 1131 4410 uterque.
1174 4347 1284 4396 consistit
1308 4345 1387 4397 atat

303 4409 381 4458 llusor
399 4411 442 4459 BG.
493 4411 531 4459 ll.
551 4411 591 4458 Sic
610 4411 682 4460 utta.
706 4414 828 4462 Vaticanus
845 4419 948 4476 uterque.
985 4413 1031 4461 Sed
1051 4416 1087 4463 ab.
1132 4413 1170 4463 ta.
1189 4414 1339 4476 designato!
1356 4410 1424 4462 dd·

303 4477 333 4525 da
352 4478 387 4527 ad.
443 4477 482 4526 ll.
501 4478 638 4526 delineabat
656 4479 705 4538 (aut
724 4479 865 4539 deliniabat)
883 4481 949 4529 obad.
986 4480 1123 4529 declinabat
1141 4480 1183 4530 ltu.
1423 4502 1429 4511 ·

336 4611 360 4659 d.
385 4612 408 4659 in
428 4612 481 4659 toro
500 4609 640 4673 torcularis]
667 4613 755 4662 Forum
780 4620 816 4662 est
841 4614 864 4662 ln
917 4614 949 4662 lla
969 4614 1036 4664 linat
1064 4629 1117 4680 cap.
1135 4614 1173 4667 18.
1207 4616 1283 4666 Varro
1308 4608 1444 4701 beneq

302 4677 417 4727 torculari
436 4679 504 4727 locus
522 4693 570 4741 quo
589 4679 697 4729 detarnn
708 4682 760 4729 olea
775 4682 809 4729 rel
822 4696 864 4729 trra
917 4682 935 4741 l,
952 4682 992 4730 bl.
1428 4702 1444 4717 ·¹

303 4755 326 4794 ut
338 4754 469 4807 prematur.
489 4747 676 4807 interpretemur
689 4749 865 4798 Adr.Vurnebc
950 4749 1009 4811 Cap.
1027 4750 1084 4798 ΧΗ.
1114 4767 1135 4801 a.
1153 4751 1184 4801 de
1201 4759 1310 4802 creatore
1328 4750 1389 4801 circa

302 4812 865 4876 tdrerss.Vlll'll,l'l.p.1018.ubietbaec
915 4816 1059 4881 retractare]
1084 4818 1119 4867 ile
1143 4819 1190 4870 boc
1207 4826 1349 4882 argumento
1364 4832 1385 4869 r.
1425 4814 1443 4875 ¹,

301 4879 444 4931 Tertulliani
462 4883 532 4931 rerba
551 4883 661 4931 citantur.
697 4885 733 4933 cl.
752 4883 811 4933 Cato
831 4885 864 4934 lle
917 4884 958 4934 lib.
971 4883 999 4946 ll,
1018 4884 1156 4951 capbaqq.
1434 4892 1439 4903 '
