3242 5775
284 562 348 627 472
533 573 635 626 aaran
654 570 789 617 suanm
810 569 978 615 rmaanrra
999 569 1197 641 acarnaniam

286 728 401 791 stiauus
422 724 473 805 qui
494 740 559 785 eam
582 720 702 801 negabit
723 739 811 800 quam
840 720 1018 783 cantitentur
1040 717 1218 794 Christiani,
1252 728 1283 782 et
1303 719 1354 782 his

285 826 395 905 mentis
417 824 537 903 negabit
564 823 672 903 quibus
702 820 824 883 ¹'utitur
852 839 914 883 non
941 820 1138 883 Christianus.
1188 820 1307 882 ¹⁰duier
1337 822 1355 883 d

285 926 441 989 haereticis
465 925 485 956 ¹⁷
493 943 568 1004 quae
590 941 656 985 cum
679 922 807 984 ethnicis
831 922 968 1002 sapiunt,
992 930 1025 983 ut
1046 921 1083 983 de
1105 921 1262 1001 scripturis
1279 922 1356 983 solis

177 1085 186 1098 „
286 1027 402 1089 stiones
431 1044 501 1087 suas
524 1024 673 1097 ¹'sistaut,
706 1033 737 1086 et
764 1031 844 1086 stara
872 1041 933 1085 nou
962 1031 1112 1103 poterunt.
1173 1021 1355 1084 Communes

285 1144 395 1189 sensus
424 1125 597 1206 simplicitas
624 1124 690 1204 ipsa
717 1114 906 1186 commenddt
933 1132 964 1185 et
992 1123 1162 1203 compassio
1191 1123 1355 1185 sententiar

285 1227 468 1289 familiaritas
490 1225 682 1307 opinionum,
704 1243 801 1304 eoque
818 1224 992 1287 ¹'fideliores
1009 1224 1231 1298 existimantur,
1255 1224 1323 1303 quia
1341 1243 1355 1286 ι

284 1337 386 1409 aperta
408 1336 438 1390 et
459 1325 598 1389 omnihus
621 1333 692 1386 nota
713 1324 869 1386 deliniunt
919 1325 1005 1386 Ratio
1034 1315 1132 1387 aulem
1162 1325 1259 1386 divina
1282 1327 1313 1385 iu
1337 1346 1355 1387 u

284 1429 376 1503 ¹”est‚
398 1446 460 1488 nun
483 1427 514 1488 iu
536 1425 711 1506 superlicio,
734 1433 764 1487 et
785 1425 960 1504 plerumque
982 1426 1096 1487 aemula
1119 1426 1296 1488 manifestis.

166 1539 265 1597 caan.
368 1528 469 1607 ltaque
491 1526 632 1599 haeretici
654 1525 723 1589 inde
745 1526 845 1587 statim
860 1526 1022 1605 incipiunt,
1046 1526 1158 1596 atinde
1173 1536 1354 1606 praestruuu

216 1611 220 1616 ¹
283 1630 354 1692 hinc
375 1613 605 1701 ¹iutcrstruunt,
627 1627 706 1688 unda
729 1626 827 1688 sciunt
847 1626 932 1687 iacile
955 1626 1019 1705 capi
1042 1636 1176 1700 mentes,
1200 1628 1237 1688 de
1251 1647 1351 1689 comm

283 1729 437 1793 favorabili
459 1746 613 1789 sensuum.
648 1727 692 1790 Aa
715 1726 794 1788 aliud
816 1726 902 1806 prius
924 1726 970 1788 rel
991 1726 1085 1805 magis
1108 1727 1211 1789 audias
1234 1727 1289 1788 ¹ab
1312 1729 1354 1791 ha

285 1849 372 1911 quam
393 1830 430 1892 ab
453 1826 598 1891 ethnico?
627 1837 657 1890 et
677 1826 751 1888 'non
774 1827 913 1907 protinus
937 1836 966 1888 et
988 1845 1049 1887 non
1072 1827 1182 1907 ubique
1205 1828 1354 1890 conviciun

282 1932 348 2005 nis,
371 1931 402 1992 in
426 1929 589 2009 originem,
613 1928 644 1989 in
667 1928 836 2001 materiam,
860 1927 890 1988 in
913 1945 1030 2001 casum,
1054 1927 1085 1987 in
1108 1947 1228 1988 omnem
1252 1929 1354 1990 exitun

283 2030 453 2093 immundae
474 2048 490 2091 a
512 2028 677 2109 primordio
700 2047 737 2090 ox
757 2026 889 2089 faecibus
907 2035 1020 2102 terrae,
1043 2027 1251 2090 immundioris
1267 2029 1354 2092 deinc

283 2130 409 2192 seminis
432 2130 478 2192 sui
500 2128 589 2203 limo,
617 2128 755 2202 friuolae,
784 2128 935 2202 infirmae,
964 2128 1158 2200 criminosae,
1187 2129 1353 2193 ‘onerosae

281 2230 390 2306 lastae,
426 2240 456 2292 et
481 2238 553 2310 post
581 2238 676 2291 totum
702 2228 896 2309 ignobilitatis
925 2229 1071 2308 elogium·
1099 2229 1225 2290 caducae
1255 2230 1285 2291 in
1316 2251 1353 2292 or

284 2340 393 2393 terram
415 2339 445 2392 et
466 2330 617 2393 cadaveris
638 2348 765 2403 noman,
788 2337 819 2390 et
840 2328 877 2390 de
899 2330 957 2391 isto
980 2349 1099 2409 quoque
1121 2330 1242 2392 nomine
1258 2333 1354 2411 perito

283 2432 396 2493 nullum
418 2432 487 2494 inde
508 2432 566 2493 iam
589 2449 715 2504 nomen,
737 2429 768 2491 in
785 2430 884 2491 omnis
900 2430 975 2492 ‘iam
991 2429 1123 2492 vocabuli
1139 2431 1309 2494 morteuil?
1340 2434 1353 2494 l

284 2550 356 2611 ergo
378 2531 441 2591 ‘vir
463 2532 583 2612 sapiens
606 2539 636 2593 et
656 2530 734 2591 risui
763 2539 793 2591 et
815 2530 963 2592 contactui
991 2539 1022 2591 et
1049 2532 1216 2593 recordatui
1246 2540 1297 2594 tuo
1328 2553 1353 2595 er

236 2679 243 2687 .
282 2629 483 2711 'persuadere
504 2630 565 2704 ris,
599 2630 679 2709 quod
701 2649 736 2693 se
756 2639 912 2710 receptura
935 2630 1110 2710 quandoque
1140 2633 1179 2692 sit
1201 2633 1232 2692 in
1253 2634 1353 2713 integr

282 2739 442 2810 corrupto,
475 2730 507 2791 in
530 2730 658 2792 solidum
680 2731 718 2793 de
739 2749 844 2804 casso,
878 2731 908 2791 in
929 2730 1049 2811 plenum
1072 2732 1109 2794 de
1131 2733 1261 2807 inanito,
1299 2734 1330 2796 io

284 2824 407 2895 omnino
429 2830 467 2893 de
488 2829 607 2906 nihilo·,
631 2841 661 2895 et
682 2832 784 2912 utique
805 2831 1048 2895 'redhibentibus
1070 2831 1155 2895 'eam
1178 2833 1297 2914 ignibus
1322 2844 1353 2899 et

284 2939 314 2993 et
335 2930 434 2992 ιοιΙιίι
463 2931 591 2993 ferarum
620 2940 650 2994 et
679 2933 800 2994 ¹¹rumis
824 2932 924 2995 alitum
948 2942 978 2995 et
999 2933 1122 2996 lactibus
1145 2935 1291 3016 piscium¹
1322 2946 1353 2999 et

283 3049 353 3093 rum
374 3028 570 3109 ¹²temporum
592 3033 714 3111 propria
735 3030 827 3112 gula?
868 3034 990 3097 Adeone
1019 3045 1117 3098 autem
1147 3037 1249 3098 eadem
1272 3056 1353 3117 spera

287 3215 326 3266 ih.
344 3222 444 3266 utuntur
461 3229 511 3265 uuo
529 3214 659 3265 Christiani
678 3218 921 3270 coerceamus.
982 3220 1019 3269 16.
1039 3221 1113 3271 duler
1129 3222 1269 3285 Allarqclcd.
1312 3225 1353 3274 lul

183 3290 192 3304 ‘
286 3282 327 3333 l'l.
345 3298 407 3347 quae
425 3293 479 3333 cum
498 3283 600 3332 ethuicia
619 3284 671 3334 lad.
706 3298 872 3350 quaecumque
891 3286 978 3336 ethnici
997 3288 1116 3355 AllC.trea
1132 3291 1243 3340 Vaticani.
1281 3289 1321 3340 18.
1341 3291 1353 3340 ir

284 3352 398 3402 latiales.
453 3349 493 3400 111.
511 3350 635 3400 ssdaliorea
655 3351 717 3413 Casu.
769 3350 812 3400 2⁰.
831 3362 867 3402 est
885 3357 965 3404 cml.

351 3418 412 3481 Cap.
429 3417 466 3468 rt.
511 3418 535 3468 1.
554 3418 692 3480 ingstruunt
708 3417 734 3467 1.
775 3419 945 3470 incoaatmunt
969 3422 993 3470 Β.
1054 3422 1080 3472 l.
1098 3431 1146 3472 tam
1165 3424 1194 3471 ab
1214 3424 1336 3476 haeretico

282 3486 363 3536 Falar'o
383 3487 473 3536 ursina.
526 3484 550 3535 ³.
569 3499 618 3535 nau
636 3485 748 3549 proriam
766 3501 811 3535 ona.
823 3487 845 3536 b.
881 3486 968 3538 Habent
985 3490 1078 3554 reliqui,
1099 3498 1120 3540 et
1137 3497 1183 3540 trra
1193 3492 1304 3541 Vaticani.

283 3566 355 3602 rusae
372 3553 454 3602 arad.
513 3553 537 3602 h.
555 3551 665 3602 vocabuli
684 3552 731 3600 iam
749 3553 775 3603 1.
828 3551 851 3602 6.
871 3554 1025 3606 viriacum.
1067 3558 1150 3606 iisd.
1203 3558 1227 3606 7.
1252 3561 1352 3622 persuau'

283 3619 349 3683 quud
366 3635 397 3682 a,
417 3621 446 3669 de
463 3620 531 3669 libris
550 3620 668 3682 Caapaair'.
704 3619 861 3682 persuadere,
885 3622 949 3685 qood
967 3625 1059 3687 reliqui.
1112 3623 1135 3674 8.
1155 3625 1352 3677 rebibentibual

282 3686 395 3736 baatibua
413 3690 438 3738 1.
474 3687 640 3736 rabibaotibua
660 3685 684 3735 C.
734 3686 758 3736 a.
778 3701 807 3736 ea
825 3688 970 3749 imaginibus
987 3691 1049 3739 180.
1104 3691 1143 3741 to.
1161 3691 1223 3741 aliua
1240 3693 1302 3743 180.
1350 3701 1352 3743 ἱ

283 3753 321 3803 nia
337 3754 400 3804 auc.
454 3752 494 3803 11.
512 3762 650 3817 temporum
669 3753 785 3804 maen
820 3755 915 3805 aucuia
931 3758 1031 3819 misaam
1048 3760 1077 3807 de
1094 3761 1144 3809 saia
1162 3762 1230 3810 codd.
1250 3760 1352 3824 Gongaer'

316 3884 375 3948 Cap.
395 3883 431 3934 ll.
459 3898 480 3933 a.
500 3880 786 3953 ignobilitatiaalogium]
805 3887 844 3938 Cl.
896 3888 994 3939 Curcul.
1004 3889 1035 3950 ll,
1048 3890 1072 3948 3,
1083 3891 1129 3940 to:
1148 3892 1200 3952 „lta
1219 3894 1266 3943 cibi
1284 3895 1352 3945 raeiri

283 3951 374 4001 aduott
392 3951 422 4001 ad
441 3951 475 3999 lla
493 3951 588 4002 Corona
608 3952 695 4017 caph.
896 3957 937 4005 nio
963 3955 1023 4006 laris
1050 3958 1179 4008 lactr'lrra.“
1223 3960 1304 4011 Cloaa.
1335 3963 1352 4012 Ρ

316 4018 340 4067 h.
365 4019 389 4066 ln
416 4019 495 4067 onnia
513 4021 560 4068 iata
578 4020 686 4070 vocabuli
705 4017 832 4073 mortem?
896 4037 950 4086 pag.
967 4022 1022 4074 129.
1046 4025 1127 4074 liuto:
1154 4027 1270 4088 „lactea‚
1299 4023 1352 4092 λομ

281 4084 375 4134 Etenim
400 4086 488 4134 nortui
513 4086 627 4137 desinont
650 4102 705 4138 ease
729 4089 827 4153 quicqui
896 4082 1069 4155 σπλάγχνων,
1096 4085 1180 4141 λεκτὰ
1202 4085 1300 4160 ἔντερα
1319 4101 1352 4143 ‘ra

283 4151 339 4201 dum
366 4152 470 4202 riserant
492 4154 638 4204 rotabantur
665 4164 689 4204 et
713 4156 760 4205 iam
787 4164 845 4205 sont
896 4163 994 4222 φων.“
1040 4161 1119 4209 Closs.
1145 4160 1226 4222 Cprilli
1256 4175 1280 4224 p.
1295 4161 1352 4212 529.

281 4217 351 4268 nulli.
386 4219 447 4268 Plin.
466 4220 494 4270 ll.
512 4221 540 4270 Ν.
559 4222 580 4271 ll
598 4217 736 4288 [cap.63.],
754 4225 795 4274 ubi
814 4224 843 4273 da
895 4220 1004 4287 „Aaploi
1022 4225 1078 4272 τῶν
1094 4221 1221 4292 ἐντέρων,
1242 4229 1351 4280 haslach

281 4292 365 4335 natura
384 4295 470 4336 terras.
489 4288 595 4352 (Rigalt.)
895 4293 978 4354 gulare
997 4309 1044 4343 uon
1064 4297 1162 4344 habat.¹‘
1208 4295 1333 4345 Onomast.

315 4367 336 4401 c
354 4352 379 4402 iu
397 4353 488 4418 aliqoid
512 4358 612 4407 omniuo
636 4357 667 4406 da
691 4357 750 4407 nihil
807 4356 844 4409 Ci.
895 4360 945 4409 lat.
964 4360 1002 4410 ed.
1022 4361 1087 4410 Volo.
1105 4361 1186 4424 pil:
1203 4364 1351 4429 „lacteam

280 4419 381 4481 Cragor.
391 4421 459 4484 llpsa.
474 4422 506 4472 lla
520 4423 583 4487 Opil.
595 4423 664 4474 llum.
675 4440 746 4489 capp.
786 4424 843 4475 .28.
894 4432 991 4490 μοι’*
1037 4429 1144 4479 Clusaar.
1162 4429 1213 4478 Lat.
1239 4430 1269 4479 ab
1287 4434 1352 4493 luga

313 4485 337 4536 d.
356 4486 459 4537 lactibus
477 4485 593 4555 piscium]
611 4491 672 4542 Plio.
686 4492 749 4543 llll.
762 4492 841 4552 hl,3“l
894 4494 950 4544 adit
968 4496 993 4544 in
1011 4498 1088 4546 luctt
1107 4496 1185 4546 Claaa.
1203 4505 1263 4546 tom.
1272 4497 1332 4560 1111,

279 4552 331 4614 „lb
350 4553 397 4604 huc
414 4557 546 4606 ventriculo
564 4559 636 4608 lactea
660 4560 684 4608 iu
702 4559 800 4610 homine
819 4568 843 4609 et
892 4563 1002 4622 „larun
1032 4578 1089 4627 para
1113 4564 1293 4627 intactiooram,
1320 4580 1351 4616 aa

278 4635 331 4680 ore,
348 4635 394 4685 per
411 4637 471 4686 quar
490 4623 579 4673 labitur
605 4625 682 4685 cibus,
705 4627 728 4676 in
753 4628 841 4678 cetaria
894 4629 1062 4692 coagulatur.“

277 4687 367 4750 hillaa3
391 4690 510 4754 aquibus
534 4694 660 4755 capaciora
680 4694 791 4744 intestina
811 4695 841 4744 ad
927 4697 1050 4745 academ
1070 4694 1219 4763 sperabitur]
1237 4699 1274 4750 Ci.
1291 4701 1351 4751 iulra

225 4778 227 4781 ·
279 4754 375 4819 alrum“
394 4765 450 4807 cett.
485 4758 600 4809 Priscian.
621 4759 727 4821 vuaso
762 4763 840 4812 Plaut
894 4772 917 4814 et
935 4763 1036 4827 capsa.
