3242 5775
310 643 371 710 136
558 660 658 710 aarum
681 659 811 703 serrium
833 657 997 700 recasuras
1021 657 1216 701 rennuerunt

280 796 282 802 '
307 818 404 871 tamen
417 808 592 883 nativitatis,
615 817 719 889 utpote
733 808 770 870 de
785 807 936 877 elementis
953 826 1016 869 eam
1032 806 1221 870 ³mutuatum.
1251 808 1370 881 Quodsi
1385 827 1397 868 r

305 895 393 970 hatur
412 909 540 971 Marcion
570 928 607 972 ne
635 911 707 972 hdes
736 910 833 971 carnis
861 909 1017 971 nativitatis
1046 927 1162 988 quaque
1190 908 1278 970 iidem
1307 910 1397 971 induc

194 1077 196 1081 ,
305 1010 371 1073 sine
392 1010 481 1072 dubia
503 1012 553 1091 qui
575 1012 664 1073 hama
687 1012 853 1084 videbatur,
886 1018 973 1071 natus
996 1010 1096 1090 ntique
1120 1010 1301 1072 credebatur.
1347 1010 1397 1073 Nar

164 1124 297 1176 maxim.
307 1111 412 1174 mulier
433 1114 574 1192 quaedam
596 1113 820 1186 exclamaverat,
852 1110 960 1172 Beatus
989 1120 1104 1185 venter,
1135 1110 1183 1191 qui
1213 1120 1241 1173 te
1261 1112 1390 1191 portarit

164 1210 412 1315 Μξῗξὴφιώοη,
435 1232 510 1294 quae
523 1203 675 1276 ‘hausisti
709 1214 745 1274 Et
766 1212 916 1292 mornado
939 1221 1032 1274 mater
1054 1222 1083 1273 et
1105 1191 1210 1273 iratres
1234 1199 1298 1273 eius
1314 1213 1385 1275 dicti

305 1316 378 1379 laris
401 1314 504 1377 stare?
546 1315 584 1376 Et
605 1315 768 1377 videbimus
790 1316 827 1376 de
849 1315 896 1376 his
920 1314 1054 1393 capitulis
1075 1315 1148 1375 ‘sua
1172 1312 1336 1393 temporat.
1383 1313 1397 1377 (

303 1437 369 1481 cum
391 1425 421 1478 et
442 1418 507 1498 ipse
529 1437 561 1479 se
583 1416 674 1479 hlium
697 1416 826 1477 hominis
854 1415 1051 1495 praedicaret,
1085 1425 1181 1477 natum
1210 1414 1323 1476 scilicet
1345 1434 1397 1494 pra

304 1519 397 1581 batur.
433 1518 570 1581 Nuncut
592 1517 784 1580 haecomnia
806 1518 842 1578 ad
865 1516 1004 1596 evangelii
1027 1515 1189 1577 distulerim
1213 1516 1397 1579 examinatior

305 1628 417 1693 tamen,
447 1620 525 1699 quad
548 1637 637 1699 supra
660 1619 763 1692 statui,
797 1618 824 1679 si
846 1618 926 1679 amni
948 1619 1037 1679 mado
1060 1625 1147 1679 natus
1169 1617 1248 1678 credi
1271 1618 1397 1680 habebat

305 1722 394 1782 hama
416 1721 582 1794 ridebatur,
610 1720 701 1782 ‘vane
723 1719 881 1781 nativitatis
903 1719 991 1780 iidem
1013 1718 1137 1780 consilia
1160 1718 1349 1797 imaginariae
1370 1737 1397 1781 ca

214 1895 219 1906 ¹
304 1822 562 1903 'expungendam'
587 1822 706 1902 putavit.
752 1822 828 1895 Quia
856 1821 934 1882 enirn
963 1821 1074 1900 praiuit
1103 1837 1161 1880 nan
1184 1839 1253 1881 vere
1275 1820 1397 1881 luisset

307 1942 361 2003 pra
383 1942 453 1985 vero
475 1923 649 1994 haberetur,
671 1932 730 1983 tam
752 1941 869 1984 carnem
892 1940 978 2001 quarn
1000 1919 1202 1982 nativitatem?
1234 1921 1292 1981 hut
1306 1922 1331 1982 si
1347 1922 1396 1984 dix

239 2055 243 2068 ·
303 2024 408 2086 viderit
429 2025 529 2104 npinia
553 2024 694 2086 humana:
722 2022 778 2086 iam
801 2024 888 2085 deum
911 2030 993 2083 tuum
1016 2024 1145 2083 hauaras
1167 2021 1295 2083 fallaciae
1318 2023 1397 2085 titula

305 2125 383 2188 aliud
411 2145 445 2187 se
474 2125 586 2187 sciebat
611 2143 680 2186 esse
707 2143 793 2205 quam
821 2123 900 2204 quad
929 2124 1066 2184 homines
1096 2124 1205 2184 lecerat
1232 2124 1356 2202 opinari.

303 2235 373 2288 tunc
393 2227 516 2307 patuisti
537 2227 642 2288 ⁸euam
664 2215 840 2287 nativitatem
863 2226 1019 2304 putativam
1044 2224 1082 2284 illi
1104 2225 1360 2297 accommodasse,
1381 2243 1397 2286 n

303 2327 378 2389 hanc
399 2347 515 2408 quaque
536 2328 712 2407 impegisses
726 2326 940 2408 quaestionem.
973 2326 1045 2387 Nam
1067 2334 1097 2386 ct
1117 2325 1304 2386 mulierculae
1327 2343 1397 2387 nani

145 2489 151 2500 ,
260 2462 266 2474 =
304 2445 389 2507 quam
411 2440 608 2510 praegnantes
636 2429 693 2489 sihi
723 2428 858 2491 ridentur
885 2436 936 2489 aut
963 2427 1115 2507 sanguinis
1138 2425 1266 2488 tributa‘
1293 2425 1397 2488 autel

303 2529 465 2591 valetudine
487 2531 613 2591 inflatae.
657 2530 694 2590 Et
714 2533 813 2609 utique
835 2529 975 2592 debuerat
996 2528 1205 2608 phantasmatis
1228 2547 1346 2589 scenam
1368 2527 1397 2588 de

303 2630 447 2703 currisse,
481 2649 519 2691 ne
546 2630 690 2710 originem
718 2629 832 2692 'carnis
860 2648 921 2690 nan
952 2630 1167 2700 ¹⁰desaltasset,
1201 2630 1252 2708 qui
1282 2630 1397 2708 ¹¹persar

303 2730 485 2793 substantiae
507 2731 600 2811 ipsius
623 2731 762 2811 egissem.
804 2733 894 2793 Plana
923 2731 1077 2793 nativitatis
1100 2729 1283 2791 mendacium
1305 2748 1397 2792 recusa

304 2834 399 2914 ipsam
421 2833 496 2894 enim
520 2851 635 2895 carnem
658 2851 755 2895 veram
778 2833 905 2895 edidisti.
942 2832 1158 2913 Turpissimum
1182 2830 1293 2894 scilicet
1314 2830 1397 2893 deiet

303 2952 370 2995 vera
392 2935 539 2996 nativitas.
582 2935 642 3013 hge
664 2935 737 3009 iam,
770 2954 877 3015 perara
904 2934 935 2996 in
964 2934 1011 2995 illa
1038 2935 1223 2996 sanctissima
1252 2941 1281 2994 et
1306 2950 1397 3029 revera

303 3052 392 3114 opera
414 3043 550 3106 naturae,
573 3037 711 3097 invehere
732 3037 762 3097 iu
786 3045 880 3097 tatum
903 3035 980 3116 quad
1004 3035 1080 3096 ¹²es:
1103 3036 1201 3096 carnis
1222 3044 1309 3113 atque
1324 3032 1397 3097 ¹³aui

303 3133 446 3213 arigidem
469 3137 605 3211 destrue3
628 3136 754 3198 cloacam
771 3137 868 3198 ¹⁴vaca
883 3147 999 3198 uterum
1021 3137 1091 3198 tanti
1114 3137 1265 3209 animalis,
1288 3137 1316 3197 ivl
1339 3143 1384 3198 est

302 3237 390 3298 minis
411 3239 593 3318 producendi
616 3237 777 3312 officinam3
805 3258 983 3327 persequere
1006 3247 1036 3299 et
1056 3246 1156 3316 partus
1179 3237 1327 3299 immunda
1355 3248 1385 3300 et

302 3338 397 3400 denda
419 3349 580 3412 tormenta,
603 3350 633 3402 et
653 3339 748 3420 ipsius
771 3340 877 3401 exinde
897 3340 1045 3420 puerperii
1069 3357 1210 3418 spurcas,
1238 3339 1355 3414 anxias,
1383 3336 1397 3400 l

303 3459 370 3504 cras
386 3442 512 3505 extaret.
551 3443 660 3504 'lamen
683 3459 748 3503 cum
771 3441 869 3503 amnia
890 3442 947 3502 ista
969 3440 1164 3514 destruxeris,
1186 3449 1220 3502 ut
1241 3441 1297 3501 alea
1320 3438 1397 3501 ”ind

303 3543 476 3618 cautirmes,
508 3563 566 3605 uan
595 3543 651 3605 erit
678 3542 828 3621 indignior
855 3550 951 3604 marte
977 3542 1111 3602 nativitas
1133 3550 1163 3601 ct
1184 3560 1270 3602 cruce
1292 3534 1397 3603 infantia

303 3652 405 3703 natura
427 3662 522 3722 paena
543 3654 574 3705 et
595 3663 682 3706 carne
705 3643 862 3705 damnatio.
900 3643 931 3704 Si
954 3661 1023 3703 vere
1046 3644 1100 3704 ista
1122 3662 1230 3723 passus
1252 3654 1298 3704 est
1316 3638 1397 3704 Chris

304 3743 401 3804 miuus
418 3744 499 3805 ¹⁶tuit
513 3745 603 3805 nasci.
641 3746 672 3806 Si
695 3743 847 3805 mendacia
869 3764 975 3825 passus
992 3744 1080 3814 ¹⁷est,
1103 3753 1136 3804 ut
1156 3736 1345 3824 phantasma,
1365 3760 1397 3824 pa

303 3930 328 3979 3.
346 3938 475 3979 mutuatam
493 3932 519 3979 Α.
561 3929 584 3979 4.
602 3932 726 3994 sumpsisti
748 3931 868 3982 Vaticanus
886 3934 951 3994 aiter,
971 3934 1012 3982 aab
1024 3933 1188 3996 qaol’ameliar
1200 3932 1271 3982 latere
1287 3938 1354 3997 palat
1369 3944 1397 3985 su

263 4015 268 4033 ¹
304 3997 327 4046 5.
346 3996 369 4047 iu
387 4011 431 4045 sna
453 3998 554 4048 Vaticani
571 4000 624 4048 dua.
676 3999 700 4048 6.
719 4013 791 4048 vanae
810 3998 834 4050 a.
887 4000 910 4050 l.
929 4000 1107 4064 expugnandam
1126 4000 1169 4049 AC.
1213 3999 1237 4049 8.
1256 4002 1320 4050 etl.
1365 3998 1395 4057 ii.

304 4079 358 4114 nem
376 4064 434 4115 ABG.
469 4079 579 4115 carneam
599 4066 733 4116 Falaaiaa.
780 4067 818 4116 10.
837 4067 966 4118 deuitasset
982 4067 1041 4117 ABG.
1090 4068 1130 4116 ll.
1148 4070 1290 4130 personari.
1334 4064 1397 4117 tat

306 4132 344 4182 ta.
362 4134 455 4182 animae
472 4135 564 4184 amaa.
613 4133 651 4183 14.
670 4150 726 4184 vaae
745 4136 843 4185 anast.
890 4137 928 4186 lh.
947 4135 1040 4197 indigna
1059 4138 1095 4185 cd.
1117 4136 1273 4186 Vatiaaaararn
1291 4136 1357 4186 alter.
1387 4132 1397 4201 μ’

302 4203 394 4266 reliqui.
447 4198 486 4249 te.
505 4202 548 4251 luit
565 4202 624 4252 Alta.
659 4203 744 4252 luisset
760 4204 853 4266 reliqui.
907 4204 946 4254 i'l.
965 4205 1009 4253 luit
1029 4203 1130 4254 Vaticani
1148 4206 1202 4253 dau.

336 4336 360 4385 d.
377 4351 422 4385 sua
446 4332 574 4414 tempore]
598 4337 623 4386 V.
648 4337 681 4385 lle
704 4335 782 4385 Carne
799 4336 855 4386 Chr.
940 4354 963 4402 g.
990 4338 1030 4403 qui
1057 4352 1185 4403 personam
1212 4336 1359 4389 substantiae
1383 4336 1397 4415 Ι]

303 4417 355 4467 cap.
366 4403 390 4452 i.
418 4404 471 4453 ddi.
492 4405 601 4453 Marcion.
622 4405 657 4462 lll,
669 4403 709 4452 26.
907 4401 1015 4470 egisset]
1034 4406 1154 4455 Debuerat
1171 4419 1198 4454 ex
1212 4414 1261 4456 tota
1274 4407 1364 4456 sarrire
1374 4420 1397 4457 aa

324 4474 358 4520 ψ
377 4467 620 4588 expungendamlmld
647 4480 683 4520 est
701 4469 856 4589 implepidam,
907 4483 1084 4590 1entsrrsceptam
1104 4474 1207 4553 tabulam
1225 4474 1397 4552 perageretllrt

303 4551 540 4670 tltltl’lnl.
559 4547 708 4672 ...f'ttlffi
725 4547 762 4589 ⁰⁸¹
796 4555 856 4591 ⁰⁰⁰
907 4542 1397 4674 ..tlfttntl'.t..l'¹tl:l.tt“¹t

337 4676 355 4725 i.
372 4677 494 4739 sanguinis
513 4671 612 4740 tributa]
640 4675 680 4724 Sic
704 4674 745 4724 lib.
763 4674 793 4725 de
810 4675 856 4725 Va·
906 4678 1058 4727 nativitatem.
1083 4678 1123 4728 Sic
1140 4679 1202 4727 enim
1222 4678 1397 4741 phantasmatis

303 4742 366 4793 land.
385 4744 445 4806 virg.
463 4738 526 4808 [cap.
544 4741 584 4809 li]
609 4745 655 4804 „Et
672 4744 750 4808 pudor
768 4743 856 4807 ubique
906 4759 960 4794 nam
980 4746 1162 4798 decucurrisset.
1181 4745 1338 4806 (Rhenanus.)

303 4814 407 4873 vestitur,
434 4820 457 4862 et
475 4826 569 4862 menses
587 4814 672 4863 tributa
691 4811 855 4878 dependunt“
940 4813 962 4862 h.
981 4812 1087 4863 ludicras
1105 4809 1201 4877 exitas}
1218 4814 1335 4865 Similiter
1353 4812 1397 4883 lap

303 4879 407 4953 (Rigalt)
434 4880 470 4934 at.
488 4881 617 4933 aduattad
629 4880 735 4932 lteOrat
753 4878 854 4946 capit.
905 4881 938 4932 lle
956 4881 1033 4932 carue
1045 4881 1106 4932 tlhr.
1125 4882 1211 4952 cappa.
