3242 5775
322 617 386 681 ⁴04
571 630 672 683 cumr!
694 629 824 674 ΒΕΠΙΙΙΙ
845 630 1011 674 recasurus
1033 613 1244 673 astruamus

324 781 427 847 eadem
454 780 637 861 neglegentia
665 781 695 842 in
725 779 957 843 ¹'exterminium
993 778 1152 843 discretis*
1183 796 1258 859 quae
1287 773 1436 838 acciderat
1463 774 1493 835 in

323 884 442 947 casibus
464 883 578 945 matris.
623 882 681 944 Sed
703 883 782 944 enim
804 882 960 944 exercitata
988 882 1057 943 vitia
1080 889 1109 942 rt
1132 880 1213 943 ‘'usu
1236 879 1363 940 viriosa‘
1385 879 1491 938 confu-

324 984 384 1059 dit;
406 992 494 1065 atque
516 986 556 1046 it'a
577 984 745 1046 massaliter
759 983 883 1046 solidata
900 982 1027 1045 ¹‘defixit
1048 1001 1184 1045 seorsum
1206 982 1236 1044 in
1258 979 1400 1041 materiae
1423 997 1491 1039 cor-

284 1125 286 1129 ·
323 1085 461 1167 poralem'
476 1095 659 1165 paraturam,
683 1093 868 1147 commutans
891 1104 927 1147 ex
949 1083 1128 1165 incorporali
1142 1083 1286 1165 passione
1301 1081 1392 1143 indita
1411 1080 1491 1140 ¹⁶ha-

322 1186 464 1250 hilitatem
497 1195 584 1267 atque
615 1181 766 1260 naturam,
803 1205 860 1267 qua
892 1186 1046 1267 pervenire
1075 1205 1144 1248 mox
1170 1193 1277 1267 posset
1304 1185 1334 1245 in
1361 1181 1493 1243 aemadas

323 1288 585 1369 ¹⁸acquiparantias
607 1288 871 1367 corpulentiarum,
899 1296 933 1350 ut
960 1287 1067 1368 duplex
1094 1286 1326 1350 substantiarum
1355 1282 1491 1345 condicio

324 1389 525 1462 ordinaretur,
554 1389 592 1451 de
613 1388 691 1450 vitiis
712 1389 859 1470 pessima,
887 1389 924 1451 de
947 1389 1145 1451 conversione
1166 1384 1368 1469 passionatist
1411 1384 1492 1445 ilaec

324 1491 383 1552 crit
407 1491 546 1563 materia,
579 1509 654 1571 quae
680 1508 738 1552 nos
766 1491 915 1553 commisit
942 1509 1008 1553 cum
1030 1491 1218 1568 Hermogene
1245 1488 1413 1566 ceterisque
1441 1487 1492 1565 qari

323 1591 410 1654 deum
434 1611 468 1653 ex
491 1592 628 1665 materia,
649 1611 710 1653 non
733 1610 769 1654 ex
791 1592 899 1667 nihilo,
922 1601 1075 1672 operatum
1098 1599 1201 1654 cuncta
1223 1596 1429 1670 praesumunt.

130 1773 140 1792 Ι
179 1723 307 1783 (ψῃ,
409 1692 522 1755 Abhinc
537 1692 713 1755 'Achamoth
735 1694 870 1774 expedita
892 1694 1009 1756 tandem
1030 1695 1067 1756 de
1088 1693 1173 1755 malis
1197 1691 1333 1753 omnibns
1349 1709 1419 1752 eece
1434 1690 1490 1750 iarn

323 1796 440 1876 proficit
460 1803 491 1857 et
512 1795 543 1856 in
566 1813 656 1875 opera
678 1794 788 1858 maiora
811 1795 960 1875 frugescit.
1009 1796 1084 1857 Prae
1111 1795 1217 1875 gaudio
1240 1794 1317 1855 enim
1339 1791 1415 1853 tanti
1437 1790 1489 1851 'es

322 1896 491 1959 infelicitate
524 1914 682 1959 successus
715 1896 908 1959 concalefacta
945 1896 1092 1977 simulque
1125 1895 1375 1976 contemplatione
1407 1892 1490 1973 ’ipsa

322 1998 521 2081 angelicomm
542 1997 702 2072 luminum,
736 2006 770 2060 ut
789 1998 829 2066 ita
857 1997 997 2071 dixerim,
1024 1998 1254 2060 subfermentata
1283 1996 1404 2076 (pudet,
1437 1994 1490 2055 sed

322 2099 407 2163 aliter
427 2099 590 2181 exprimere
611 2117 673 2161 non
696 2106 754 2177 est)
776 2100 994 2180 qraodammodo
1016 2100 1150 2162 ‘subavit
1171 2100 1299 2162 ⁵intcrea
1321 2107 1352 2159 et
1373 2098 1438 2178 ipsa
1459 2096 1489 2156 in

321 2201 406 2277 illos,
438 2209 469 2264 et
488 2210 629 2282 conceptu
657 2202 755 2263 statim
784 2201 921 2264 intumuit
947 2201 1107 2283 ‘spiritali,
1144 2203 1179 2263 ad
1208 2201 1364 2280 imaginem
1394 2198 1490 2279 ipsam

322 2321 410 2384 quam
437 2302 482 2364 ris
511 2301 647 2365 laetantis
673 2303 720 2364 'et
745 2302 854 2364 laetitia
886 2301 1046 2382 pmrientis
1075 2302 1247 2364 intentionis
1275 2300 1432 2363 imbiberat
1462 2310 1492 2360 et

321 2404 378 2467 sihi
400 2403 559 2486 intimarat.¹
600 2405 719 2485 Peperit
739 2404 881 2485 denique,
915 2412 946 2466 et
965 2405 1038 2467 facta
1060 2404 1124 2467 'est
1152 2404 1257 2466 exinde
1277 2402 1395 2465 trinitas
1416 2401 1488 2481 ’ge-

320 2524 425 2568 nerum
448 2524 483 2566 ex
505 2505 634 2567 trinitate
656 2524 826 2579 causamm,
856 2524 946 2569 unum
969 2506 1132 2579 materiale,
1166 2506 1243 2586 quod
1273 2524 1309 2566 ex
1336 2504 1489 2585 passione,

322 2606 400 2668 alind
427 2605 568 2679 animale,
602 2607 680 2685 quod
710 2626 744 2668 ex
773 2609 983 2682 conversione,
1017 2608 1136 2670 tertium
1166 2606 1313 2687 spiritale,
1349 2605 1430 2686 quod
1452 2624 1488 2665 ex

321 2705 540 2787 imaginatione.
1357 2706 1361 2715 '

322 2893 362 2944 12.
380 2901 510 2942 extremum
528 2893 680 2945 discretionis
697 2894 876 2959 (discreptionis
895 2896 931 2956 li.)
958 2896 1116 2961 quostquam
1135 2898 1171 2949 a.)
1189 2897 1231 2946 AB.
1290 2896 1329 2945 1³.
1354 2895 1405 2943 risit
1430 2909 1488 2944 ossa

320 2961 363 3010 riri
383 2961 506 3011 confundit
522 2961 566 3011 lli.
604 2960 886 3013 thamnathaeam.
922 2963 962 3013 lb.
982 2964 1176 3014 habitabilitatem
1194 2968 1219 3014 Α.
1241 2964 1341 3015 Vaticani
1351 2970 1407 3012 tres.
1447 2962 1488 3012 16.

322 3029 515 3093 aequiparantias
531 3029 575 3079 ΔΒ.
1035 3083 1038 3091 ,

389 3096 446 3161 Cap.
464 3096 532 3146 xvii.
577 3096 599 3146 f.
617 3097 871 3148 AchamothalBGob.
931 3097 954 3147 2.
973 3099 1025 3147 exin
1050 3098 1163 3147 felicitate
1181 3101 1218 3149 cb.
1269 3098 1292 3149 3.
1310 3099 1362 3162 ipsa
1382 3100 1487 3148 ocelli,

320 3165 347 3215 l.
364 3164 456 3214 subavit
473 3165 539 3215 ebed.
573 3163 692 3214 substruit
707 3165 769 3216 Aac.
786 3166 924 3217 Pithecusas
941 3168 1022 3217 codes.
1074 3166 1098 3215 b.
1118 3167 1207 3215 interea
1226 3175 1249 3216 et
1268 3169 1318 3231 ipsa
1337 3181 1387 3230 ego.
1424 3168 1487 3216 intra

322 3241 347 3281 st
362 3233 414 3295 ipsa
431 3232 536 3283 sumta.
570 3232 631 3281 intra
649 3246 676 3281 ss
694 3233 746 3297 ipsa
764 3234 797 3295 d.,
817 3235 974 3285 combefisio.
1020 3233 1044 3283 6.
1062 3233 1181 3296 spirituali
1199 3234 1291 3294 (fidoi.
1335 3233 1359 3282 l.
1378 3249 1406 3283 ea
1425 3233 1489 3284 ΑΒΕ.

321 3299 345 3350 8.
363 3298 447 3350 exinde
465 3300 556 3350 trinitas
574 3314 688 3362 generum
707 3309 744 3350 est
761 3302 797 3352 cd.
848 3301 873 3352 a.
891 3303 985 3365 generis
1003 3309 1050 3351 tres
1070 3301 1178 3352 Vaticani.
1212 3303 1293 3352 notas
1310 3302 1349 3351 Fr.
1361 3303 1453 3352 loaisa.

355 3435 379 3484 d.
398 3436 421 3484 in
433 3436 597 3486 exterminium
608 3433 731 3498 diseretis]
750 3436 877 3486 irenaeus:
961 3437 978 3486 f.
1005 3436 1035 3486 de
1052 3437 1206 3486 conversione
1225 3432 1400 3516 passionalis}
1434 3436 1487 3485 ire·

319 3497 547 3568 ‚gepidam
570 3494 596 3550 δ’
623 3495 693 3551 adsis
716 3494 814 3583 αὐτῆς,
838 3499 875 3570 μὴ
928 3518 1017 3554 naeus:
1035 3496 1115 3560 „dtr
1133 3491 1488 3571 ἆποκρινανιαχωριςεῖτα

320 3562 493 3637 ἀμελήσαντα
502 3565 531 3620 ot
542 3562 648 3618 αὐτῶν·
667 3562 699 3619 οὗ
711 3565 765 3636 γὰρ
782 3586 816 3631 ην
832 3568 878 3620 do·
927 3572 1007 3633 (vulgo
1021 3565 1143 3639 χωρήσει
1160 3570 1217 3623 τοῦ)
1243 3568 1356 3638 συγχέαι
1372 3566 1419 3620 acci
1436 3570 1485 3620 π’-

319 3632 390 3686 acrei
420 3629 698 3704 descenderam*
730 3647 785 3690 cett.
836 3642 877 3691 ln·
928 3637 986 3697 ξαι,
1018 3635 1064 3688 καὶ
1089 3633 1118 3696 ἐξ
1142 3631 1290 3707 ἀσωμάτου
1314 3632 1461 3693 addanae

319 3715 429 3770 terpres:
457 3716 683 3772 „separantem
702 3722 743 3757 cas
760 3706 790 3757 ab
808 3722 836 3758 sa
855 3717 878 3758 et
927 3698 1077 3773 ἀσώματον
1100 3702 1149 3788 apr
1174 3699 1204 3756 tt
1222 3722 1238 3754 ν
1258 3703 1422 3774 μεταβαλεῖν
1438 3698 1485 3754 cai-

320 3789 370 3824 non
387 3789 428 3824 sas
440 3775 581 3836 neglexisse.
605 3774 654 3824 Nec
672 3776 735 3825 enim
754 3783 876 3841 eratpos·
927 3767 979 3823 sei·
1010 3765 1066 3824 εἶθ’
1095 3788 1181 3829 ουτως
1205 3724 1414 3835 ducendamque
1439 3770 1484 3822 sci

320 3842 391 3891 sibile
409 3856 450 3890 eas
468 3842 697 3891 exterminari“
716 3850 770 3892 cett.
927 3835 1013 3910 φύσιν
1025 3838 1231 3910 (parastaticas
1243 3837 1343 3899 abacis,
1363 3834 1436 3892 aisse
1447 3834 1488 3896 sit·

355 3924 377 3959 e.
395 3908 521 3958 exercitata
538 3909 590 3957 sitia
609 3917 632 3958 st
650 3923 693 3958 usu
707 3906 807 3976 viriosa]
826 3912 876 3961 lre-
927 3906 1098 3977 συγκρίματα
1113 3907 1159 3960 sci
1174 3905 1289 3996 σώματα
1296 3905 1397 3968 ἐλθεῖν,
1416 3924 1437 3959 π
1456 3903 1486 3964 bt·

321 3990 410 4026 naeus:
428 3968 540 4032 „taret
558 3967 608 4035 ἤδη
620 3971 811 4025 ealdorman«
836 3980 876 4029 ln·
926 3972 958 4027 τὸ
975 3976 1104 4044 γενέσθαι
1123 3973 1171 4029 daie
1188 3975 1291 4037 evoles,
1311 3974 1362 4040 triv
1375 3924 1488 4046 φαύῖην

321 4051 429 4106 terprss:
447 4043 551 4105 „habilia
570 4052 594 4094 et
610 4046 763 4109 possibilia.“
790 4047 826 4097 Cf.
843 4047 876 4097 lie
925 4043 988 4096 ror*
998 4046 1107 4104 παθῶν,
1132 4040 1182 4108 τήν
1200 4061 1228 4098 τε
1246 4047 1293 4108 τῆς
1309 4040 1486 4113 ἐπιστροφῆς

320 4111 404 4160 anima
421 4125 474 4174 cap.
486 4111 516 4161 19
535 4111 564 4161 de
582 4113 640 4162 sits:
668 4114 750 4175 „ultro
768 4114 875 4175 ambibit,
924 4108 1058 4182 {gonew
1076 4125 1130 4166 cett.
1163 4118 1299 4180 interpres:
1317 4116 1380 4175 „sed
1399 4130 1487 4178 segre·

321 4185 345 4227 ct
371 4178 466 4242 quidem
490 4182 600 4230 viriosius
623 4181 653 4230 ds
682 4196 726 4231 suo
750 4182 874 4243 ingenio.“
924 4192 1018 4246 gentem
1036 4184 1165 4250 separatim
1183 4186 1365 4235 commiscuissc
1384 4191 1409 4232 et
1427 4198 1486 4234 coa-

321 4246 400 4296 Gloss.
430 4245 530 4297 isidori:
562 4249 703 4311 „Viriosss,
737 4251 875 4299 austerus.“
924 4252 1029 4314 gelasse,
1048 4259 1072 4302 ct
1089 4253 1118 4302 de
1130 4253 1251 4317 corporali
1269 4252 1385 4317 passione
1404 4252 1428 4302 in
1448 4253 1489 4301 in·

320 4313 398 4363 Gloss.
418 4314 511 4377 llyrilli:
534 4308 695 4380 „bfvdgsicm
721 4317 874 4376 fortis,ri1i-
925 4320 1075 4384 corporalem
1099 4322 1222 4370 materiam
1249 4320 1405 4370 transtulisse
1434 4335 1485 4380 eas,

318 4380 360 4441 lis,
377 4381 514 4444 viriosas.⁴‘,
535 4398 595 4447 quae
612 4399 654 4432 vox
666 4391 788 4448 postrema
806 4385 875 4436 deest
923 4394 947 4437 et
964 4388 1000 4437 sic
1017 4387 1187 4453 aptabilitatem
1213 4397 1236 4438 et
1259 4398 1371 4438 caturam
1395 4387 1489 4438 fecisse

317 4447 344 4497 in
363 4448 399 4497 ed.
418 4449 530 4499 fulcarii.
566 4450 644 4501 Gloss.
663 4452 712 4502 Vct.
730 4467 769 4516 ap.
787 4452 872 4504 llaiam
923 4455 946 4505 in
965 4456 1008 4515 eis,
1027 4464 1052 4505 ut
1070 4457 1093 4504 in
1112 4457 1310 4518 congregationes
1337 4465 1362 4508 et
1379 4470 1484 4521 corpora

318 4514 344 4564 in
361 4517 436 4566 fucit.
455 4517 532 4567 Class.
555 4519 669 4568 tomlll,
687 4519 785 4584 past:
809 4522 872 4583 „l'i-
922 4524 1035 4583 accirent,
1066 4526 1099 4573 uti
1126 4525 1210 4575 flerent
1234 4525 1296 4574 duae
1321 4525 1488 4585 substantiae,

315 4585 384 4644 rio'si,
402 4584 491 4634 nribus
509 4585 637 4646 subnixi.“,
661 4596 685 4637 st
709 4588 870 4652 paulopost:
892 4609 896 4619 ·
922 4604 968 4639 una
986 4590 1082 4655 quidem
1102 4592 1162 4641 mala
1182 4592 1388 4655 expassionibus,
1406 4592 1484 4642 altera

314 4653 434 4715 „ficosus
443 4652 532 4711 (scribe
542 4655 660 4716 Viriasius),
669 4656 765 4705 fortis.“
791 4656 870 4707 Gloss.
920 4665 999 4707 antem
1018 4660 1180 4709 conversionis
1199 4660 1341 4724 passibilis“
1362 4669 1429 4721 cett,
1454 4661 1484 4710 ad

315 4718 366 4769 let.
390 4735 428 4783 ap.
447 4721 547 4769 cundem
571 4722 657 4770 ibidem
675 4722 785 4773 tamill:
807 4726 870 4786 „Vi-
921 4740 981 4791 quae
999 4726 1091 4778 lrenaci
1110 4728 1178 4778 rerba
1197 4743 1214 4777 a.
1227 4742 1289 4793 quae
1304 4737 1496 4792 congesserunt.

313 4789 380 4848 rioci,
400 4788 487 4837 ririhas
504 4789 607 4845 subnixi,
626 4794 740 4840 austeri.“
777 4792 812 4840 ct.
832 4793 868 4842 ia·
920 4793 1070 4860 interpretes.

312 4860 403 4920 terprr.
421 4856 450 4906 ad
467 4857 535 4922 lpul.
554 4857 645 4906 Metam.
666 4858 712 4918 l'll,
727 4857 765 4907 ts.
