3242 5775
248 639 309 703 692
503 647 604 702 dnttttt
627 647 758 693 §milii
778 630 944 690 notuerit
967 642 1165 687 rudentum!

248 802 412 868 substantia
434 800 520 861 iesus
543 818 577 860 ex
599 798 731 870 duabus,
762 814 798 858 ex
821 813 909 857 carue
932 802 961 856 et
988 793 1111 874 spiritu,
1149 791 1312 855 ¹*mixture
1337 775 1446 874 qino-¹

171 943 176 960 .·
250 906 333 977 dum,
355 913 388 963 ut
410 901 550 963 electrum
573 918 608 961 ex
631 917 703 961 euro
726 905 756 958 et
777 900 929 975 argeuto⁸‚
959 902 988 956 et
1014 894 1118 973 incipit
1139 912 1197 955 nee
1218 912 1331 956 aurum
1354 914 1431 964 esse,

249 1006 278 1067 id
302 1012 348 1066 est
368 1002 507 1083 spiritus,
529 1018 625 1079 neque
647 1005 819 1077 argeutum,
851 996 880 1057 id
903 1004 951 1057 eet
972 1014 1058 1068 earo,
1092 996 1162 1058 dum
1184 994 1314 1056 alterum
1339 995 1432 1057 altero

231 1089 396 1176 ¹mutatur,
429 1109 460 1163 et
487 1101 606 1163 tertium
634 1099 704 1178 quid
732 1098 868 1160 efficitur.
917 1095 1020 1175 Neque
1050 1114 1121 1175 ergo
1145 1096 1220 1157 deus
1243 1096 1305 1157 erit
1327 1096 1432 1168 lesus;

252 1222 350 1280 serum
373 1203 451 1265 euim
474 1201 562 1263 desiit
584 1219 665 1272 esee,
694 1199 744 1278 qui
766 1217 835 1260 earo
857 1198 952 1260 iaetus
976 1205 1038 1258 est:
1073 1196 1198 1275 ¹³neque
1226 1196 1323 1257 homo
1349 1215 1434 1270 ear03

252 1322 320 1366 earo
343 1303 421 1366 euim
444 1321 505 1363 uou
526 1301 650 1382 proprie
672 1309 734 1371 eat,
758 1298 854 1377 ¹⁸quia
877 1316 978 1359 sermo
1001 1298 1066 1359 iuit.
1097 1298 1142 1358 ite
1156 1315 1193 1358 ex
1208 1305 1342 1376 utroque
1359 1316 1434 1358 uert-

191 1437 199 1456 ι
252 1414 332 1467 trum
354 1413 417 1474 est3
449 1402 529 1463 eliud
550 1402 638 1480 longe
659 1399 780 1462 tertium
801 1406 850 1460 eet
871 1418 957 1479 quam
980 1407 1149 1477 utrumque.
1193 1398 1252 1459 Sed
1278 1398 1362 1458 enim
1385 1398 1431 1459 iir-

252 1504 387 1566 venimus
409 1502 491 1564 illum
514 1500 626 1563 directo
650 1508 682 1561 et
707 1500 795 1561 deum
826 1507 856 1560 et
881 1499 1033 1560 homiuem
1062 1499 1244 1577 expositum,
1279 1499 1349 1577 ipso
1378 1499 1436 1559 huo

102 1595 243 1696 affin&
254 1603 367 1685 psalmo
390 1610 583 1680 suggerente,
613 1600 760 1674 Quoniam
783 1600 858 1662 deus
879 1599 970 1660 homo
993 1607 1081 1662 natue
1104 1607 1152 1661 eat
1172 1600 1202 1660 iu
1225 1597 1291 1670 iiia,
1322 1599 1435 1660 ''aedi-

147 1730 155 1751 ο
254 1704 350 1767 iioavit
371 1721 436 1764 earu
458 1701 608 1763 voluntate
629 1701 742 1781 patris3
764 1708 845 1762 certe
868 1717 1079 1780 usquequaque
1101 1700 1192 1761 filium
1215 1699 1263 1761 dei
1288 1708 1319 1760 et
1342 1700 1434 1760 fitium

254 1803 403 1877 hominis,
431 1820 498 1865 euru
521 1801 609 1862 deum
632 1810 663 1863 et
682 1801 852 1875 homiuem,
882 1800 948 1862 sine
970 1800 1060 1861 (lubio
1083 1800 1246 1862 seeundum
1276 1810 1437 1880 utramque

189 1969 199 1988 „
255 1903 451 1967 substantiam
473 1901 504 1963 iu
526 1920 580 1963 sua
601 1900 785 1981 proprietate
807 1900 983 1973 distantem,
1016 1900 1084 1980 quie
1111 1920 1207 1979 neque
1230 1919 1333 1961 sermo
1358 1900 1438 1962 aliud

257 2020 344 2084 quam
372 1993 462 2074 deuo,
495 2019 592 2081 neque
619 2020 688 2063 earo
717 2001 796 2063 aliud
825 2019 913 2081 quem
942 2002 1044 2067 homo.
1094 2001 1143 2062 Sic
1165 2010 1193 2061 et
1216 2001 1378 2081 apostotus
1401 2003 1438 2063 de

130 2108 244 2161 aaut&
259 2110 383 2182 utraque
406 2101 471 2164 eiue
494 2101 659 2164 substantia
681 2100 778 2162 docet.
832 2101 889 2174 Qui
912 2103 1006 2163 iaetus
1028 2110 1090 2175 est,
1120 2102 1230 2179 inquit,
1260 2121 1298 2162 ex
1322 2103 1439 2163 semiue

123 2277 130 2289 ,
156 2210 241 2255 lta-t
255 2201 361 2265 pavit.
398 2201 454 2264 Hie
474 2202 530 2265 erit
551 2203 643 2263 homo
666 2210 697 2263 et
716 2201 795 2262 iilius
817 2202 965 2274 hominis,
988 2202 1038 2282 qui
1060 2202 1198 2263 definitus
1221 2211 1267 2263 est
1288 2203 1369 2265 titius
1392 2203 1439 2264 dei

258 2302 422 2365 secuudum
444 2301 610 2382 spiritum:
635 2302 691 2364 Hie
712 2303 770 2365 erit
790 2302 866 2365 deus
889 2311 918 2364 et
940 2322 1056 2386 sermp,
1088 2303 1135 2364 dei
1158 2302 1247 2386 iilius.
1293 2303 1440 2365 Videmus

219 2407 221 2468 ζ
258 2402 405 2484 duplicem
428 2411 554 2475 statum,
577 2421 637 2464 nou
660 2404 835 2474 oouiusum‚
858 2402 912 2464 sed
927 2404 1134 2475 coniunctum,
1158 2403 1189 2463 iu
1212 2423 1269 2464 una
1291 2422 1438 2483 persona,

258 2503 347 2567 οοοτο
369 2512 400 2565 et
419 2503 572 2564 hominem
594 2503 704 2565 iesum.
738 2503 807 2565 ¹'De
831 2503 951 2566 Christo
973 2512 1072 2565 autern
1095 2504 1261 2565 ”differet
1297 2504 1337 2567 Et
1359 2504 1436 2567 adeo

260 2603 340 2665 salva
361 2612 410 2665 est
431 2603 586 2681 utriusque
607 2606 776 2684 proprietas
799 2603 998 2676 sumendae,
1033 2613 1065 2666 ut
1092 2612 1122 2665 et
1144 2605 1268 2683 spiritus
1290 2623 1343 2666 res
1366 2623 1441 2667 suas

261 2701 355 2782 egerit
375 2702 406 2763 iu
428 2702 496 2777 itte,
518 2703 548 2766 id
570 2713 618 2767 est
638 2705 763 2767 virtutes
785 2713 822 2766 et.
838 2723 928 2786 opera
951 2715 980 2766 et
1001 2704 1101 2783 sigua,
1131 2713 1161 2766 et
1182 2724 1251 2766 cero
1273 2705 1439 2784 passiones

262 2819 333 2864 suae
356 2803 454 2865 tuuota
475 2803 531 2878 ait,
555 2805 691 2867 esuriens
714 2806 771 2867 sub
794 2805 927 2879 diaholo,
950 2805 1055 2867 sitiens
1071 2805 1128 2866 sub
1144 2802 1338 2877 samaritide,
1361 2806 1440 2867 deus

261 2902 431 2977 Lazarumt’,
454 2904 540 2967 auria
561 2924 656 2986 usque
678 2906 714 2968 ad
736 2914 881 2980 mortem,
904 2907 1031 2986 denique
1053 2916 1079 2968 et
1096 2915 1284 2969 mortuaest
1322 2907 1444 2980 Quodsi

264 3003 381 3065 tertium
405 3003 476 3083 quid
498 3014 596 3078 esset,
631 3025 666 3068 ex
688 3016 816 3087 utroque
837 3009 1009 3080 eouiusurn,
1043 3018 1076 3069 ut
1104 3008 1260 3080 electrum,
1292 3025 1356 3069 nou
1380 3019 1441 3069 tam

264 3102 402 3165 distinete
424 3104 600 3167 documenta
620 3115 760 3186 parerent
781 3109 935 3188 utriusque
950 3108 1143 3170 substantiae.
1179 3108 1238 3169 Sed
1261 3118 1291 3171 et
1313 3110 1444 3189 spiritus

155 3206 162 3215 '
264 3203 389 3267 earnalia
412 3215 443 3267 et
463 3224 532 3266 caro
554 3205 727 3286 ¹”spiritalia
750 3209 861 3288 egisset
881 3229 916 3271 ex
933 3209 1140 3278 translatione,
1163 3207 1242 3270 ²¹eut
1256 3228 1355 3289 neque
1371 3229 1441 3272 eer-

264 3303 340 3367 natta
362 3322 459 3385 neque
480 3305 639 3386 spiritalia,
667 3307 721 3369 sed
744 3310 848 3371 tertiae
869 3310 993 3372 alieuius
1022 3311 1134 3371 formae
1155 3309 1221 3370 ”ex
1244 3310 1445 3386 contusione3

265 3404 357 3468 immo
385 3415 436 3468 aut
463 3424 564 3468 sermo
592 3417 730 3470 mortuus
763 3418 847 3471 esset
873 3420 924 3471 eut
949 3429 1019 3473 earo
1048 3419 1164 3471 mortua
1193 3427 1253 3470 non
1283 3421 1384 3485 esset,
1416 3406 1444 3473 si

265 3524 364 3568 sermo
386 3525 550 3570 conversus
573 3516 658 3570 esset
677 3508 708 3572 iu
730 3527 864 3583 earnem
886 3521 938 3572 aut
951 3529 1020 3573 cero
1036 3512 1114 3573 enim
1130 3510 1305 3572 immortalis
1322 3512 1446 3586 suisset,

265 3614 316 3669 aut
329 3625 429 3669 sermo
445 3608 590 3670 mortalis.
625 3609 685 3671 Sed
707 3610 775 3689 quia
797 3610 980 3673 substantiae
1003 3612 1105 3673 ambae
1127 3612 1157 3672 in
1181 3619 1259 3674 statu
1274 3630 1332 3674 suo
1348 3632 1446 3691 quae·

267 3724 324 3785 que
344 3705 512 3769 ”distinete
534 3708 675 3786 egebant,
702 3710 770 3772 ideo
791 3711 851 3773 dtis
873 3720 904 3774 et
925 3731 1034 3793 operae
1055 3722 1086 3774 et
1107 3712 1204 3774 exitus
1226 3712 1273 3773 sui
1297 3731 1444 3775 oecurre-

152 3819 254 3871 οπο.
268 3814 348 3867 ruut.
381 3806 467 3868 Dieee
490 3807 579 3885 igitur
600 3827 666 3869 eum
681 3808 859 3874 Nicodemo:
883 3812 959 3886 Quia
981 3814 1060 3893 quod
1081 3812 1140 3875 ”in
1162 3830 1250 3874 earne
1265 3822 1369 3875 uatum
1386 3821 1446 3888 eet,

268 3922 335 3966 caro
360 3915 422 3978 est,
444 3911 475 3966 et
495 3905 574 3984 quod
598 3906 635 3968 de
657 3909 784 3988 spiritu,
804 3913 928 3992 spiritus
952 3922 1009 3974 est.
1041 3913 1142 3992 Neque
1165 3931 1233 3975 earo
1256 3913 1384 3992 spiritus
1400 3915 1443 3987 fio

268 4020 365 4081 neque
387 4004 510 4084 spiritus
525 4024 605 4068 earo.
638 4008 672 4070 iu
694 4028 754 4071 uuo
775 4013 863 4091 plane
885 4032 953 4075 esse
973 4023 1112 4093 possunt
1145 4013 1186 4074 Er
1204 4012 1251 4074 his
1265 4014 1352 4076 iesus
1367 4033 1444 4077 eou-

139 4118 258 4173 uaeque.
269 4102 361 4176 stitit,
384 4122 420 4166 ex
442 4106 660 4182 cernebam,
694 4129 730 4172 ex
752 4111 859 4191 spiritu
881 4113 971 4188 deus,
1000 4131 1087 4192 quem
1110 4121 1181 4175 tune
1202 4114 1326 4192 angelus
1349 4135 1386 4177 ex
1408 4134 1443 4178 ea

271 4253 310 4303 tt.
329 4269 355 4303 ex
375 4256 474 4306 mixture
493 4261 517 4308 t.
536 4261 600 4310 laid.
650 4261 689 4310 ¹5.
708 4276 870 4327 nequeunte,
890 4265 913 4315 id
932 4274 968 4316 est
987 4267 1075 4325 hemo;
1094 4280 1150 4315 οπο
1168 4267 1231 4314 euim
1251 4269 1284 4327 d.,
1304 4268 1444 4318 eumfeteio

270 4321 361 4371 Ursino.
387 4389 391 4397 Ι
423 4324 460 4374 te.
479 4330 519 4389 qui
538 4329 571 4388 d.,
590 4345 642 4378 eum
660 4330 740 4379 rotro
757 4331 848 4382 Ursino.
909 4333 948 4383 17.
973 4343 996 4383 ot
1014 4334 1146 4382 aedificavit
1163 4334 1206 4382 tu.
1226 4335 1290 4384 tetd.
1355 4333 1395 4384 ts.
1413 4336 1444 4382 de

268 4402 316 4450 quo
336 4390 432 4439 currito
450 4395 474 4441 Α.
493 4395 557 4443 Leid.
619 4394 657 4444 te.
683 4397 768 4446 didere
792 4401 846 4450 ded.
866 4401 939 4462 tetd,
965 4409 1011 4451 tm
1033 4402 1143 4452 Vaticani.
1187 4401 1281 4450 dissero
1301 4401 1358 4453 tao.
1402 4401 1441 4450 20.

268 4455 402 4520 spirituatia
420 4460 446 4508 t.
470 4459 565 4524 iiiique.
618 4460 659 4511 21.
677 4466 768 4527 ποιά,
788 4481 839 4515 eum
856 4468 936 4518 Fuluio
954 4468 1044 4518 Ursino.
1090 4479 1115 4518 ut
1132 4469 1219 4519 dioto.
1237 4470 1301 4519 Leid.
1354 4467 1395 4519 22
1414 4482 1443 4518 u

269 4538 313 4573 om.
332 4524 398 4573 oded.
451 4522 493 4574 2³.
511 4527 639 4600 diotiuetae
656 4532 707 4582 abe.
760 4530 801 4582 tt.
820 4534 850 4583 de
867 4536 982 4586 Latinius.
1461 4536 1469 4549 '

304 4638 324 4671 ο.
344 4633 369 4672 οι
393 4623 508 4674 electrum
532 4641 560 4675 ex
584 4643 643 4678 auro
671 4638 695 4680 et
718 4628 830 4697 argento]
915 4651 936 4684 e.
955 4638 1065 4686 esuriens
1089 4637 1134 4686 sub
1159 4636 1265 4694 diabolo.
1289 4638 1374 4687 sitiens
1396 4637 1445 4686 sub

269 4689 306 4738 Ct.
325 4691 379 4738 ttdr.
400 4691 511 4754 tiermes.
531 4695 636 4757 capio.
880 4701 1032 4762 Samaritide,
1051 4706 1111 4753 itone
1130 4701 1257 4770 Lazarum]
1275 4705 1372 4754 Eisdem
1391 4706 1447 4753 tere

302 4757 327 4832 d.
346 4756 380 4806 De
394 4760 489 4808 Christo
507 4769 586 4810 autem
606 4760 712 4829 didere]
731 4764 764 4816 ue
782 4767 830 4817 hoe
880 4770 958 4819 verbis
976 4774 1049 4821 utitur
1069 4773 1101 4821 De
1120 4773 1197 4821 Carne
1216 4772 1273 4822 Chr.
1292 4786 1344 4836 cap.
1353 4772 1378 4821 9.

269 4835 333 4871 earm
352 4840 404 4889 rap.
422 4841 492 4891 aequ.
