3242 5775
307 609 371 697 3⁰8
416 638 420 657 '
560 638 662 699 curura
685 643 816 689 serame
838 643 1002 689 messurus
1025 642 1220 689 recreatum

307 796 436 877 ’Spiritu
457 797 567 859 Sancto
589 795 697 876 ¹⁰qned
725 796 869 877 optimum
899 802 987 874 atque
1014 794 1246 875 pulcherrimum
1274 795 1413 875 unusquis

307 896 450 961 florebat‘
469 899 627 960 censerunt
648 898 679 960 iu
700 896 843 958 medium.
877 896 972 968 Vana,
996 897 1114 977 opinor.
1133 895 1380 958 siminorum
1398 915 1413 959 e

308 1017 428 1073 omnes,
451 1018 486 1061 aa
509 1016 600 1080 supra
622 998 698 1060 dicta
719 997 951 1078 peraequatione
971 996 1093 1059 vacabat
1113 996 1263 1078 symbolae
1284 998 1379 1071 ratio,
1408 1021 1413 1058 a

308 1103 401 1163 terme
424 1119 459 1162 er
480 1101 630 1162 redemtis
652 1100 744 1179 gratia
767 1106 895 1179 censat.
945 1098 1041 1160 Unum
1075 1116 1179 1160 omues
1206 1097 1319 1161 bonum
1341 1103 1411 1161 ceul

307 1200 394 1275 baut,
428 1201 508 1280 qued
531 1219 636 1262 omnes
659 1209 752 1262 erant.
801 1200 845 1261 lie
872 1199 962 1261 mede
985 1199 1107 1261 forsitan
1136 1200 1225 1261 luerit
1247 1201 1338 1273 ratio,
1372 1219 1413 1263 aut

307 1304 403 1365 lerma
424 1302 519 1383 ipsius
543 1303 600 1364 iam
622 1301 874 1381 peraequationis.
918 1301 1009 1380 igitur
1031 1319 1067 1361 ex
1088 1318 1156 1362 aere
1180 1300 1366 1376 ¹¹collaticie,
1400 1322 1413 1382 q

308 1404 406 1478 aiunt,
428 1403 458 1464 iu
480 1404 626 1464 honorem
648 1411 678 1464 et
699 1401 823 1482 gloriam
844 1402 938 1481 patris
953 1401 1183 1482 pulcherrimum
1199 1402 1375 1465 Pleromatis
1398 1424 1412 1465 s

308 1508 494 1583 fructumque
520 1504 684 1584 perlectum
716 1502 924 1583 compingunt,
953 1501 1108 1563 ”lesemt
1163 1502 1238 1563 Eum
1271 1506 1413 1583 cognomi:

145 1573 152 1586 ⁸
198 1686 201 1689 Ι
310 1600 446 1668 Soterem
468 1613 498 1667 et
513 1604 661 1666 Christum
685 1612 714 1665 et
729 1603 905 1665 Sermonem
928 1603 964 1665 de
981 1602 1155 1683 ¹’patritislt
1179 1611 1208 1664 et
1223 1602 1331 1666 Omnia
1353 1606 1412 1667 iam

308 1727 344 1770 er
368 1707 500 1769 omnium
523 1704 730 1768 deflorationei
752 1712 970 1777 constructum,
994 1703 1149 1766 Graculum
1165 1704 1291 1785 Aesopi,
1315 1706 1413 1769 Pande

308 1807 447 1882 Hesiodi,
475 1807 543 1868 dcci
565 1805 728 1880 Patieam¹,
756 1805 893 1867 Nestoris
916 1804 1082 1877 Ceeetum¹‚
1112 1805 1327 1868 Miscellaneam
1351 1807 1413 1869 ¹⁴Pt

308 1910 421 1972 masia.
470 1908 591 1981 “Quam
613 1908 736 1988 propius
759 1907 814 1969 sarit
836 1906 872 1967 de
895 1906 1069 1985 ¹⁸aliquibus
1092 1907 1195 1969 Atticis
1218 1908 1298 1969 curis
1323 1908 1412 1970 ¹⁷Pan

309 2062 333 2112 9.
352 2062 442 2127 Spiritu
461 2061 550 2111 Sancte
568 2062 639 2112 Aaou.
658 2068 704 2111 tres
726 2061 836 2110 Veticeai.
878 2060 968 2125 Spiritu
985 2061 1078 2124 reliqui.
1133 2059 1172 2108 to.
1191 2060 1259 2122 qnod
1274 2062 1391 2124 optimum
1410 2080 1413 2109 a

308 2129 498 2195 pulcherrimam
510 2167 513 2173 .
524 2129 712 2192 uniuscuiusque
735 2128 875 2189 (unicnique
897 2133 1015 2191 praestare
1032 2130 1104 2177 sicera
1124 2135 1157 2176 eet
1175 2127 1298 2187 Falanio)
1317 2128 1413 2178 llerebat

309 2200 390 2248 tinias.
425 2197 489 2261 qued
508 2198 625 2262 optimum
644 2205 715 2260 atqua
733 2194 923 2260 pulcherrimum
943 2195 1053 2255 llerebst,
1075 2196 1240 2260 enusquisque
1256 2196 1294 2245 Fr.
1309 2197 1397 2245 maius.

309 2265 401 2329 optime
420 2272 491 2329 atque
509 2265 672 2329 pulcherrime
697 2262 864 2326 uuusquisque
889 2262 990 2311 florebat
1007 2263 1176 2326 los.Seetiqer.
1232 2262 1270 2313 tt.
1288 2264 1409 2313 collaticia

308 2333 451 2396 mespiled.
486 2331 614 2382 collocatio
634 2331 672 2381 Ge.
709 2330 810 2379 cellacie
829 2329 871 2379 All.
919 2328 958 2378 ta.
977 2330 1055 2378 lesam
1075 2331 1141 2381 ebed.
1176 2328 1291 2378 ieiunium
1303 2332 1325 2379 c.
1364 2332 1413 2380 etia

257 2400 261 2412 '
308 2401 352 2451 tc.
401 2399 441 2449 1³.
458 2401 552 2463 patritia
576 2402 621 2450 les.
637 2399 748 2462 Scoliqer.
789 2397 900 2461 patruitis
922 2398 977 2447 libri
1001 2413 1086 2447 omncs.
1151 2397 1413 2458 terratenusque

310 2467 441 2517 Ptolemaei
460 2467 585 2517 Philonici.
603 2468 771 2529 leascetiqer.
806 2464 921 2514 Ptolemai
941 2465 1046 2527 pblenici
1066 2465 1230 2514 tresVete'ceee'.
1266 2464 1413 2532 pholomeiq

310 2536 399 2584 maid.
448 2534 488 2584 ts.
507 2536 582 2594 Quam
603 2534 686 2584 Cobcd.
728 2533 790 2591 Quin
809 2531 906 2591 Addua
924 2531 1016 2594 mere).
1077 2530 1116 2581 te.
1135 2531 1254 2595 aliquibus
1273 2532 1356 2582 Atticis
1375 2548 1413 2584 eut

309 2601 392 2651 Atticis
411 2601 517 2651 historiis
535 2604 585 2651 etc.
626 2600 746 2663 aliquibus
764 2600 856 2649 bestias
875 2599 1017 2649 curisddd.
1058 2600 1179 2663 aliquibus
1204 2600 1280 2648 hostia
1299 2602 1413 2651 scurris«

308 2668 619 2733 Pitheciepedlia'qelta'em.
654 2668 774 2732 aliquibus
786 2666 894 2716 historiis
902 2666 910 2721 i
918 2669 946 2723 ll
958 2674 1004 2716 tres
1015 2667 1125 2727 Vaticani,
1134 2668 1196 2731 apud
1204 2667 1334 2717 Poetelium.
1372 2668 1412 2718 l'l.

311 2736 416 2799 caspiam
435 2738 486 2786 ele.
523 2736 662 2798 Pancaspen
677 2737 701 2785 d.
736 2731 956 2781 ΠΑΓΚΑΡΠΟΝ
971 2733 999 2780 Η
1016 2732 1061 2781 ΊῸ
1079 2731 1156 2780 ΠΑΝ
1172 2735 1284 2797 lliqetties
1303 2737 1413 2799 (eplicit,

308 2802 426 2864 letti.
462 2801 801 2867 peneapipaninrapiendd.
838 2803 988 2866 paecepipsn
1008 2802 1101 2865 anapia
1121 2801 1143 2850 d.
1179 2803 1294 2866 pancarpi
1313 2805 1413 2866 panuira

309 2878 355 2920 tres
377 2871 488 2931 Vaticani,
517 2871 579 2935 epod
602 2870 731 2920 Pometiam.
773 2869 1044 2934 paecepipanuirapiam
1064 2870 1138 2919 cedes
1154 2868 1250 2931 Pittaci,
1270 2872 1333 2936 eped
1351 2871 1413 2934 dipel

309 2939 498 3001 pancarpineum
517 2938 666 3002 myrapbiam
685 2939 753 3002 leep.
772 2939 875 2987 decliner
892 2941 917 2987 ie
934 2937 998 2988 bier.
1015 2939 1108 3001 Antiqui.
1129 2935 1202 2986 1853.
1220 2941 1279 3001 (esc.
1292 2939 1316 2988 V.
1332 2955 1357 3004 p.
1368 2939 1413 2991 aaa

321 3095 324 3103 ·
342 3073 359 3120 l.
378 3072 442 3136 qued
460 3072 660 3136 optimumatqee
678 3072 867 3135 pulcherrimum
919 3071 995 3120 raetia
1014 3071 1063 3120 sire
1081 3071 1172 3120 incuria
1191 3071 1280 3121 lactum
1298 3073 1338 3133 sit,
1362 3076 1413 3122 utt

307 3136 760 3272 ttttttttslt'ttllltt‘ta
777 3129 867 3265 'tili
919 3139 1017 3268 llll
1033 3139 1413 3257 ttttat‘ltttttttd

309 3221 429 3340 ρέτατον
446 3270 692 3340 συνενεγκαμένους
707 3269 753 3322 atel
779 3267 868 3340 ἒρανν
920 3273 1022 3322 lassaret
1041 3281 1175 3322 monstrem
1193 3276 1311 3337 patruitis.

310 3339 467 3409 σαμένους“·
485 3351 540 3393 cett.
956 3341 971 3388 i.
990 3337 1159 3404 defloratione]
1185 3339 1220 3388 ue
1245 3342 1291 3391 bec
1314 3342 1413 3392 recubui

344 3427 365 3474 q.
385 3406 485 3475 lesum]
503 3410 594 3460 irenaei
611 3412 744 3473 interpres:
763 3423 870 3470 „unum-
921 3407 992 3456 llartb
1016 3408 1125 3457 Adverss.
1151 3406 1242 3470 pass.
1285 3410 1351 3459 Adde
1375 3409 1413 3461 Gla

309 3493 430 3543 quemque
447 3480 553 3527 Aeonem
582 3478 647 3540 qued
673 3477 776 3527 babebat
800 3478 824 3525 in
843 3491 870 3525 se
921 3474 997 3524 latin.
1022 3476 1046 3524 in
1064 3475 1173 3525 Auctore.
1192 3475 1271 3526 Claes.
1295 3478 1402 3539 ableg.

309 3548 426 3608 optimum
452 3555 476 3596 et
493 3546 690 3594 florentissimum
718 3545 870 3594 conferentes
921 3540 1409 3607 eu.aom.v111,p.2tt:„ctertore,ae

310 3614 462 3663 collationem
481 3614 578 3672 iecisse,
605 3621 628 3662 et
652 3613 712 3662 baec
728 3620 783 3675 apte
802 3625 869 3660 cem·
921 3623 1058 3674 excerpere,
1084 3620 1107 3660 et
1133 3609 1189 3660 iuda
1212 3613 1339 3671 defloratos
1363 3621 1386 3662 ct
1410 3635 1413 3662 ι

310 3682 436 3745 pingentes
463 3688 486 3729 et
513 3680 641 3741 diligenter
671 3680 694 3728 in
725 3693 798 3728 unum
826 3678 869 3727 ad·
920 3673 1011 3727 retie.“

310 3757 419 3811 aptantes
437 3748 548 3797 emisisse
566 3747 691 3812 problema
711 3756 733 3795 et
752 3748 869 3796 uenerem
956 3745 977 3792 a.
996 3745 1049 3794 teci
1070 3739 1188 3809 Paetinam]
1207 3745 1240 3795 tte
1258 3746 1386 3796 becdccie
1405 3749 1413 3796 t

310 3824 334 3862 et
356 3814 457 3875 gloriam
476 3815 543 3877 uum
567 3815 768 3874 perfectissimum
795 3814 869 3863 dece-
921 3810 1003 3861 Patina
1027 3814 1079 3861 cias
1104 3828 1124 3862 s.
1148 3815 1247 3863 omnine
1271 3814 1346 3878 Leep.
1365 3814 1413 3863 dra

310 3895 360 3929 rem
379 3881 509 3944 quendam,
527 3889 551 3928 et
564 3881 631 3930 sides
641 3882 793 3941 Pleromatis,
812 3895 869 3944 per·
920 3877 1125 3941 elegantissimum
1149 3880 1298 3944 antiquitatis
1314 3889 1413 3932 scrutate

309 3948 398 3996 lectam
417 3948 519 3998 tractum
539 3949 627 4007 lesum,
655 3963 726 4011 quem
745 3957 770 3998 et
785 3948 868 3997 Salva·
920 3946 1081 3997 disserentem
1105 3948 1129 3997 in
1153 3947 1217 3997 bier.
1240 3949 1337 4013 antiqu.
1366 3951 1413 3999 el

309 4022 386 4063 terem
405 4014 502 4064 vecari*
521 4023 575 4065 cett.
920 4014 988 4064 rese
1006 4014 1030 4062 l.
1049 4030 1074 4078 p.
1085 4013 1180 4078 Sbbsq.
1404 4066 1408 4075 ,

345 4083 369 4130 b.
388 4081 417 4130 de
446 4077 552 4147 patritie]
582 4082 709 4132 irenaeus:
737 4093 869 4147 „aterqm-
955 4083 971 4130 Ι.
991 4076 1238 4148 Nestorisssocstum]
1256 4080 1325 4134 llam.
1339 4081 1409 4133 11.ss

309 4147 468 4212 νυμαῶς,“
495 4151 551 4200 item
576 4151 709 4214 interpres:
735 4158 868 4213 ‚matreny-
921 4148 1009 4197 Paulas
1027 4164 1055 4198 cx
1074 4150 1144 4199 Festo
1161 4148 1228 4225 ΜΒ
1252 4152 1413 4212 „desciscat

311 4217 398 4265 mice.“
438 4218 541 4267 Secutus
566 4233 621 4266 sem
647 4218 695 4267 les.
720 4217 869 4279 Scaligerum
921 4216 994 4265 edulii
1018 4231 1044 4265 er
1071 4217 1143 4266 melle
1169 4225 1195 4265 ct
1219 4232 1338 4280 papavere
1366 4217 1413 4267 lact

309 4285 437 4334 scribendo
448 4288 540 4349 patritie
551 4301 595 4350 pro
604 4288 714 4349 patruitis
724 4284 787 4348 qued
799 4284 868 4346 rulqe
921 4283 1032 4332 Placidus
1044 4300 1066 4346 p.
1074 4283 1132 4334 ets.
1144 4283 1202 4334 tter:
1219 4285 1357 4348 „Coactum
1368 4301 1381 4335 a
1392 4286 1410 4336 G

308 4352 416 4401 habetur.
453 4354 486 4403 lie
500 4356 602 4416 patritie,
627 4352 740 4414 intellege
764 4352 868 4401 nemini·
920 4349 1056 4400 κυκεῶν’
1079 4353 1121 4413 (ita
1146 4353 1209 4401 enim
1234 4353 1405 4415 corrigendam

309 4421 363 4477 bus,
391 4420 455 4482 qued
482 4422 626 4482 cogitatione
650 4421 718 4469 addis
745 4433 773 4468 aa
796 4419 868 4469 verbe
922 4418 1037 4469 lluellare
1057 4435 1102 4483 pre
1120 4412 1263 4474 „rcexdeve
1281 4419 1404 4478 ceciaa“).

309 4489 477 4548 coerremieeet.
504 4486 661 4551 Corruptelae
672 4487 789 4549 originem
800 4495 869 4550 pute,
955 4502 987 4536 m.
1012 4486 1188 4555 Miscellaneam
1214 4482 1368 4554 Ptolemaei]
1385 4488 1412 4537 ln

309 4553 383 4617 qued,
402 4569 455 4603 cum
475 4554 586 4603 librarius
602 4562 642 4604 aut
655 4556 769 4616 magister
781 4554 869 4618 aliquis
921 4555 1022 4616 gendes,
1049 4556 1073 4604 ei
1092 4556 1173 4614 laller,
1199 4555 1353 4607 Ptolemaeus
1371 4555 1413 4619 llaq

308 4621 434 4687 vocabule,
451 4630 673 4685 suspecteuempe,
691 4623 868 4686 quippeiuesi-
920 4623 1006 4672 stieeis
1039 4622 1088 4671 sive
1121 4623 1251 4685 Chenuue,
1284 4623 1353 4672 cuius
1379 4620 1413 4671 Ka

307 4691 396 4748 latiori,
414 4689 629 4753 superscripsisset
646 4693 672 4751 ii,
693 4705 740 4754 que
759 4689 870 4739 videlicet
915 4681 1053 4754 Ἱστορίαν
1076 4692 1197 4754 excerpsit
1218 4691 1319 4741 Pbetius
1337 4691 1397 4741 Ced.

307 4758 454 4818 significaret
468 4759 554 4822 patriis
577 4771 631 4806 cese
655 4772 699 4821 pre
715 4760 810 4822 patritia
827 4771 868 4807 re·
919 4757 955 4806 Ci.
975 4757 1070 4806 Suidas.
1107 4758 1176 4816 Quod
1201 4759 1284 4808 statuit
1309 4759 1381 4808 etiam
1406 4758 1413 4808 1

307 4825 456 4887 ponendam,
477 4825 579 4875 alierum
598 4825 712 4889 deinceps
730 4826 779 4874 sire
797 4825 867 4888 ique·
920 4838 962 4873 uer
981 4824 997 4873 l.
1017 4825 1033 4872 Ι.
