3242 5775
420 616 570 661 aovsssus
592 618 765 663 xaaerousx
786 621 845 665 urs.
862 622 900 665 av.
1190 615 1255 680 att

197 781 204 823 ι
219 772 241 825 et
257 763 389 828 alenenta
411 767 632 829 concutiuntur.
666 768 811 852 Dominus
828 771 906 832 enim
922 772 1090 851 patiebatur
1104 776 1250 856 ipsorum.

197 882 227 925 m
244 865 402 928 adversario
425 867 505 929 laeso
527 868 640 930 caelum
669 869 832 932 luminibus
860 872 1046 947 floruissetl,
1080 878 1174 956 magis
1202 882 1249 942 sol

204 966 371 1040 insultasset,
395 968 490 1047 magis
510 968 575 1030 dies
597 969 745 1043 stetisset,
768 971 895 1034 libenter
916 982 1054 1052 spectans
1069 978 1249 1055 pendentem

197 1066 265 1128 ibulo
289 1069 437 1130 Christum
465 1069 635 1131 Marcionis.
688 1070 768 1131 llaec
796 1072 996 1150 ¹¹argumenta
1029 1093 1149 1156 quoquo
1176 1080 1249 1141 mibi

197 1169 300 1240 issent,
322 1178 353 1230 et
374 1169 402 1230 si
423 1188 486 1231 uon
508 1170 638 1232 luissent
659 1171 836 1250 praedicata.
871 1173 1000 1247 Caelum
1023 1176 1120 1255 inquit
1132 1178 1248 1255 Esaias,
1264 1197 1362 1253 raama.

197 1288 203 1329 ι
223 1270 361 1331 tenebris.
406 1270 461 1333 llic
482 1272 540 1332 erit
561 1271 625 1332 dies
647 1272 765 1351 dequo
787 1280 818 1334 et
838 1276 947 1336 Amos:
979 1276 1017 1337 lit
1039 1278 1097 1339 erit
1117 1278 1165 1340 illa
1188 1280 1400 1356 die,amosvm,s.

197 1370 319 1445 ominus,
342 1371 456 1433 occidet
476 1372 669 1462 sol0meridie
691 1372 796 1446 (habes
813 1382 843 1435 et
857 1373 949 1436 horae
971 1385 1071 1437 sextae
1094 1379 1247 1457 signitica-

197 1496 216 1544 ι,
246 1481 274 1533 et
297 1471 550 1535 ''contenebrabit
571 1492 664 1553 super
686 1482 806 1535 terram.
856 1475 990 1538 Scissum
1019 1487 1065 1539 est
1094 1487 1123 1540 et
1145 1482 1246 1560 templi
1256 1483 1340 1578 xfflpj
1353 1539 1379 1579 4⁵
1424 1507 1428 1514 ·

207 1571 301 1651 augeli
324 1574 498 1652 eruptione,
527 1574 760 1655 derelinquentis
786 1574 875 1635 liliam
899 1576 1017 1651 Sionis,
1045 1586 1184 1659 tanquam
1212 1566 1399 1654 inszaeux'ms.

197 1673 344 1751 peculam
373 1683 404 1735 et
424 1672 454 1736 in
477 1676 680 1737 cucumerario
703 1675 843 1736 casulam.
889 1675 914 1737 0
937 1687 1080 1757 quantum
1102 1664 1246 1759 perseve-
1260 1649 1355 1731 Μ

198 1773 255 1835 iam
279 1773 460 1837 ”tricesimo
481 1776 597 1856 psalmo
620 1776 772 1838 Christum
795 1776 894 1856 ipsum
916 1775 1056 1838 redderet
1094 1779 1399 1871 vocitem-mm,

199 1884 329 1952 patrem,
356 1862 448 1936 utet
469 1877 601 1938 moriens
628 1877 731 1938 ultima
759 1896 836 1938 voce
854 1877 1041 1957 ¹‘prophetas
1063 1880 1245 1960 adimpleret.

197 1983 233 2035 to
256 1976 409 2056 expiravit
442 1975 540 2051 Quisl
562 1978 685 2057 spiritus
707 1978 917 2056 semetipsum,
940 1996 977 2039 an
998 1996 1066 2041 caro
1082 1979 1245 2059 spiritum?
1260 1986 1365 2080 „Lippa

198 2074 276 2137 ritus
296 2078 493 2157 semetipsum
515 2083 650 2158 expirare
673 2097 734 2140 nou
756 2080 863 2159 potuit
896 2079 978 2140 Alius
994 2081 1104 2159 estqui
1121 2080 1246 2161 expirat,
1327 2068 1333 2086 ’
1366 2067 1372 2079 ’

197 2177 217 2237 ri
239 2178 397 2256 expiratur.
452 2177 484 2240 Si
514 2179 636 2258 spiritus
665 2179 832 2259 expiratur,
864 2180 901 2241 ab
929 2180 986 2241 alio
1016 2180 1168 2259 expiratur
1189 2200 1245 2243 ne-

197 2285 233 2338 st
270 2278 387 2350 Quodsi
410 2278 493 2341 solus
515 2280 639 2360 spiritus
663 2280 782 2353 luisset,
806 2281 986 2342 discessisse
1007 2282 1107 2360 potius
1128 2282 1245 2342 dicere-

198 2397 228 2438 m
251 2378 415 2459 expirasse.
451 2380 526 2453 Quis
547 2381 637 2460 igitur
659 2383 773 2461 expirat
794 2381 930 2461 spiritum
953 2382 1012 2443 nisi
1034 2399 1119 2454 caro,
1143 2381 1246 2461 ¹'quau

197 2488 217 2538 at
236 2480 355 2558 quaudo
376 2480 459 2542 illum
480 2482 585 2555 habet,
608 2489 638 2543 et
658 2483 698 2543 ita
721 2501 788 2542 eum
811 2501 878 2544 cum
893 2482 1001 2544 amittit
1015 2480 1153 2562 expirat?
1185 2482 1245 2543 lte·

199 2580 209 2639 i
229 2598 298 2641 caro
321 2599 383 2642 non
407 2581 504 2656 ¹⁸luts,
531 2584 584 2645 sed
606 2584 782 2663 phantasma
805 2584 922 2655 carnis,
950 2583 1125 2663 phantasma
1147 2592 1246 2645 autem

225 2680 298 2751 luit,
332 2680 457 2759 spiritus
489 2693 587 2744 autem
619 2684 812 2759 semetipsum
846 2683 990 2761 expiravit
1021 2688 1052 2743 et
1083 2683 1246 2763 expirando

200 2790 223 2851 t,
256 2781 322 2841 siue
350 2780 441 2842 dubio
468 2783 641 2861 phantasma
670 2781 807 2842 discessit
836 2800 901 2842 cum
925 2782 1067 2861 spiritus,
1104 2784 1155 2863 qui
1184 2792 1248 2846 erat

200 2901 261 2954 ma,
284 2881 440 2956 discessit,
462 2894 491 2945 et
513 2901 659 2962 nusquam
675 2881 840 2962 comparuit
854 2883 1028 2961 phantasma
1045 2902 1111 2945 cum
1128 2883 1245 2964 spiritu.

197 3001 242 3061 rgo
265 2985 412 3044 remansit
432 2984 462 3045 in
484 2985 581 3062 ligno,
611 2982 683 3044 nibil
705 2983 847 3063 pependit
874 2984 961 3044 etiam
989 2992 1059 3063 post
1081 2986 1244 3064 expiratio-

200 3085 249 3145 ibil
273 3084 310 3145 de
324 3084 419 3146 Pilato
441 3086 637 3164 postulatum,
661 3084 735 3145 nihil
757 3083 794 3144 de
816 3083 946 3163 patibulo
969 3084 1149 3159 detractum,
1172 3086 1246 3147 nihil

198 3204 226 3245 ae
247 3186 428 3257 involutum,
462 3186 535 3246 nihil
564 3185 701 3265 sepulcro
730 3203 808 3245 novo
837 3185 998 3245 conditum.
1046 3184 1155 3264 Atquin
1184 3205 1246 3247 non

199 3286 277 3359 Quid
300 3287 389 3365 igitur
410 3285 481 3347 illud
502 3284 580 3348 luit?
624 3286 657 3347 si
677 3286 866 3365 phantasma,
889 3285 985 3346 adhuc
1008 3303 1078 3363 argo
1100 3285 1197 3346 inerat
1218 3294 1248 3348 et

197 3406 215 3448 s.
260 3388 292 3448 Si
315 3387 495 3448 discesserat
515 3386 665 3459 Christus,
688 3404 759 3464 ergo
782 3384 945 3445 abstulerat
965 3385 1149 3462 phantasma.
1186 3387 1248 3446 Su·

197 3488 395 3568 impudentiae
424 3488 588 3549 baereticae
616 3487 715 3547 dicere
742 3486 917 3564 phantasma
949 3482 1009 3544 illic
1034 3483 1248 3563 phantasmatis

197 3591 264 3651 isse.
316 3589 376 3651 Sed
401 3590 427 3652 si
451 3596 481 3649 et
500 3588 612 3669 loseph
639 3606 749 3667 corpus
779 3585 871 3647 luisse
899 3588 1049 3657 noverat⁰,
1077 3582 1156 3662 quod
1186 3591 1248 3645 tota

203 3688 362 3752 uacusitt
384 3690 434 3752 ille
449 3689 557 3768 loseph
580 3687 631 3767 qui
645 3706 706 3749 uon
721 3694 917 3748 consenserat
933 3685 963 3745 in
979 3685 1093 3746 scelere
1107 3683 1248 3747 ludaeis?

197 3885 297 3927 tentata
315 3877 343 3926 B.
405 3874 444 3924 ta.
469 3874 648 3924 contenebravit
671 3874 745 3923 rufat.
806 3873 846 3922 tt.
871 3875 993 3922 tricesimo
1011 3873 1036 3922 li.
1077 3872 1201 3933 trigesimo
1225 3873 1248 3922 d.

197 3948 241 4008 psi.
302 3944 341 3993 14.
361 3944 503 4007 prophetias
522 3943 546 3991 ll.
608 3942 647 3989 15.
672 3956 734 4004 qnae
759 3947 782 3989 et
805 3944 881 4004 spirat
908 3943 975 3990 obad.
1003 3941 1134 3989 Gorsiessss's
1152 3939 1211 3988 liber
1228 3945 1250 3987 et

213 4019 318 4077 sterqu
355 4026 418 4074 quse
435 4012 512 4073 spirat
528 4001 569 4058 h'
590 4023 651 4071 quaa
668 4009 760 4070 expirat
776 4007 800 4057 C.
846 4007 886 4058 tt.
906 4007 1019 4068 luit‚sed
1038 4008 1071 4068 d,
1091 4005 1249 4055 scemmdat.

197 4081 248 4128 sis'a
285 4079 373 4128 luisset
391 4078 477 4128 acute.
532 4076 572 4125 l'l.
591 4076 615 4125 in
633 4076 736 4124 sindono
753 4075 796 4125 lte.

211 4213 353 4276 proiectura
372 4220 431 4259 erat.
458 4208 638 4259 llabolalsitui
690 4211 773 4268 florere
796 4208 827 4256 el.
855 4221 917 4270 quae
942 4207 1053 4255 adnotata
1077 4212 1133 4255 sont
1163 4204 1192 4253 ad
1219 4203 1253 4252 Do

198 4282 277 4329 edam.
313 4279 375 4328 llam
396 4287 474 4327 cetera
494 4278 523 4324 de
543 4277 639 4326 Christo
692 4273 777 4324 ldolol.
798 4273 905 4336 ospiti.

197 4356 322 4398 sertatum
335 4345 458 4408 psalmum
471 4345 558 4393 uinus·
570 4344 640 4392 unios
726 4357 746 4390 c.
765 4341 813 4389 Sed
827 4341 847 4389 si
867 4338 988 4401 etlosepb
1007 4352 1096 4403 corpus
1114 4338 1189 4387 inissa
1208 4351 1254 4385 no-

197 4432 209 4466 s
234 4414 389 4464 vestimentis
408 4412 496 4462 Christi
524 4414 639 4460 iacturam
693 4405 768 4469 verat]
788 4408 839 4456 lloc
858 4407 911 4469 ipso
930 4416 1072 4467 argumento
1091 4405 1254 4482 ⁸d.“.'⁰²¹¹.''‘

197 4491 331 4547 rspensant.
694 4475 796 4524 bandum
816 4475 938 4524 vamtatem
952 4475 1063 4536 corporis
1074 4473 1163 4522 Chrrslr
1182 4477 1257 4518 utatur

694 4545 766 4592 etiam
792 4541 912 4605 Epiphan.
931 4541 1001 4589 llser.
1018 4540 1064 4589 Xl..
1089 4538 1185 4589 Conlut
1205 4535 1256 4592 lb,

198 4609 436 4674 iinrbnsllornisset]
454 4613 585 4662 inlusins
604 4613 643 4661 bic
694 4610 786 4673 pariter
808 4616 880 4671 atqua
905 4608 947 4657 illo
971 4606 1001 4655 da
1026 4606 1167 4655 mulieribus
1185 4617 1198 4650 a
1217 4614 1258 4649 se·

197 4686 266 4735 ιιάιιιιι
286 4683 389 4734 censuit
407 4681 546 4738 „floruisset
558 4681 643 4740 magis,
695 4677 791 4740 pulturs
809 4676 898 4725 Christi
918 4675 1083 4729 redeuntibus,
1102 4667 1257 4721 somnust..

197 4768 203 4800 ι
220 4754 370 4802 insultasset
389 4749 474 4808 magis,
492 4748 544 4796 dies
562 4755 643 4795 stetas-
695 4744 759 4807 quod
776 4743 888 4806 sequenti
905 4742 1011 4805 capitulo
1021 4737 1185 4790 Tertullianus
1197 4746 1258 4797 pro-

197 4828 238 4882 tsr,
259 4815 405 4886 spectans“
424 4822 479 4864 eeu
513 4814 548 4863 lle
571 4814 643 4864 aerbo
695 4811 771 4874 ponit.
