3242 5775
472 683 621 728 sommus
643 684 814 728 marones
836 686 894 730 ern.
911 687 937 729 v.
1234 677 1298 742 287

138 823 169 880 .'s
205 849 209 858 ·
260 821 486 895 'istrienses
512 852 555 895 aa
583 852 816 897 cosrnrsros
845 854 969 899 rarus.
1012 837 1215 901 Praestructio
1239 860 1294 903 su·
1314 866 1407 924 σω,

148 963 155 973 ·-
196 1009 198 1014 Ι
235 921 274 971 ”-
300 928 415 1008 epistulae
435 933 477 996 ita
498 934 611 1008 durit¹,
647 944 680 997 ut
706 934 743 997 de
770 935 856 998 titulo
884 937 949 1000 eius
978 955 1040 999 non
1062 941 1294 1017 retractaverim,

162 1023 165 1034 '
196 1072 200 1085 .
277 1030 364 1093 stilibi
382 1033 537 1095 retractari
561 1052 629 1096 cum
651 1053 761 1114 posse,
784 1055 972 1099 communem
995 1038 1108 1100 scilicet
1123 1041 1295 1104 eteundem

141 1170 147 1180 ·
193 1142 200 1208 t
230 1123 321 1204 *iiis
337 1134 489 1209 omnibus,
511 1135 591 1213 quod
614 1153 675 1196 nou
697 1135 797 1214 utiquc
820 1138 944 1200 salutem
966 1140 1143 1218 praescribit
1164 1140 1208 1202 cis
1224 1142 1294 1221 qui·

138 1224 153 1281 e'
191 1227 218 1296 J
243 1228 325 1305 scibit,
344 1236 393 1297 sed
415 1235 537 1315 gratiam
560 1244 591 1297 et
612 1254 726 1314 pacem.
758 1235 827 1297 Non
848 1237 915 1299 dico
938 1239 1008 1317 quid
1031 1239 1070 1300 illi
1092 1259 1159 1302 cum
1174 1240 1293 1304 ludaico
1307 1261 1421 1330 reeens.

193 1341 199 1403 ζ
265 1348 339 1408 aurs,
367 1336 547 1398 destructori
567 1334 733 1399 ludaismil
775 1336 851 1399 Nam
872 1346 902 1400 et
922 1338 1011 1400 bodie
1032 1339 1132 1401 ludaei
1159 1341 1189 1401 in
1211 1343 1294 1422 pacis

152 1435 156 1442 ’
189 1472 194 1521 Q
248 1473 250 1475 ν
281 1436 425 1515 appellant,
448 1446 479 1499 et
499 1445 580 1499 retro
604 1437 635 1498 iu
658 1437 814 1517 seripturis
837 1437 881 1501 sic
901 1438 1077 1501 salutabant.
1121 1440 1181 1501 Sed
1203 1442 1293 1504 intel·

243 1531 300 1597 dnn
316 1538 484 1601 defendisse
512 1538 611 1599 olb'cio
641 1556 698 1599 suo
726 1539 975 1618 praedicationem
1003 1540 1164 1604 mentoris:
1198 1543 1427 1617 Quamnsunv.

137 1631 141 1646 '
200 1719 202 1724 Ι
247 1631 341 1714 'pedes
363 1638 627 1719 evangelizantium
649 1639 743 1714 bona,
766 1640 1028 1720 evangelizantium
1043 1660 1157 1720 pacem.
1193 1642 1292 1706 Evan-

186 1807 190 1811 Α
256 1740 360 1801 *saim
381 1739 546 1815 bonorum,
574 1740 604 1801 id
627 1751 674 1802 est
694 1740 804 1820 gratiae
826 1741 889 1815 dei,
920 1742 1040 1820 ’pacem
1063 1759 1150 1821 quam
1172 1745 1291 1822 praelo·
1375 1725 1378 1734 ¹

185 1857 187 1860 ·
246 1868 255 1883 ι·
279 1840 390 1903 edebat
440 1840 522 1903 llaec
548 1859 614 1903 cum
642 1861 659 1902 a
687 1842 744 1903 deo
773 1850 857 1921 patre
885 1850 991 1912 nostro
1021 1852 1050 1902 et
1077 1843 1198 1904 domino
1221 1843 1423 1916 lesatensis.

144 1948 149 1955 '
236 1935 295 1991 ·¹'··-
331 1942 540 2003 communibus
567 1942 739 2004 nominibus
772 1952 887 2018 utatur,
920 1942 1157 2023 competentibus
1189 1953 1294 2008 nostro

144 2037 153 2048 '
235 2065 237 2079 ¹
275 2050 469 2115 caemento,
501 2061 561 2104 uon
589 2052 662 2124 puto
690 2043 796 2123 dispici
823 2062 917 2124 posse
944 2043 1030 2123 'quis
1056 2044 1131 2106 deus
1158 2054 1242 2123 petar
1264 2053 1296 2108 et

287 2141 368 2204 lesus
389 2145 592 2223 praedicetur,
625 2144 684 2206 nisi
712 2163 748 2206 ex
769 2127 995 2207 ‘accedentibus
1024 2143 1071 2206 cui
1093 2145 1186 2224 magis
1207 2164 1292 2208 corn

140 2243 148 2252 ’
193 2233 196 2238 ’
232 2270 234 2275 2
272 2240 364 2305 Primo
386 2245 507 2324 quidem
529 2259 643 2325 patrem
659 2246 812 2308 dominum
827 2245 1000 2326 praescribo
1018 2263 1079 2306 non
1094 2245 1182 2307 abum
1198 2263 1294 2324 agno-

153 2341 157 2348 '
248 2368 266 2392 ιιι
289 2364 375 2425 quam
396 2354 427 2407 et
447 2345 577 2407 bominis
607 2356 636 2408 ct
658 2346 857 2409 universitatis
886 2356 1051 2408 creatorem
1080 2355 1110 2407 ct
1137 2345 1294 2407 instituto-

149 2443 154 2450 '
191 2455 325 2532 ¹:porro
351 2446 429 2526 patri
457 2446 546 2509 etiam
573 2447 685 2509 domini
713 2467 824 2509 nomen
851 2447 1007 2510 ⁸accedere
1036 2447 1074 2508 ob
1103 2454 1294 2526 potestatem,

184 2612 186 2614 .
244 2553 268 2606 et
289 2545 363 2609 tibus
390 2565 446 2627 per
474 2555 587 2627 patrem
616 2548 726 2629 capiat:
759 2549 868 2610 debinc
894 2549 1017 2628 gratiam
1044 2557 1074 2609 et
1100 2566 1203 2627 paoem
1233 2565 1295 2609 non

181 2637 183 2640 ’
217 2715 220 2724 ,
252 2645 307 2708 sias
328 2667 399 2710 esse
421 2667 438 2710 a
460 2667 519 2728 quo
540 2649 801 2728 praedicabantur,
825 2650 879 2711 sed
899 2649 965 2711 eius
979 2649 1030 2730 qui
1046 2649 1134 2712 luerit
1148 2650 1293 2712 ollcnsus.

145 2739 149 2752 ’
225 2746 298 2822 palia
318 2748 398 2810 seim
421 2749 454 2808 tit
475 2748 532 2810 nisi
555 2751 703 2823 ollensae,
740 2769 797 2811 nec
822 2770 878 2829 pax
904 2750 962 2812 nisi
986 2750 1065 2812 belli.
1109 2750 1145 2811 Et
1165 2750 1294 2830 populus

174 2863 178 2867 ‘
211 2882 230 2892 -<
251 2864 299 2926 per
316 2848 491 2930 disciplinae
512 2851 783 2931 transgressionem
805 2862 833 2914 et
856 2871 944 2914 omne
958 2852 1113 2914 bominum
1134 2870 1227 2931 genus
1241 2869 1296 2930 per

276 2949 561 3012 assimulationeme
595 2962 625 3013 et
659 2953 823 3032 deliquerat
856 2963 885 3014 et
914 2954 1124 3015 “rebellaverat
1151 2953 1295 3015 adversus

171 3048 297 3111 Hersen
336 3052 419 3113 lleus
443 3061 540 3114 autem
560 3053 735 3125 Marcionis,
769 3062 799 3115 et
826 3054 912 3133 ⁷quia
941 3055 1076 3134 ignotus,
1109 3073 1171 3116 non
1198 3054 1296 3133 potuit

173 3136 259 3221 Μ,
286 3160 314 3212 et
333 3152 421 3232 'quia
451 3154 545 3214 nescit
573 3154 670 3214 irasci.
716 3155 799 3226 Quae
823 3173 893 3232 ergo
917 3155 1008 3234 gratia
1030 3174 1047 3215 a
1068 3173 1131 3215 non
1153 3151 1295 3215 offenso?

172 3250 278 3324 *par
297 3269 312 3310 a
333 3271 396 3313 non
419 3251 585 3312 rebellato?
617 3251 682 3312 ”sit
703 3270 819 3312 erucem
836 3252 945 3312 Christi
960 3255 1113 3315 stultitiam
1130 3272 1197 3314 esse
1211 3253 1295 3332 pori·

173 3339 233 3415 fl·
256 3349 387 3412 uirtutem
409 3360 509 3412 autem
531 3361 561 3412 et
581 3351 756 3430 sapientiam
784 3351 831 3412 dei
860 3352 984 3413 salutem
1013 3353 1235 3424 consecuturis,
1268 3360 1299 3413 et

166 3444 349 3513 luendum
371 3452 452 3513 uude
474 3451 532 3512 boc
553 3452 702 3524 eveniret,
726 3452 858 3513 ¹⁰adicit:
880 3452 1029 3529 Scriptum
1046 3459 1092 3511 est
1106 3450 1201 3522 enim,
1224 3450 1299 3510 Per·
1314 3442 1407 3542 fifffi

170 3532 214 3603 fl
228 3551 387 3630 sapientiam
410 3552 588 3630 sapientium
605 3563 634 3613 et
649 3553 835 3631 prudentiam
852 3551 1041 3631 prudentium
1056 3549 1169 3611 irritans
1184 3549 1298 3610 ladam.
1313 3542 1385 3643 xffi:
1393 3595 1424 3635 ¹4·

163 3646 170 3673 ³
204 3642 258 3711 hec
275 3653 420 3715 creatoris
442 3665 513 3714 sunt
536 3653 553 3685 ¹¹
564 3662 594 3714 et
607 3673 682 3732 quae
698 3654 733 3714 ad
749 3672 867 3714 causam
882 3652 979 3714 erucis
995 3651 1145 3732 pertinent
1158 3650 1299 3713 stultitiae

170 3754 173 3757 ‘
241 3760 289 3828 tat,
316 3773 390 3833 ergo
413 3763 444 3814 et
465 3772 537 3815 mua
559 3763 586 3815 et
609 3773 663 3834 per
684 3772 801 3816 crucem
825 3753 962 3815 Christus
984 3753 1020 3815 ad
1042 3760 1205 3815 creatorem
1226 3769 1299 3832 per-

168 3864 172 3871 “
203 3879 250 3925 ·“,
276 3874 291 3916 a
318 3874 379 3936 quo
401 3855 603 3933 praedicatum
631 3854 779 3934 estquod
807 3854 844 3915 ad
867 3873 983 3915 crucem
1006 3854 1144 3932 pertinet.
1186 3852 1244 3915 Aut
1272 3852 1300 3913 si

167 3954 171 3962 ’
225 3983 227 3990 ·
252 3999 261 4027 ,
286 3974 344 4036 qua
367 3955 518 4030 aemulus,
547 3956 657 4017 idcirco
681 3955 856 4035 sapientiam
879 3955 1012 4030 abstrdit,
1042 3965 1075 4016 ut
1096 3972 1168 4015 crux
1189 3952 1300 4015 Christi

207 4098 293 4169 cept.
330 4109 354 4157 l.
374 4107 475 4157 Titurium
492 4109 570 4157 send.
612 4108 636 4156 2.
656 4122 823 4172 pacemqusm
834 4106 878 4157 uc.
912 4107 966 4170 poci
985 4120 1037 4154 eam
1055 4107 1147 4170 reliqui.
1184 4103 1209 4154 3.
1227 4120 1299 4154 eure.

164 4152 330 4233 'insanum
349 4176 374 4224 d.
397 4175 518 4225 Vaticanus
536 4183 639 4239 uterque.
698 4176 722 4223 b.
742 4176 868 4224 accederet
886 4174 912 4223 tt.
969 4171 993 4220 u.
1012 4172 1174 4222 debellaverat
1190 4172 1234 4222 BG.
1274 4171 1300 4221 Ἰ.

161 4258 170 4282 r·
204 4238 302 4292 husee
355 4241 580 4305 &qualetinius
633 4242 781 4292 tt.turuc.
835 4240 984 4301 tustinum
1003 4240 1045 4291 BG.
1095 4240 1132 4289 ll.
1152 4238 1302 4304 etqaassd

158 4294 304 4376 :limus
320 4317 427 4374 uterque.
469 4310 540 4358 etad
559 4311 651 4374 reliqui.
712 4308 751 4358 12.
770 4309 869 4373 deputat
886 4308 958 4357 scca.
981 4306 1103 4357 Vaticanus
1119 4313 1222 4371 uterque.
1258 4304 1301 4354 de·

203 4399 205 4402 ·
235 4374 332 4443 'reisque
353 4386 375 4426 et
393 4377 461 4426 Futu.
474 4377 579 4426 Ursinus.
1091 4393 1095 4400 ·

176 4470 260 4540 ΕΗ.
295 4493 318 4527 a.
337 4480 370 4527 ita
389 4473 468 4538 duxit}
493 4477 615 4526 facillima
635 4492 689 4526 mu·
739 4471 1250 4539 aautquaeinbunciocumobservavit
1269 4471 1303 4520 vir

145 4538 218 4591 ¹&aa
233 4547 386 4611 reposuerim
407 4546 432 4594 id
450 4547 558 4593 adduxit.
740 4544 926 4594 eruditissimus
972 4540 1101 4600 „Naturae
1129 4538 1304 4589 dissimulatio-

170 4606 242 4675 lpsr
258 4623 364 4663 ntarae
382 4608 615 4676 dissimulationem]
635 4606 691 4670 Τὴν
741 4613 815 4663 nem“
834 4609 941 4672 appellat
950 4608 1114 4658 Tertullianus
1124 4616 1222 4656 naturae
1235 4605 1304 4667 quael

188 4699 190 4706 ·
249 4670 426 4746 ἂφοσίυσν,
446 4679 538 4742 peceavi
556 4682 689 4741 originalis,
741 4678 912 4733 cessationem,
936 4691 982 4739 qua
1007 4676 1118 4724 homines
1142 4673 1305 4747 cognationem

138 4794 141 4803 ,
172 4738 256 4805 fimat
283 4750 334 4798 sive
359 4747 488 4807 orrpinerii
512 4746 605 4807 labem;
635 4763 690 4795 narn
741 4754 826 4796 natura
852 4745 897 4793 sibi
918 4735 1018 4793 insitam
1047 4741 1161 4790 iniustitia
1188 4739 1304 4811 detinent

138 4806 285 4874 batert,
311 4806 528 4879 ἇφοσιοῦσθαι,
557 4824 581 4861 ut
605 4824 642 4862 est
666 4817 690 4863 ia
740 4812 834 4871 (besid.
859 4811 977 4860 lleraldus
1001 4825 1025 4871 p.
1041 4807 1097 4858 tos.
1131 4803 1252 4856 Animadr.
1280 4814 1304 4848 nn

138 4874 244 4934 haria
257 4892 349 4933 vetera.
362 4880 527 4943 (inluniae.)
544 4879 601 4931 llira
616 4883 690 4931 nimia
741 4879 830 4929 emat.
850 4878 930 4927 libll.
949 4876 1037 4942 pil.)
