3242 5775
319 603 382 670 334
567 618 668 669 curari
691 619 821 671 serrium
843 618 1009 661 rtoaearrs
1031 617 1225 677 renuntiarat

317 768 523 849 increpatione
543 768 693 851 mouisset.
738 768 779 829 lta
802 787 869 830 euin
892 768 1048 834 diversitas
1070 787 1110 830 ne
1131 743 1246 832 timetur
1267 768 1382 848 quiden

317 872 391 942 vitas
413 889 474 938 nun
496 870 648 951 probatur.
682 870 771 931 Plane
794 871 830 930 de
853 869 1017 940 substantia
1040 870 1147 933 Christi
1170 878 1276 949 putant
1298 880 1328 930 et
1350 871 1381 932 hi

317 973 444 1035 cionitae
466 972 621 1050 sullragari
643 972 813 1050 apostolum
836 972 909 1044 sihi,
934 972 1013 1051 quod
1035 972 1209 1050 phantasma
1229 974 1328 1034 carnis
1351 974 1382 1036 lu

165 1090 299 1141 naitanus
318 1075 456 1146 Christo,
485 1093 552 1135 cum
580 1072 665 1145 dicit,
697 1073 777 1151 quod
806 1072 837 1133 in
867 1073 963 1150 elligie
992 1072 1038 1138 dei
1061 1072 1240 1136 constitutus
1267 1092 1329 1134 non
1358 1094 1382 1136 rr

317 1176 495 1237 existimarit
516 1174 649 1254 ¹¹pariari
671 1174 760 1247 (leel,
784 1174 837 1242 sed
862 1173 1024 1236 ¹²eahausit
1046 1174 1242 1253 semetipsum
1261 1183 1380 1254 accepta

316 1277 409 1350 servi,
432 1295 493 1338 nou
515 1276 654 1349 veritate,
678 1283 708 1336 et
728 1275 759 1336 in
782 1274 973 1340 similitudine
996 1275 1142 1348 hominis,
1165 1294 1226 1337 nou
1249 1275 1279 1337 in
1304 1276 1382 1339 Ιιοιιιι1

317 1381 409 1458 figura
432 1379 568 1440 inventus
591 1378 699 1450 homo,
721 1394 780 1436 non
805 1375 985 1447 substantia,
1008 1375 1036 1446 id
1060 1384 1181 1440 estnon
1198 1396 1305 1449 carne,
1330 1395 1382 1455 qua

318 1488 348 1541 et
368 1480 461 1560 figura
484 1488 513 1539 et
535 1478 697 1540 similitudo
721 1487 749 1538 et
771 1478 883 1556 effigies
899 1477 1080 1539 substantiae
1096 1497 1213 1558 quoque
1228 1479 1379 1541 accedant.

318 1591 415 1644 autem
444 1580 522 1660 quod
553 1589 582 1641 et
609 1579 679 1658 alibi
701 1578 877 1655 ¹³Cbristum
907 1578 1063 1657 imaginem
1093 1580 1139 1641 dei
1169 1580 1325 1641 invisibilis
1355 1599 1382 1661 ap

316 1682 463 1762 Numquid
487 1700 558 1761 crgo
581 1691 611 1746 et
630 1679 695 1758 laic,
724 1699 781 1761 qua
809 1680 840 1740 in
864 1680 960 1760 elligie
983 1700 1050 1742 eum
1073 1681 1120 1743 dei
1144 1682 1283 1756 collocat,
1314 1702 1382 1762 aequ

317 1785 372 1862 crit
395 1784 496 1845 ¹‘deus
517 1782 653 1844 Christus
677 1781 788 1855 ¹³vere,
811 1781 837 1843 si
860 1800 917 1854 nec
937 1782 1027 1842 homo
1050 1802 1119 1844 vere
1141 1783 1197 1843 suit
1219 1783 1248 1844 in
1272 1784 1370 1862 effigie

317 1888 364 1947 nis
387 1883 591 1964 coristitutps?
635 1883 815 1962 Utrobiquc‘
845 1879 924 1956 citim
947 1884 1054 1944 veritas
1077 1902 1201 1946 necesse
1224 1884 1343 1945 habebit
1364 1905 1382 1946 e

318 1990 343 2048 si
366 1987 478 2066 effigies
501 1995 530 2047 et
552 1984 715 2060 similitudo
738 1994 768 2046 et
789 1984 881 2064 figura
904 1985 1102 2065 phantasmati
1125 1985 1329 2047 vindicabitur.
1374 1989 1382 2053 t

316 2090 347 2150 in
370 2088 465 2168 elligie
487 2099 517 2148 et
538 2087 569 2147 in
591 2087 733 2166 imagine,
759 2084 842 2164 ¹“que
865 2086 943 2147 lilius
967 2086 1097 2165 ¹⁷patris,
1121 2106 1189 2148 rere
1206 2087 1317 2161 ¹'deus
1341 2106 1382 2167 pra

317 2201 413 2252 catum
436 2197 484 2251 est
506 2188 592 2250 etiam
616 2188 645 2249 in
669 2187 764 2267 effigie
786 2196 817 2247 et
839 2187 964 2267 imagine
992 2187 1138 2260 hominis,
1168 2207 1225 2267 qua
1247 2189 1326 2250 lilius
1348 2191 1382 2250 ho

316 2311 385 2354 vere
408 2291 557 2374 hominem
580 2290 741 2351 inventum.
785 2288 859 2350 Nam
881 2288 1084 2360 elimentum
1107 2289 1222 2362 ratione
1244 2291 1359 2370 posuit,

316 2394 481 2455 certissime
503 2391 665 2453 bominem.
711 2389 797 2463 Quod
822 2390 899 2451 enim
923 2390 1083 2463 invenitur,
1118 2400 1233 2452 constat
1261 2411 1338 2453 esse.
1380 2402 1382 2448 t

316 2497 390 2556 deus
412 2495 549 2555 inventus
572 2502 619 2554 est
639 2511 694 2574 per
716 2492 870 2565 virtutem,
893 2492 971 2552 sicut
993 2492 1083 2552 homo
1105 2511 1160 2572 per
1181 2511 1315 2567 caruem,
1345 2511 1381 2573 qu

316 2596 405 2658 morti
428 2594 578 2657 subditum
601 2594 824 2673 pronuntiasset
853 2612 911 2653 non
939 2594 970 2654 in
999 2593 1164 2655 substantia
1193 2595 1310 2656 mortali
1338 2614 1382 2656 cor

190 2706 391 2778 ¹·hi1-11.⁸·tum.
425 2697 495 2757 Plus
518 2704 565 2757 est
586 2703 683 2755 autom
706 2694 785 2772 quod
809 2694 958 2768 ¹⁹adiecit,
982 2693 1019 2756 Et
1040 2705 1165 2755 mortem
1189 2697 1295 2759 crucis.
1327 2695 1382 2757 Nor

316 2800 534 2878 ”exaggeraret
555 2798 738 2858 atrocitatem
767 2795 934 2857 extollendo
964 2795 1100 2857 virtutem
1128 2796 1366 2873 ''subiectionis,

316 2899 516 2981 imaginariam
538 2900 742 2978 phantasmate
765 2898 890 2971 scisset,
923 2898 1066 2960 frustrato
1094 2899 1194 2977 potius
1224 2919 1288 2961 eam
1318 2919 1382 2980 quar

163 3011 417 3082 rbittttbaperto,
439 3020 494 3062 nec
517 2998 623 3077 virtute
645 3002 745 3061 iuncto
768 3000 798 3060 in
822 2998 976 3079 passione,
1001 3001 1053 3060 sed
1076 2999 1151 3062 lusu.
1191 3000 1274 3074 Quae
1295 3010 1382 3061 auten

316 3104 388 3165 lucri
411 3101 563 3176 duxerat,
586 3121 661 3181 quae
684 3110 714 3162 et
735 3087 833 3182 supra⁸
847 3109 997 3174 numerat,
1022 3100 1144 3179 gloriam
1168 3103 1281 3175 earnis,
1304 3109 1382 3173 notar

316 3203 522 3276 cumcisionis,
553 3202 671 3282 generis
700 3201 827 3262 Hebraei
856 3221 890 3261 ex
913 3201 1049 3262 llcbraeo
1078 3221 1217 3277 censum,
1248 3203 1363 3264 titulum

215 3334 296 3375 roua.
316 3306 484 3385 Beniamin,
506 3304 679 3385 pharisaeae
694 3303 853 3365 candidae·
876 3302 1063 3382 dignitatem,
1087 3304 1160 3364 baec
1174 3303 1293 3366 ²²modo
1310 3303 1382 3366 detri

189 3435 302 3478 russo.
318 3409 374 3470 sibi
397 3409 534 3488 deputat,
558 3423 617 3466 non
641 3405 744 3478 deum,
768 3403 821 3465 sed
844 3413 1014 3483 stuporem,
1042 3404 1227 3467 ludaeorum.
1279 3404 1382 3467 llaec*

317 3518 450 3570 stercora
473 3507 623 3569 existimat
643 3526 714 3586 prae
744 3506 963 3586 comparatione
993 3504 1151 3584 agnitionis
1174 3506 1300 3580 Christi,
1328 3524 1382 3569 not

318 3728 500 3793 ll.pararill.
554 3727 593 3776 12.
613 3737 634 3776 et
654 3727 701 3776 hoc
718 3731 749 3776 sit
767 3729 792 3776 ll.
835 3735 857 3775 et
882 3727 941 3775 haec
965 3728 995 3775 it
1015 3727 1037 3776 O.
1101 3726 1140 3775 ta.
1160 3727 1249 3777 Christi
1267 3727 1309 3776 ΒΕ.
1364 3727 1382 3777 1Ι

316 3798 371 3846 ded.
407 3796 445 3843 dei
462 3797 555 3859 reliqui.
611 3796 648 3845 15.
668 3810 722 3846 aero
741 3795 784 3845 BC.
846 3794 884 3844 16.
903 3809 949 3858 qua
969 3795 1176 3844 hlius--et
1195 3795 1299 3858 imagine
1322 3788 1382 3846 onai

316 3864 339 3912 in
359 3864 434 3927 patris
455 3862 477 3911 C.
533 3861 570 3910 tu.
589 3863 657 3920 dous,
677 3863 865 3927 praeiudicatum
885 3869 921 3910 est
940 3863 1010 3910 etiam
1030 3862 1053 3910 in
1072 3862 1151 3923 eldgie
1169 3878 1218 3926 ego.
1255 3863 1292 3911 dei
1311 3862 1382 3926 praeit

315 3939 367 3980 est:
385 3938 408 3979 et
426 3931 473 3979 iam
492 3944 521 3978 ne
540 3929 619 3991 elligie
638 3931 660 3980 C.
696 3931 733 3981 dei
753 3931 930 3993 praeiudicatur
942 3938 992 3979 est:
1010 3932 1081 3979 etiam
1095 3930 1118 3979 iu
1130 3931 1209 3992 elligie
1227 3947 1249 3980 e.
1285 3931 1323 3980 dei
1336 3945 1382 3994 pru

316 4007 361 4057 est,
379 3999 450 4047 etiam
470 3999 492 4046 iu
511 3998 591 4059 eldgie
608 4000 702 4063 reliqui.
756 3997 795 4049 19.
815 3998 901 4047 adiecit
919 3998 1010 4056 (adiicit
1020 3998 1055 4055 B.)
1075 4005 1176 4047 mortem
1195 4013 1292 4053 crucem
1309 3999 1352 4048 dd.

315 4073 440 4127 aggeraret
458 4066 570 4115 latinius.
606 4067 804 4128 exaggerat,tibri
822 4081 907 4115 omnes.
952 4064 992 4115 tt.
1012 4065 1163 4117 collectionis
1181 4067 1233 4127 BC,
1254 4074 1275 4116 et
1294 4082 1316 4116 o.
1334 4069 1382 4117 iet

316 4131 356 4181 tt.
375 4148 423 4183 uon
441 4133 484 4182 hd.
520 4148 584 4183 nunc
601 4135 738 4185 Falerios.
797 4131 838 4183 23.
858 4135 959 4184 existere
984 4148 1026 4184 cor
1044 4134 1161 4187 existimat
1183 4134 1204 4182 d.
1248 4136 1382 4189 emisterett

316 4209 364 4250 mat
381 4201 408 4249 B.

350 4370 373 4418 b.
404 4383 450 4418 uon
478 4371 586 4433 rapinam
617 4370 757 4419 existimarit
787 4371 874 4433 pariari
928 4395 959 4406 -—
978 4370 1129 4421 constitutus.
1165 4371 1382 4434 Utrobique“·eotl

203 4482 209 4487 .
315 4431 373 4501 deo]
398 4436 433 4485 ct.
458 4437 491 4486 lle
510 4437 606 4485 Resurr.
627 4437 710 4486 Carnis
729 4436 827 4501 raph,
853 4447 877 4488 et
962 4439 985 4488 d.
1005 4439 1063 4487 lueri
1081 4433 1191 4502 duxerat]
1209 4439 1382 4493 Sirbonideee

316 4505 426 4553 dererbo
443 4508 536 4567 puriore
553 4504 873 4569 supraadlib.lv,eap.29.
928 4523 980 4570 cap.
998 4506 1045 4564 ts,
1076 4513 1099 4554 et
1119 4508 1184 4557 tuni
1208 4508 1310 4559 hubitant
1334 4506 1381 4561 [lm.

349 4588 370 4621 c.
389 4567 531 4636 Utrobique]
551 4572 577 4620 ln
590 4573 764 4634 distinguendis
775 4575 812 4622 tris
823 4589 874 4622 rer·
928 4590 980 4638 cap.
993 4574 1032 4623 ll.
1050 4574 1097 4633 (rr.
1112 4573 1217 4630 lunius.)

316 4641 352 4687 his
376 4647 474 4689 secutus
500 4654 553 4688 sum
579 4641 616 4689 Fr.
633 4642 736 4691 lunium.
776 4640 874 4702 Vulgata
961 4658 981 4691 e.
1001 4642 1142 4706 pharisaeae
1160 4638 1290 4708 candidae]
1311 4643 1338 4695 ld
1355 4654 1382 4697 Ι

314 4708 444 4767 distinctio,
468 4722 539 4770 quum
557 4716 638 4757 tuetur
661 4710 731 4758 etiam
750 4709 874 4770 ltigaltius,
926 4724 979 4760 rum
998 4711 1199 4774 phanaticorum,
1218 4705 1382 4777 arreragiis

314 4786 366 4824 erat
384 4775 521 4838 „Numquid
540 4784 563 4825 et
578 4776 616 4824 hic
627 4791 674 4840 qua
690 4777 712 4826 in
727 4777 805 4838 elssgie
819 4792 873 4826 eum
924 4779 1025 4836 lunius.)
1050 4778 1234 4829 Pharisaeorum
1252 4781 1375 4843 lastigium

314 4843 351 4892 dei
370 4839 493 4893 collocat?
527 4846 607 4908 leque
632 4844 822 4894 uoueritdeui
842 4870 873 4880 -
925 4846 1062 4895 Rhenanus.
