3242 5775
277 582 340 668 616
469 647 472 654 ,
535 569 635 649 ouum
660 593 790 637 serrum
812 590 977 638 rooeunrrs
1000 591 1195 634 ranrooounr
1274 603 1277 613 ·

277 756 308 816 et
328 746 524 826 mntgeronr
549 731 582 807 et
608 742 746 806 Nectabis
774 751 804 804 et
829 741 980 804 Berenice.
1001 742 1006 748 “
1031 740 1151 804 Publica
1179 740 1237 802 iam
1268 740 1444 804 ⁵litteratura

277 857 327 911 ast
346 866 422 927 quae
443 847 556 908 animas
579 845 668 908 etiam
690 844 766 906 iusta
789 852 884 906 aetate
904 842 1036 923 sopitas,
1059 841 1147 902 etiam
1161 841 1257 920 proba
1272 852 1373 904 morte
1387 843 1444 906 dis·

277 950 409 1022 iunctae,
437 946 525 1009 etiam
547 956 683 1026 prompta
704 944 877 1006 humatione
898 942 1102 1023 dispunctam,
1134 951 1325 1005 evocaturam
1354 962 1389 1006 se
1416 944 1447 1007 ab

278 1044 405 1116 interum
434 1046 563 1110 incolatu
589 1044 756 1126 pollicetur.
805 1045 883 1119 Quid
914 1064 986 1124 ergo
1019 1044 1151 1109 dicemus
1178 1042 1340 1123 “magiaoi
1374 1045 1448 1125 quod

279 1168 385 1231 amnes
406 1149 534 1229 ’paene
557 1146 709 1208 salaciam.
746 1145 805 1207 Sed
828 1146 904 1207 ratio
926 1144 1056 1208 fallaciae
1078 1143 1162 1206 solos
1184 1163 1244 1206 ouo
1267 1146 1345 1223 sugit
1366 1145 1447 1208 curi-

279 1251 410 1323 stianos,
433 1249 482 1329 qui
505 1246 647 1327 spiritalia
668 1248 833 1327 nequitiae,
856 1265 918 1308 uon
940 1246 1059 1325 quidem
1080 1245 1161 1308 socia
1177 1246 1377 1324 conscientia,
1401 1247 1449 1310 aed

278 1351 396 1416 inimica
418 1349 540 1412 scientia
562 1348 714 1422 novimus,
737 1367 792 1411 nec
813 1346 979 1410 invitatoria
1001 1347 1190 1426 operatione,
1222 1349 1275 1408 sed
1300 1366 1448 1429 expugna-

266 1450 356 1516 toria
383 1449 584 1514 dominatione
615 1457 774 1511 tractamus
806 1448 1017 1510 multiformem
1045 1446 1123 1509 luem
1153 1448 1261 1509 mentis
1296 1449 1450 1521 humanae,

176 1589 178 1598 ·
279 1552 372 1620 totius
394 1550 506 1616 erroris
528 1550 684 1623 artificem,
706 1550 810 1612 salutis
825 1549 937 1628 pariter
950 1548 1124 1628 animaeque
1145 1548 1375 1612 'vastatorem·.
1405 1549 1452 1612 Sic

280 1652 368 1720 eriam
390 1652 517 1731 magiae,
548 1651 696 1713 secundae
716 1650 849 1713 ’sorbeo
868 1649 1070 1723 idololatriae,
1098 1649 1129 1714 iu
1152 1668 1209 1729 qua
1232 1650 1450 1714 eudaemones

278 1753 403 1835 periodo
423 1761 560 1816 mortuos
582 1753 697 1831 lingunt
717 1750 964 1831 quemadmodum
986 1749 1088 1812 inilia
1109 1750 1183 1811 deos
1218 1750 1360 1829 (quiduii
1387 1772 1449 1815 eum

280 1862 311 1920 et
330 1853 372 1920 dii
393 1853 534 1928 mortui),
567 1852 687 1931 ¹⁰aeque
709 1851 884 1914 invocantur
906 1850 1024 1931 quidem
1055 1851 1145 1913 ¹¹aori
1173 1860 1203 1914 et
1225 1850 1449 1923 ''biaeothanati

280 1953 338 2022 sub
358 1952 410 2015 illo
433 1952 500 2015 lidei
522 1964 712 2032 argumento,
745 1952 824 2032 quud
852 1952 992 2016 credibile
1018 1952 1152 2016 videatur
1179 1972 1230 2016 eas
1261 1954 1451 2033 potissimum

280 2054 395 2135 animas
416 2054 452 2115 ad
474 2054 532 2115 vim
554 2061 585 2115 et
605 2053 742 2115 iniuriam
764 2055 861 2115 lacere
882 2071 956 2132 quas
979 2052 1112 2131 pervim
1134 2062 1165 2115 et
1185 2052 1324 2115 iniuriam
1347 2074 1451 2118 saeros

282 2152 340 2216 ¹⁸et
361 2152 535 2218 immaturus
555 2154 624 2216 finis
640 2154 774 2227 extorsit,
796 2153 906 2233 “quasi
920 2154 957 2215 ad
973 2154 1067 2216 vicem
1080 2154 1224 2216 offensae.
1257 2154 1367 2219 ¹⁴¹³Sod
1383 2157 1451 2220 dae·

280 2273 387 2334 mones
409 2267 570 2334 operantur
591 2255 648 2316 sub
672 2254 822 2318 ¹⁸obtentu
850 2273 968 2330 earum,
1003 2264 1034 2316 et
1060 2254 1167 2333 ltivel
1194 2255 1321 2318 maxime
1351 2257 1450 2345 quiin

281 2355 356 2439 bris
378 2368 450 2420 trtuo
468 2357 590 2420 luerunt
610 2375 676 2418 cum
698 2353 894 2428 adviverent,
915 2355 1025 2434 quiquo
1038 2353 1104 2417 illas
1121 2354 1152 2416 in
1168 2355 1342 2420 huiusmodi
1365 2357 1449 2420 ¹‘im-

281 2466 425 2538 pegerant
455 2456 562 2522 esitus.
616 2457 690 2520 Nam
718 2468 748 2520 et
774 2457 996 2536 suggessimus·
1030 2455 1142 2525 uultum
1174 2475 1267 2535 paene
1299 2458 1451 2526 bominem

222 2621 225 2625 ,
283 2557 432 2622 Μ’ωοτο
452 2557 628 2632 daemonio,
661 2568 693 2620 et
717 2557 852 2638 pluribus
880 2566 984 2620 notum
1013 2566 1061 2618 est
1087 2556 1312 2620 daemoniorum
1335 2579 1452 2641 quoque

214 2728 216 2732 7
282 2676 374 2738 opera
395 2666 426 2719 et
446 2657 617 2721 immaturae
640 2668 671 2720 et
690 2668 807 2720 atroces
830 2658 905 2720 ellici
927 2665 1057 2730 mortes,
1082 2656 1101 2689 ¹⁷
1109 2676 1182 2736 quas
1204 2658 1376 2724 incursibus
1398 2661 1450 2723 de·

280 2767 394 2839 palam
433 2757 514 2821 llaoc
533 2777 651 2839 quoque
672 2759 812 2821 fallaciam
836 2758 959 2838 spiritus
981 2776 1108 2837 nequam
1130 2756 1214 2819 ¹'sub
1235 2761 1377 2837 puwonis
1399 2761 1451 2823 de-

281 2859 451 2946 tunctorum
472 2859 691 2934 delitescentis,
713 2859 772 2923 nisi
793 2858 893 2935 tabor,
916 2858 1003 2922 etiam
1025 2858 1115 2923 rebus
1138 2849 1320 2939 probamus,
1339 2881 1407 2927 cum
1421 2862 1452 2927 io

282 2960 459 3024 exorcismis
480 2960 630 3022 interdum
650 2961 777 3040 aliquem
799 2980 833 3022 se
851 2980 888 3023 ex
901 2960 1074 3040 parentibus
1097 2959 1256 3022 ”hominia
1278 2962 1348 3024 eui'·
1368 2965 1453 3026 eiiir-

281 3070 359 3134 mat,
392 3060 540 3126 interdum
568 3060 759 3141 gladiatorem
793 3061 840 3124 rel
865 3061 1056 3134 bestiarium,
1091 3060 1168 3125 siout
1196 3070 1227 3125 et
1253 3062 1323 3127 alibi
1352 3064 1454 3141 deum,

281 3281 306 3332 b.
323 3281 456 3332 litteratura
475 3280 595 3346 (Auillco.
636 3281 715 3331 littera
737 3281 872 3345 tldlllargb.
924 3280 949 3331 11.
968 3282 1060 3342 magian
1078 3284 1128 3346 Αφ.
1171 3282 1273 3343 magiam
1289 3283 1385 3348 eetiqa'o
1428 3285 1454 3336 l.

279 3363 374 3414 poenae
390 3349 418 3400 ll.
468 3347 662 3399 &vastatorem
687 3348 728 3398 Sic
744 3350 816 3398 etiam
834 3348 911 3399 tuce.
946 3350 1096 3403 vastatricem
1115 3349 1240 3398 scientiam
1259 3352 1289 3411 1.,
1307 3350 1456 3403 ammeio

281 3416 374 3469 maino.
425 3415 451 3467 9.
469 3416 562 3466 seilicet
580 3424 604 3466 et
621 3417 645 3466 B.
711 3415 750 3465 111.
769 3430 846 3480 aeque
864 3432 914 3480 ego.
949 3417 1032 3480 ltaque
1049 3418 1104 3466 libri
1121 3432 1207 3467 oeaaea
1269 3416 1305 3467 11.
1322 3417 1407 3468 baearl
1425 3423 1452 3470 A.

281 3484 365 3534 arbori
381 3484 408 3535 ll.
462 3483 501 3534 12
518 3485 647 3535 viothanati
671 3486 703 3545 1.,
727 3486 753 3534 ie
770 3485 869 3545 Erratia,
894 3485 957 3548 qood
974 3487 1031 3550 quid
1049 3486 1095 3534 ribi
1112 3486 1166 3534 vetit
1183 3500 1230 3535 eoo
1247 3500 1366 3548 arteque
1412 3486 1454 3539 13.

280 3552 351 3601 artem
370 3560 479 3602 materna
496 3553 539 3602 tlt.
583 3552 622 3601 11.
640 3552 708 3616 quasi
721 3551 750 3600 ad
761 3551 860 3600 invicem
870 3552 952 3614 Allarg.
998 3551 1058 3601 141).
1077 3551 1124 3600 Sed
1135 3569 1179 3602 oea.
1192 3552 1217 3601 B.
1261 3552 1299 3602 15.
1318 3561 1417 3604 ostentu
1427 3558 1454 3605 t.

282 3617 483 3685 lbirepegerout
501 3620 683 3682 b.,eaeal'otale
694 3619 785 3669 llraiao.
824 3617 885 3668 ldb.
903 3620 1043 3682 eaperelti.
1080 3618 1119 3669 l'i.
1137 3620 1265 3683 quasilte.
1303 3618 1343 3670 te.
1361 3635 1455 3703 tepea·

280 3686 319 3736 ale
335 3689 361 3738 Δ.
409 3686 449 3738 tu.
467 3687 572 3737 bominis
589 3689 627 3737 soi
645 3687 823 3737 renuerem.
857 3686 980 3735 bominem
997 3687 1049 3736 eois
1067 3689 1098 3748 1.,
1118 3687 1373 3740 consurrectum.
1409 3691 1456 3741 bo·

281 3753 370 3804 niuem
388 3755 426 3805 sni
443 3754 521 3804 tuce.
556 3755 678 3803 bomieara
696 3753 772 3803 luisse
789 3754 925 3804 Feloeiea.

281 3937 333 3987 eae.
348 3922 380 3981 2¹1
404 3929 429 3971 at
451 3920 559 3985 ernau.
595 3921 629 3971 lte
652 3923 767 3986 Typhone
791 3937 841 3975 oon
892 3922 929 3972 uie
947 3921 1054 3986 cepae.
1072 3930 1096 3973 et
1114 3922 1456 3989 „dispungererasorreetio-

280 3997 375 4051 equitat
392 3987 439 4045 aiei
457 4003 485 4040 es
503 3989 550 4040 boc
565 3989 840 4049 solotaatimunio'ler·
892 3990 940 4040 oe“
965 3990 1021 4041 ibid.
1044 4005 1096 4053 cap.
1113 3990 1154 4041 58.
1201 3990 1279 4056 Supra
1307 3989 1342 4041 lte
1369 3991 1455 4043 leina

280 4056 385 4117 tulliani.
892 4073 945 4122 cap.
956 4056 1004 4111 33:
1023 4058 1062 4117 „ai
1080 4057 1243 4118 demutantur,
1260 4072 1309 4108 ooo
1323 4058 1455 4124 ipaaerlis·

316 4140 337 4179 c,
355 4123 480 4179 Dardanus
497 4118 686 4190 elliamieeroa]
705 4123 843 4187 lloeinugit
892 4135 1029 4189 pungentur
1046 4140 1107 4189 quae
1127 4124 1310 4180 merebriotur.“

281 4194 353 4248 etiarn
370 4192 440 4255 Apol.
459 4190 576 4254 bellagia
593 4192 635 4243 tt.
653 4192 773 4243 attroob.
784 4192 840 4242 lde.
925 4206 947 4244 e.
966 4188 1130 4259 vastatorem]
1153 4192 1194 4242 Sic
1218 4193 1367 4247 restituenda
1385 4201 1457 4245 eraat

280 4259 343 4309 llatt
361 4257 430 4318 isa.
451 4259 490 4308 ubi
508 4274 528 4309 v.
547 4260 660 4324 interprr.
690 4258 756 4311 Adde
765 4261 840 4310 Sava·
891 4260 951 4310 baec
969 4261 1039 4311 rerba
1058 4275 1085 4309 ex
1103 4259 1244 4311 auctoritate
1255 4269 1280 4309 et
1290 4261 1337 4311 tide
1347 4269 1456 4313 aeteram

280 4341 365 4381 rocem
389 4327 419 4377 ati
437 4328 519 4379 Sidon.
538 4328 643 4393 Agnitio.
661 4327 687 4387 V,
700 4326 724 4378 9.
743 4343 767 4391 ρ.
780 4325 839 4377 att.
892 4327 1017 4379 librorum.
1059 4328 1133 4378 Luem
1160 4327 1334 4382 multiformem
1367 4330 1458 4381 mantis

280 4394 374 4445 llonek
405 4394 435 4447 ad
464 4394 530 4457 toti.
559 4395 628 4448 Coot
654 4394 716 4457 ling.
742 4393 840 4458 nttt.
892 4395 1018 4456 brruauaa,
1037 4395 1110 4445 totius
1123 4396 1214 4445 erroris
1227 4395 1355 4458 arcitum,
1368 4398 1457 4462 appal-

280 4461 492 4517 Star.llellectabi
505 4462 653 4518 etllereoice
671 4478 718 4512 noo
738 4469 840 4518 constat.
891 4462 1021 4526 latiorum
1040 4462 1171 4513 diabolum.
1262 4489 1269 4500 .

313 4530 338 4581 d.
363 4529 502 4587 humatione
525 4524 678 4594 dispunctas]
700 4531 843 4594 dispungere
926 4532 944 4580 1.
961 4525 1108 4595 adviverent}
1134 4529 1166 4578 lte
1184 4529 1231 4580 boc
1249 4530 1323 4580 rerbo
1342 4531 1458 4595 atquae

280 4598 352 4653 reabo
370 4596 532 4653 Tertullianus
549 4597 647 4662 aaepios
665 4599 739 4647 utitor
755 4611 842 4660 qoem·
893 4597 1005 4648 adnotata
1023 4598 1126 4648 suntad
1146 4597 1180 4647 lle
1198 4597 1295 4648 Corona
1314 4597 1403 4661 caol.

279 4664 410 4719 admodum
429 4673 453 4720 et
469 4680 605 4742 expungere.
629 4664 733 4726 „neutro
748 4679 842 4728 poenae
926 4681 948 4728 g.
966 4665 1132 4727 suggessimus
1163 4665 1241 4728 Supra
1260 4681 1314 4728 cap.
1326 4663 1369 4719 89.

279 4732 434 4796 eapoogare“
459 4731 516 4781 disrt
540 4734 640 4795 Apolog.
664 4748 716 4795 cap.
733 4730 756 4781 2.
800 4732 842 4782 Sic
926 4733 949 4782 b.
969 4734 1074 4783 bominis
1091 4734 1128 4783 sui
1160 4732 1186 4782 ld
1205 4741 1242 4783 est
1261 4731 1311 4782 rori
1328 4724 1458 4802 bagm-

278 4800 446 4866 „dispungere
463 4800 592 4852 mercede·
611 4801 646 4850 lte
663 4800 762 4851 bosora.
780 4799 841 4850 Car·
890 4795 1213 4865 oeconomorum.)
