3242 5775
741 695 779 737 nr
801 695 902 754 arma.
950 698 960 721 ·
1345 667 1406 750 643

236 847 375 922 cinyras
399 840 502 904 ''suos
525 842 626 917 vidit‘,
650 845 706 906 nisi
729 845 797 925 quia
819 845 935 908 ”nullis
957 847 1116 927 romphaea
1139 848 1269 929 paradisi
1290 849 1408 916 ianitrix

240 938 337 1003 ¹¹acciit
358 942 417 1004 nisi
439 943 489 1024 qui
512 942 542 1005 in
565 944 685 1007 Christo
709 947 909 1021 decesserint,
934 948 1047 1010 nonin
1070 949 1186 1013 Adam?
1219 937 1300 1014 liora
1322 971 1406 1016 mors

247 1044 369 1117 prodeo
399 1051 429 1105 et
458 1044 689 1107 extraordinaria
717 1065 773 1127 pro
796 1047 917 1109 Christo
947 1048 1004 1110 alio
1034 1057 1064 1111 et
1090 1049 1233 1130 ¹'privato
1261 1053 1407 1134 excipitur

249 1138 370 1222 bospitio.
415 1147 551 1224 Agnosce
573 1148 672 1226 itaque
693 1147 890 1210 differentiam
920 1149 1029 1211 ethnici
1058 1159 1087 1211 et
1115 1151 1209 1213 tidelis
1237 1150 1268 1214 in
1296 1161 1403 1229 morte,
1443 1211 1447 1218 .

248 1239 333 1323 cipro
355 1243 413 1307 deo
436 1247 611 1318 occumbas,
634 1255 668 1310 ut
682 1247 877 1329 ”paracletus
893 1258 1009 1322 monet,
1032 1269 1092 1312 non
1108 1252 1138 1313 ln
1154 1251 1294 1315 mollibus
1308 1255 1403 1318 lebri-

249 1338 291 1404 los
309 1356 338 1407 ct
359 1348 389 1407 in
412 1345 542 1420 lectulis,
576 1350 629 1410 sed
652 1350 682 1411 in
705 1350 868 1430 martyriis,
897 1352 923 1412 si
947 1370 1063 1414 crucem
1087 1360 1166 1414 tuam
1189 1352 1275 1414 tollas
1298 1362 1328 1417 et
1349 1374 1403 1418 sc·

248 1446 329 1521 mans
351 1448 522 1520 domiuum,
545 1459 577 1511 ut
591 1451 656 1530 ipse
671 1435 831 1531 praecepit.
866 1449 941 1513 Tota
956 1452 977 1483 ²⁸
984 1452 1112 1531 paradisi
1128 1453 1217 1516 claris
1239 1464 1308 1517 tuus
1330 1473 1403 1519 san·

245 1546 296 1621 gitis
316 1555 371 1610 est
405 1546 533 1611 ”Habes
555 1551 643 1611 etiam
666 1552 702 1612 dc
725 1552 863 1631 paradiso
885 1572 902 1612 a
924 1549 1011 1615 nobis
1026 1553 1184 1627 libellum·,
1208 1573 1267 1635 quo
1283 1556 1398 1619 consti·

244 1646 336 1711 tainus
361 1668 480 1712 omnem
504 1652 630 1713 animam
652 1653 729 1732 apud
752 1654 866 1715 interos
890 1654 1070 1733 sequestrari
1093 1654 1123 1715 in
1146 1654 1223 1716 diem
1245 1655 1368 1718 domini.

312 1750 466 1813 ¹0ccurrit
488 1752 680 1832 disceptatio,
704 1771 739 1813 an
763 1754 821 1815 boc
841 1754 877 1815 ab
901 1771 1025 1816 excessu
1049 1756 1148 1817 statim
1167 1755 1231 1825 ilat,
1253 1773 1290 1818 an
1307 1773 1399 1835 quas·
1418 1768 1529 1825 capara

240 1847 294 1913 dam
316 1853 431 1915 animas
454 1854 549 1933 aliqua
578 1855 653 1915 ratio
683 1854 811 1915 detineat
838 1855 887 1916 bic
914 1855 1049 1928 interim,
1082 1875 1119 1917 an
1150 1856 1238 1917 etiam
1265 1864 1399 1935 receptas

237 1948 312 2015 locat
332 1963 439 2034 postea
463 1953 500 2016 ab
522 1955 625 2016 inieris
649 1973 683 2016 ex
706 1955 829 2016 arbitrio
852 1954 898 2016 vel
921 1973 955 2016 ex
979 1954 1103 2035 imperio
1119 1956 1306 2018 intervenire.
1339 1956 1400 2019 llec

235 2051 329 2116 larunt
353 2055 431 2117 enim
455 2056 629 2136 opinionum
649 2056 822 2117 'suasoriae
838 2056 955 2118 desunt.
989 2056 1139 2119 Creditum
1155 2065 1203 2119 est
1215 2056 1398 2137 ⁸insepultos

235 2166 286 2216 tan
314 2156 401 2218 ⁴ante
428 2157 464 2218 ad
493 2157 605 2218 interos
638 2156 748 2235 ‘redigi
777 2175 863 2235 quam
894 2156 967 2218 iusta
999 2157 1201 2237 perceperint,
1235 2157 1397 2220 semrndurn

234 2253 417 2318 Homericum
449 2258 615 2319 Patroclum
649 2259 737 2319 iunus
768 2258 797 2317 in
830 2257 962 2317 lsomnis
996 2257 1034 2318 de
1060 2257 1172 2320 Achille
1206 2258 1395 2337 flagitantem,

233 2357 303 2435 quod
326 2374 389 2418 non
412 2358 484 2421 alias
506 2359 587 2420 adire
609 2370 711 2438 portas
735 2359 861 2419 interum
884 2368 1001 2436 posset,
1024 2357 1211 2420 'arcentibus
1227 2375 1294 2420 eum
1308 2358 1396 2438 longe

232 2458 378 2520 animabus
393 2460 607 2540 sepultorum·.
635 2460 783 2520 vNovimus
799 2469 896 2520 autem
918 2466 1037 2537 praeter
1058 2460 1191 2538 'poetica
1212 2458 1277 2520 iura
1298 2458 1395 2538 pieta·

233 2557 403 2639 bquoque
424 2560 599 2622 Homericae
627 2560 833 2622 industriaml’.
878 2558 975 2620 Tanto
1002 2561 1096 2639 magis
1119 2560 1199 2621 enim
1221 2577 1321 2628 curam
1343 2577 1396 2621 se-

233 2660 358 2735 pulturae
380 2662 548 2732 collocavit,
582 2672 692 2741 quanto
714 2662 801 2722 etiam
824 2679 937 2722 moram
961 2660 1025 2721 eius
1049 2661 1221 2723 iniuriosam
1244 2659 1397 2722 animabus

233 2758 385 2835 incusavit,
419 2762 507 2823 simul
530 2771 560 2822 et
581 2781 618 2823 ne
641 2763 707 2841 quis
729 2763 899 2824 defunctum
922 2761 1002 2822 domi
1025 2762 1161 2823 detinens
1183 2762 1249 2844 ipsc
1271 2760 1396 2843 amplios

234 2877 291 2923 orna
313 2861 363 2924 illo
386 2872 551 2925 maceretur
573 2863 750 2926 enormitate
772 2864 868 2926 solatii
884 2862 988 2925 dolore
1003 2864 1133 2926 nutriti·.
1167 2864 1209 2924 lta
1230 2861 1395 2944 'querellas

233 2964 339 3025 animae
361 2964 526 3044 insepultae
554 2965 588 3024 ad
619 2975 776 3044 utrumque
805 2966 960 3039 confinxit,
995 2973 1027 3026 ut
1058 2964 1198 3026 instantia
1226 2966 1339 3026 iuneris
1366 2974 1397 3026 et

236 3060 322 3125 honor
343 3084 503 3144 corporum
527 3074 663 3126 servetur
685 3077 714 3128 et
737 3067 907 3128 ¹⁰memoria
930 3068 1088 3127 allectuum
1113 3069 1303 3144 temperetur.
1337 3065 1394 3126 Ce-

235 3172 319 3227 terum
342 3186 430 3246 quam
453 3185 559 3228 vanum
583 3176 615 3227 ut
636 3169 731 3228 anima
755 3169 891 3248 corporis
907 3169 983 3228 iusta
1001 3167 1162 3238 sustineat,
1187 3168 1268 3245 quasi
1285 3165 1394 3245 aliquid

235 3283 263 3326 er
283 3267 339 3330 illis
362 3269 397 3329 ad
421 3269 533 3329 inleros
557 3267 682 3329 arebat‘.l
715 3269 806 3328 llulto
829 3271 932 3332 vanius
949 3271 973 3329 si
989 3268 1095 3329 iniuria
1118 3266 1307 3346 deputabitur
1327 3265 1393 3327 ani·

235 3384 288 3428 mae
308 3371 437 3431 cessatio
458 3370 644 3449 sepulturae,
668 3388 753 3448 quam
776 3388 832 3447 pro
855 3370 945 3447 gratia
969 3368 1090 3429 deberet
1109 3366 1255 3445 amplecti.
1288 3365 1394 3443 Utique

236 3551 267 3601 19.
284 3571 340 3604 snos
358 3573 402 3606 om.
417 3560 452 3617 A,
478 3561 569 3606 uncinis
587 3558 702 3605 inclusum
720 3557 787 3603 hebet
805 3555 830 3602 ll.
889 3553 930 3601 20.
949 3553 1065 3614 romphea
1083 3552 1126 3611 aa.
1178 3549 1219 3598 tt.
1238 3549 1391 3600 caeditBCo.

233 3619 547 3687 ltpriuto....puurro.
601 3624 641 3672 23.
661 3624 791 3685 paraclitus
808 3625 834 3671 A.
888 3620 927 3669 at.
947 3621 1057 3682 paradysi
1075 3623 1124 3680 rip.
1176 3617 1217 3666 25.
1236 3617 1349 3667 babetd.

291 3693 347 3754 Cap.
367 3693 422 3740 tlt.
469 3693 488 3739 l.
510 3693 545 3740 ΑΝ
566 3690 791 3740 COlllltlltENTllll
816 3689 867 3737 lllC
892 3687 1001 3736 auidae
1026 3686 1102 3734 eost
1127 3683 1250 3733 llolll'lill
1276 3683 1330 3733 VEl.
1355 3684 1393 3734 db

232 3753 339 3808 intents
358 3759 531 3809 couuddn't.
563 3759 672 3807 Occurrit
693 3759 714 3805 C.
773 3755 1112 3816 pecuniamtutamet.
1172 3751 1195 3801 3.
1215 3751 1348 3814 insepultae
1365 3753 1391 3801 d.

231 3822 435 3876 bantcomlli.
486 3827 509 3874 5.
529 3827 603 3874 radici
621 3830 670 3888 no.
724 3824 747 3872 6.
771 3824 873 3872 somniis
898 3823 941 3872 AB.
994 3821 1017 3869 t.
1042 3820 1180 3882 urgentibus
1198 3823 1225 3870 Α.
1283 3817 1308 3869 8.
1331 3834 1392 3884 poe·

229 3891 311 3969 liegii.
363 3895 387 3943 9.
407 3894 528 3957 querellas
546 3900 572 3943 Α.
615 3891 727 3955 querelas
744 3893 838 3956 reliqui.
893 3890 931 3939 10.
950 3891 1064 3937 memoria
1082 3889 1177 3951 Alimpd.
1218 3901 1315 3936 moeror
1332 3887 1391 3937 dds.

257 4027 278 4077 d.
296 4028 365 4076 solos
383 4028 433 4077 illic
451 4037 621 4089 commartyres
635 4042 694 4074 suos
713 4022 780 4086 vidit]
866 4040 887 4073 e.
905 4023 935 4071 de
946 4023 1057 4086 paradiso
1072 4037 1085 4071 a
1098 4023 1168 4071 nobis
1179 4016 1300 4086 libellum]
1317 4021 1391 4072 Com·

227 4094 269 4142 let.
282 4095 306 4144 S.
317 4098 342 4145 S.
354 4096 488 4159 Perpetuos
507 4106 528 4144 et
540 4096 683 4143 Felicitatis:
703 4093 781 4150 „Vidit
833 4100 950 4141 memorat
968 4093 1032 4140 bunc
1050 4090 1120 4139 etiam
1139 4090 1194 4138 lde.
1211 4090 1281 4138 blare.
1301 4089 1374 4145 W.

227 4159 337 4225 Perpetua
363 4179 406 4226 per
429 4166 543 4212 visionem
569 4162 657 4211 scalam
683 4175 780 4208 auream
866 4183 924 4244 Cap*
943 4181 998 4230 [app.
1034 4196 1055 4231 ,Ι
1074 4177 1245 4244 munorum]
1274 4180 1392 4230 Hom-11,

227 4231 343 4292 usquead
363 4232 455 4278 caelum
475 4241 588 4288 erectam,
608 4231 630 4276 in
645 4230 739 4276 dextera
759 4235 781 4275 et
832 4249 1024 4312 mmmmm·

227 4294 284 4344 laera
313 4298 397 4346 cultris
421 4308 444 4345 et
471 4299 556 4358 gladiis
584 4297 689 4354 polanam,
720 4295 780 4343 adeo
910 4343 914 4351 ,
1005 4341 1009 4348 .
1116 4341 1120 4348 .
1278 4340 1282 4350 .

225 4372 344 4424 angustam
373 4375 398 4412 ut
422 4380 469 4412 non
498 4366 542 4412 nisi
568 4379 629 4410 unus
653 4372 676 4410 et
695 4377 781 4423 parvus
868 4343 890 4389 b·
909 4334 1072 4403 ¹⁰d¹¹⁵¹s¹³¹¹¹·]
1096 4340 1160 4387 ''¹³¹''
1186 4340 1282 4389 “mm
1310 4353 1392 4388 ‘⁰¹³⁰‘
1427 4392 1431 4397 ·

225 4444 264 4489 per
281 4446 333 4479 eam
352 4433 414 4480 inter
433 4432 525 4492 gladios
544 4430 674 4478 oscendere
691 4437 781 4491 posset.
833 4411 896 4458 ΕΜ
915 4410 1007 4456 sulm·
1026 4408 1069 4467 lu
1088 4407 1183 4464 (ΜΕ)
1348 4488 1372 4499 ..

223 4497 309 4547 Sabtns
327 4499 355 4547 ad
376 4500 451 4562 pedes
470 4502 521 4547 eins
540 4498 611 4545 draco
635 4498 782 4555 teterrimos,
868 4508 887 4540 c.
907 4492 1049 4540 enormitate
1075 4490 1154 4539 solatii
1179 4489 1263 4538 dolore
1291 4481 1394 4564 antido]

220 4579 290 4626 qaam
310 4581 394 4615 omnes
412 4568 519 4615 solentes
539 4565 668 4612 ascendere
696 4565 781 4611 lorini·
833 4561 953 4620 Lugemns
972 4558 1118 4620 ademptum,
1143 4565 1166 4605 et
1190 4565 1269 4606 tamen
1287 4555 1393 4616 adempta

220 4632 316 4682 dabant.
335 4634 443 4696 viditque
455 4636 563 4695 Satyrum
576 4646 648 4680 unum
661 4645 688 4679 ex
707 4631 780 4679 sociis
833 4627 934 4690 reliquia
954 4640 1058 4682 seruare,
1077 4622 1173 4684 intueri,
1196 4623 1301 4673 osculari
1322 4623 1392 4669 iuuat.

221 4715 263 4762 per
278 4715 331 4749 earn
349 4716 446 4750 sorsum
466 4702 634 4749 ascendentem
653 4715 681 4746 ac
699 4700 780 4746 socios
833 4694 873 4742 Sic
890 4693 1000 4741 dolorem
1024 4692 1144 4740 nutrimus
1167 4691 1323 4757 reliquiorum
1350 4702 1392 4735 so·

219 4768 366 4827 inritantem,
385 4766 778 4818 atascenderentnecdraconem
833 4760 899 4808 latio.
946 4760 986 4808 Sic
1014 4759 1132 4810 nutrimus
1158 4760 1270 4808 solatium
1299 4753 1393 4831 dulore-

220 4844 361 4884 metuerent.
404 4838 454 4893 Qua
481 4837 571 4884 risione
596 4834 778 4882 anditaomnes
831 4833 902 4875 Atrox
921 4834 943 4874 et
961 4840 1060 4875 enorme
1078 4826 1190 4875 solatiam
1207 4824 1328 4888 quodnisi
1347 4821 1396 4868 do·

216 4902 300 4951 laetati
319 4903 402 4951 sunt.“
831 4894 884 4943 lore
903 4909 950 4943 non
970 4902 1071 4944 coastat.
1090 4893 1196 4956 (Rigalt.)

1182 4969 1238 5023 41*
