3242 5775
391 606 540 662 nnnnsps
560 607 732 654 mctottsl
754 610 811 654 Li!-
827 611 866 655 Π.
1161 604 1225 671 m
1317 633 1320 638 ·

197 775 214 818 c
236 764 329 819 erunt
350 756 453 837 potius
475 766 597 821 nostrae
620 758 834 836 ¹’dntithesem
857 782 932 843 quac
947 776 1137 847 comparant,
1160 789 1223 835 non

197 868 273 920 trant
287 858 451 921 Christum.
487 858 625 938 uDignus
641 870 687 923 est
708 871 805 924 autem
828 865 981 944 operarius
1002 870 1140 931 mercede
1155 890 1221 948 sua,
1236 907 1350 961 gum

197 959 222 1021 is
245 960 449 1040 pronuntiarit
469 979 557 1041 quam
572 962 646 1024 deus
665 961 776 1025 iudex?
797 963 865 1047 qpia
887 975 917 1028 et
938 966 997 1029 hoc
1017 968 1117 1048 ipsum
1140 971 1220 1033 iudi-

221 1061 345 1141 dignum
368 1061 463 1124 iacere
486 1062 622 1124 mercede
645 1066 825 1143 operarium.
875 1065 959 1128 Nulla
981 1069 1137 1131 retributio
1159 1091 1220 1135 non
1244 1051 1247 1056 ⁵

198 1162 301 1224 atione
317 1163 458 1224 constitit
491 1163 552 1224 iam
574 1158 653 1225 nunc
674 1173 704 1225 et
726 1164 775 1226 hic
794 1165 841 1226 lex
857 1168 1047 1247 consignatur
1066 1174 1220 1248 creatoris,

197 1282 249 1325 res
273 1273 433 1344 operantes
455 1264 563 1340 dignos
586 1264 740 1345 operarios
768 1267 904 1329 mercede
926 1268 1092 1332 iudicantis.
1136 1272 1219 1346 Boni,
1234 1278 1313 1374 ffiuq

197 1364 287 1450 arenti
310 1384 346 1426 os
369 1383 429 1425 non
452 1365 614 1443 colligabis.
658 1365 732 1439 Quis
755 1374 815 1427 tam
835 1377 1008 1447 praestans·
1029 1370 1060 1432 iu
1082 1371 1220 1436 homines
1288 1360 1320 1382 ”

197 1466 278 1527 etin
300 1465 454 1547 pecudes?
486 1466 602 1540 Quodsi
618 1475 648 1528 et
659 1466 796 1529 Christus
818 1468 923 1547 dignos
945 1472 1120 1549 pronuntiat
1136 1492 1218 1535 mer-

197 1569 307 1641 rarios,
330 1568 479 1630 excusavit
499 1577 689 1648 praeceptum
713 1568 784 1630 iliud
806 1568 949 1631 creatoris
971 1570 1009 1632 de
1026 1573 1104 1634 vasis
1119 1574 1218 1635 aureis

197 1669 249 1729 :eis
270 1670 480 1749 Aegyptiorum
508 1669 678 1730 auferendis
688 1668 713 1729 ⁴.
768 1668 827 1742 Qui
856 1670 933 1732 enim
961 1671 1042 1732 viltas
1070 1682 1101 1734 et
1128 1675 1219 1737 urbes

197 1771 325 1831 ‘fuerant
345 1770 509 1850 Aegyptiis,
532 1770 612 1847 digni
637 1770 736 1848 utique
758 1771 888 1848 operarii
910 1771 1065 1846 mercede,
1099 1792 1159 1836 nou
1181 1776 1218 1837 ad

198 1879 269 1931 sunt
284 1870 470 1945 ”instructi,
500 1871 553 1933 sed
575 1870 611 1931 ad
633 1870 778 1932 mercedis
808 1871 1099 1952 compensationem,
1130 1893 1218 1954 mam

197 1971 418 2033 dominatoribus
447 1972 563 2050 exigere
591 1989 650 2032 non
678 1979 827 2051 poteraut.
879 1972 1014 2052 Regnum
1047 1973 1095 2035 dei
1123 1994 1219 2056 neque

197 2090 272 2151 eque
294 2072 456 2134 inauditum
478 2073 522 2133 sic
549 2092 666 2152 quoque
688 2072 888 2147 confirmavit,
916 2072 986 2133 dum
1016 2073 1116 2137 ¹·tttut
1138 2076 1219 2139 iubet

197 2173 209 2233 i
232 2173 499 2252 appropinquasse.
554 2174 641 2246 Quod
665 2174 742 2234 enim
764 2173 854 2252 longe
876 2174 971 2235 iuerat
991 2173 1166 2254 aliquando,
1189 2176 1217 2239 id
1231 2201 1343 2258 amm,

197 2274 222 2334 ci
245 2275 513 2353 appropinquasse.
557 2274 588 2335 Si
607 2283 704 2336 autem
726 2292 878 2353 nunquam
899 2283 981 2335 retro
1003 2274 1110 2337 fuisset
1131 2285 1217 2339 ante-

197 2363 437 2453 propinquasset,
461 2394 517 2437 nec
537 2375 594 2436 dici
609 2375 757 2455 potuisset
771 2375 1027 2456 appropinquasse
1042 2376 1120 2454 quod
1139 2395 1217 2438 nun-

200 2494 236 2553 ge
251 2476 367 2537 fuisset.
402 2476 498 2537 Omne
520 2478 598 2555 quod
622 2495 729 2537 novum
752 2484 782 2537 ct
803 2476 985 2554 incognitum
1002 2485 1063 2549 est,
1086 2476 1217 2539 subitum

197 2576 324 2655 nequod
341 2575 471 2638 subitum
488 2586 533 2637 est
555 2596 621 2638 curn
644 2578 850 2651 annuntiatur,
874 2585 945 2639 tunc
964 2577 1094 2655 prinmm
1118 2576 1216 2657 ''spc-

197 2695 284 2737 uoeus
307 2685 378 2737 tunc
403 2678 532 2756 primum
560 2677 694 2755 ”accipit
720 2688 848 2755 tempus.
899 2677 1036 2739 Ceterum
1060 2696 1115 2740 nec
1135 2687 1217 2740 retro

200 2777 325 2855 poterit,
350 2778 487 2855 quamdiu
511 2796 571 2837 non
586 2777 830 2850 annuntiabatur,
854 2795 909 2838 nec
923 2796 958 2839 ex
974 2796 1032 2857 quo
1051 2779 1218 2841 annuntiari

215 2878 481 2958 appropinquasse.
525 2879 619 2940 Etiam
643 2878 661 2910 ²¹
671 2879 774 2951 adicit,
798 2887 830 2940 ut
852 2879 897 2940 eis
919 2878 969 2959 qui
992 2879 1059 2940 ilios
1083 2897 1144 2939 non
1166 2898 1217 2941 re·

216 2980 362 3052 dicerent,
392 2979 504 3040 Scitote
533 2989 630 3041 tamon
658 2979 914 3059 appropinquasse
936 2999 1061 3059 regnum
1084 2980 1141 3041 dei.
1186 2980 1218 3042 Si
1232 2996 1358 3049 cua.1.tt.·

206 3088 235 3140 et
256 3081 495 3141 comminationis
517 3081 608 3158 gratia
631 3082 765 3153 mandat,
789 3080 949 3142 vanissime
971 3082 1100 3142 mandat.
1138 3081 1217 3154 Quid

197 3181 258 3241 illos
274 3182 300 3240 si
316 3181 568 3259 appropinquaret
584 3200 723 3259 regnum,
747 3182 804 3242 nisi
820 3182 887 3260 quia
903 3200 969 3243 cum
984 3181 1094 3242 iudicio
1105 3200 1216 3260 appro-

212 3283 241 3341 in
264 3282 388 3342 salutem
411 3281 524 3341 scilicet
544 3301 649 3342 eorum
665 3284 715 3361 qui
730 3283 985 3343 annuntiationem
1003 3282 1068 3342 eius
1084 3281 1217 3361 recepis-

197 3383 326 3455 tomodo‚
349 3382 376 3442 si
389 3381 610 3443 ”comminatio
625 3392 726 3462 potest
740 3385 804 3444 sinc
820 3382 1008 3454 executione,
1024 3381 1116 3441 hahes
1130 3383 1219 3444 deum

197 3500 234 3541 am
256 3482 285 3542 in
307 3484 520 3544 comminatore
542 3492 572 3544 et
587 3483 711 3545 iudicent
728 3485 757 3543 in
775 3480 926 3560 utroque?
959 3480 1010 3541 Sic
1024 3488 1054 3540 et
1068 3481 1218 3560 pulverem

197 3583 246 3642 uti
260 3584 289 3644 in
305 3584 390 3657 ilios,
413 3585 443 3644 in
460 3584 711 3657 testificationem,
734 3584 791 3644 ²³et
808 3583 960 3644 haerentia
978 3589 1072 3643 terrae
1087 3594 1219 3653 eorum0,

197 3768 235 3814 esis
251 3769 291 3818 BC.
326 3770 467 3818 antitheseis
485 3771 520 3820 cd.
543 3771 652 3819 Vaticani.
709 3769 747 3817 14.
766 3769 856 3828 Dignus
875 3776 912 3817 est
929 3770 965 3818 cd.
977 3769 1099 3818 Vaticanus
1116 3774 1219 3831 uterque.

197 3836 245 3896 iqto'.
285 3837 535 3886 thrindtcationeii.
580 3837 617 3885 16.
637 3839 733 3885 inerant
750 3839 773 3885 d.
809 3838 1009 3899 itterintreiiqoi·
1054 3836 1091 3883 Π.
1110 3836 1220 3884 instructi

197 3900 287 3952 Ursinus.
324 3906 427 3952 instincti
446 3907 538 3969 reliqui.
593 3904 630 3954 ts.
651 3907 674 3954 id
694 3906 718 3952 B.
775 3903 812 3952 19.
832 3904 936 3966 speciant
955 3906 1001 3963 cd,
1021 3918 1051 3951 en
1067 3905 1140 3952 nitero
1159 3902 1220 3953 tatt-

197 3980 223 4014 ent
246 3973 335 4035 rriiqui.
393 3971 434 4019 20.
453 3974 547 4032 sect-pit
565 3972 651 4022 ucoca.
710 3970 750 4019 21.
776 3971 846 4018 edicit
869 3971 1027 4020 Vntt'cnttorttnt
1052 3985 1120 4019 unus.
1163 3969 1222 4017 dicit

197 4039 291 4086 nauiter.
344 4037 384 4086 22.
404 4040 558 4087 comminatio
582 4048 662 4100 potest
680 4055 730 4100 eqo.
772 4037 926 4085 comminatio
952 4052 998 4084 noo
1025 4045 1104 4097 potest
1128 4037 1220 4100 reliqui.

197 4106 270 4152 orantia
287 4122 336 4168 eqo.
381 4115 403 4154 et
422 4108 502 4154 haeret
522 4109 592 4154 etiarn
612 4108 653 4156 BC.
698 4108 727 4153 ei.
757 4106 838 4152 haeret
861 4105 1154 4154 attonitaatnotita.
1198 4109 1222 4152 et

198 4165 233 4216 Μ
247 4175 280 4221 nh.
314 4182 338 4222 et
356 4174 386 4222 ad
404 4175 552 4222 horrentium
564 4190 591 4234 c,
603 4173 856 4224 ecconiectdihenoni.
891 4180 915 4220 et
933 4169 1220 4241 horrentiatnFrdunt'oc

197 4335 261 4404 attus]
282 4342 333 4390 dioc
356 4348 393 4389 est
418 4340 535 4389 liberetis.
571 4341 607 4390 ct.
695 4355 715 4388 o.
735 4333 1055 4397 haerentiaterraceornnt]
1075 4336 1222 4385 itacorrani.
1284 4340 1289 4353 ‘

198 4399 232 4458 tii·
246 4422 290 4470 cap.
303 4408 339 4457 16.
367 4409 396 4456 Et
414 4410 460 4456 hoc
479 4408 608 4470 ipsoittira
660 4408 785 4457 fluctuatio
803 4405 860 4454 dicit
878 4406 1005 4453 haerentes
1018 4402 1155 4465 particulas.
1182 4403 1222 4450 tti-

200 4466 302 4523 „Ceterum
327 4477 387 4524 nihii
413 4484 460 4522 tam
480 4478 608 4536 ahrtrptum
661 4477 749 4535 gainus
773 4473 893 4521 adnotavit
918 4473 991 4520 haec:
1019 4471 1064 4529 „in
1091 4468 1222 4531 exemplari

199 4533 249 4599 ¹tltns
264 4551 374 4604 praestet,
402 4542 465 4590 adius
489 4544 518 4590 de
538 4558 608 4604 prac-
661 4541 775 4589 scribitur
798 4541 838 4590 Sic
855 4548 876 4589 et
892 4540 1008 4604 proicerent
1024 4539 1086 4586 iudet
1104 4537 1182 4586 excuti
1198 4536 1224 4584 io

198 4606 223 4645 ΙΙΙ
235 4620 309 4659 monce
328 4625 399 4669 agero
419 4611 542 4658 tnandet.“
661 4609 716 4656 iitos
739 4609 765 4656 itt
788 4608 969 4670 testificationem
992 4606 1023 4654 et'.
1055 4608 1136 4670 donet
1155 4603 1224 4676 etiarn

200 4672 333 4726 'ttisanreis
354 4685 379 4725 et
397 4680 517 4737 argenteis
535 4677 610 4738 Aegg·
662 4683 738 4724 terrm
755 4681 810 4722 cett
854 4674 1007 4723 haerentiam
1031 4680 1110 4720 tarrae
1135 4669 1223 4716 dittsse

200 4735 333 4808 turnare]
352 4745 384 4792 De
404 4746 450 4792 hoc
469 4751 610 4805 argumento
663 4741 1000 4805 rideturutexpiiearetquod
1011 4732 1223 4801 poherisnotnino

198 4807 217 4843 Ν
230 4818 273 4858 crat
287 4825 360 4875 supra
378 4811 420 4861 tih.
430 4811 460 4873 tt,
479 4828 532 4877 esp.
544 4810 586 4860 20.
664 4809 741 4859 Lucas
759 4807 861 4871 intelligi
879 4805 1008 4858 volutatu·
1034 4805 1060 4853 Si
1071 4801 1128 4868 quid
1139 4800 1225 4849 dicaret
