3242 5775
194 437 258 500 474
447 449 550 502 ouran
573 447 705 493 serrmu
726 443 894 490 morsurus
917 446 1115 491 rearuamuu

195 619 305 683 passus
320 608 463 663 estesse.
495 598 576 660 Bene
591 592 691 660 autem
704 598 784 676 quod
808 597 865 658 ”et
886 597 988 676 plures
1011 604 1042 657 et
1056 594 1193 657 duriores
1210 594 1229 626 ¹¹
1237 613 1378 675 quaeque

196 701 350 765 doctrinae
370 699 615 782 totamlbomiuis
639 698 838 778 figulationem
863 698 920 760 deo
942 706 1047 758 nostro
1071 696 1189 757 cedunt.
1233 696 1376 769 Quantus

196 803 246 866 laic
268 802 308 865 sit
329 802 402 864 satis
425 801 521 873 nosti,
555 800 606 879 qui
628 800 747 861 unicum
771 797 932 859 credidisti.
982 797 1106 877 incipiat
1135 798 1193 858 iam
1221 797 1276 859 tibi
1306 816 1375 860 caro

196 903 331 984 plaeere,
354 902 439 964 cubus
461 903 686 964 artilextautus
710 908 766 961 est.
800 899 859 960 Sed
882 908 912 959 et
927 900 1070 970 mundus,
1093 897 1209 978 inquis,
1232 898 1281 959 dei
1298 918 1375 979 opus

151 1016 260 1079 otest,
283 1012 314 1064 et
335 1012 433 1065 umen
454 1003 596 1085 praeterit
618 1000 734 1063 babitus
756 1000 845 1061 buius
867 1000 985 1072 mundi,
1014 998 1153 1079 apostolo
1175 1018 1297 1079 quoque
1319 1020 1373 1063 au-

198 1113 298 1178 ctore3
326 1123 382 1166 uec
402 1104 512 1166 idcirco
535 1103 685 1165 restitutio
708 1102 809 1163 mundi
833 1100 1108 1180 ¹'praeiudicabitur
1135 1100 1203 1179 quia
1225 1101 1274 1163 dei
1296 1119 1373 1181 opus

197 1213 255 1269 est.
298 1205 336 1266 Et
357 1205 459 1283 utique
480 1204 506 1266 si
528 1204 707 1266 universitas
734 1202 966 1263 inreformabilis
995 1210 1062 1280 post
1093 1202 1269 1275 decessum,
1303 1203 1371 1281 quid

192 1305 321 1388 portio?
364 1295 470 1378 Plane,
503 1303 529 1364 si
559 1303 658 1383 portio
687 1303 873 1364 universitati
896 1303 1085 1381 adaequatur.
1128 1302 1171 1363 dd
1202 1302 1371 1364 distantiam

152 1425 184 1477 ,a
199 1408 279 1471 enim
300 1424 504 1486 provocamus.
543 1404 644 1466 Primo
660 1404 797 1483 quidem,
822 1404 928 1483 ''quod
951 1404 1050 1464 omnia
1073 1422 1212 1466 sermone
1235 1404 1284 1465 dci
1299 1405 1371 1466 lacta

199 1517 285 1580 sunt,
313 1517 344 1569 et
369 1508 437 1569 sine
465 1507 515 1568 illo
544 1504 627 1567 nibil.
679 1505 754 1566 Caro
777 1513 875 1566 autem
898 1505 957 1566 ”et
979 1523 1118 1565 sermone
1141 1505 1188 1565 dei
1212 1504 1372 1567 ''constitit

151 1616 321 1690 eapropter
343 1610 485 1681 lormam,
508 1626 546 1668 ne
568 1607 638 1686 quid
654 1606 719 1668 sine
734 1605 904 1667 sermonel.
937 1605 1091 1667 Faciamus
1114 1605 1193 1666 enim
1208 1606 1370 1676 bominem,

179 1716 266 1773 :aute
288 1708 457 1789 praemisit,
480 1707 675 1787 etamplius,
704 1726 807 1778 manu,
838 1716 961 1786 propter
982 1706 1212 1787 praelationem,
1242 1725 1280 1768 ne
1303 1708 1370 1769 uui·

150 1827 184 1870 aa.
197 1809 328 1872 versitati
344 1810 603 1889 ¹‘compararetur
633 1809 670 1869 Et
684 1808 782 1882 linxit,
806 1807 946 1887 ¹'inquit,
969 1807 1043 1869 deus
1059 1807 1221 1869 hominem.
1251 1807 1371 1887 Magnae

199 1910 377 1988 siue-dubio
399 1910 583 1972 differentiae
605 1910 698 1981 ratio,
721 1928 776 1989 pro
797 1908 973 1970 condicione
988 1909 1100 1970 scilicet
1114 1926 1225 1969 rerum.
1259 1909 1370 1970 Minora

198 2012 277 2073 euim
299 2030 375 2090 quae
397 2011 507 2073 liebaut
527 2029 563 2073 eo
586 2010 631 2072 nui
654 2009 779 2082 luebant,
801 2011 947 2089 siquidem
963 2010 1076 2071 bomini
1092 2009 1217 2082 licbant,
1241 2010 1287 2072 eui
1303 2029 1367 2074 mox

198 2132 215 2175 a
237 2112 293 2175 deo
316 2112 430 2174 addicta
453 2119 532 2173 sunt.
577 2110 683 2172 blerito
707 2109 796 2189 igitur
824 2119 856 2172 ut
878 2112 983 2172 lamula
1013 2110 1098 2172 iussu
1127 2119 1157 2170 et
1184 2110 1314 2190 imperio
1342 2120 1368 2173 ct

197 2213 262 2276 sola
284 2213 377 2275 vocali
398 2199 547 2293 potestate
569 2211 705 2273 uniuersa
728 2220 946 2291 processerant
990 2211 1099 2273 Contra
1122 2211 1230 2285 homo,
1261 2223 1293 2273 ut
1314 2213 1366 2273 do·

198 2314 296 2375 miuus
318 2332 438 2385 eurum,
462 2314 491 2373 ln
514 2314 573 2373 boc
594 2312 630 2374 ab
654 2314 719 2390 ipso
736 2305 799 2374 'deo
821 2321 990 2374 exstructus
1014 2322 1073 2386 est,
1097 2320 1129 2373 ut
1143 2313 1286 2374 dominus
1303 2333 1366 2375 asse

198 2414 348 2493 ¹'possen
382 2414 452 2473 dum
481 2416 556 2475 lita
585 2414 716 2474 domino.
767 2412 924 2474 llominem
953 2422 1049 2474 autem
1078 2422 1229 2475 memento
1253 2433 1366 2476 caman

153 2514 321 2595 ,a-propn'e
335 2513 409 2586 dici,
431 2532 507 2593 quae
521 2514 604 2594 prior
620 2514 793 2575 vocabulum
811 2514 940 2575 bominis
957 2514 1123 2592 occupavit:
1148 2514 1184 2576 Et
1199 2516 1290 2577 linxit
1299 2517 1367 2577 deus

198 2616 367 2687 bominem,
388 2613 491 2676 limum
513 2615 550 2676 de
572 2622 674 2693 terra..
694 2614 754 2674 lam
770 2615 876 2687 homo,
899 2615 948 2694 qui
971 2616 1066 2676 adbuc
1087 2616 1187 2678 limus.
1222 2616 1367 2679 Eliusul-

151 2715 279 2786 uadarit
300 2716 330 2775 in
352 2713 455 2776 faeiem
479 2713 544 2774 cius
565 2715 666 2775 llatum
688 2714 779 2786 vitae,
803 2724 833 2776 et
855 2717 949 2777 lactus
973 2723 1019 2807 est
1033 2717 1139 2786 homo,
1163 2716 1192 2777 id
1207 2725 1257 2778 est
1271 2718 1368 2787 liaeus,

197 2814 491 2888 nortmanniam,
514 2793 748 2894 et’posuit'deus
764 2815 926 2890 bominem,
948 2835 1034 2896 quent
1055 2816 1147 2890 tinxit,
1169 2817 1198 2878 in
1220 2819 1368 2897 paradiso.

198 2915 280 2977 adeo
303 2916 393 2976 bomo
416 2916 586 2995 figmentum
609 2915 723 2994 primo,
746 2915 854 2977 debinc
874 2925 965 2979 totus.
995 2900 1060 2979 Hoc
1075 2938 1110 2980 eo
1127 2920 1369 2988 commendarim,

153 3056 160 3067 ·
198 3015 241 3079 uti
262 3015 402 3096 quiequid
424 3016 546 3078 omuino
570 3015 682 3078 bomini
711 3017 806 3078 adeo
829 3027 1020 3097 prospectum
1050 3028 1137 3099 atque
1159 3019 1369 3098 ”promissum

199 3125 262 3189 cst,
283 3131 346 3177 nou
367 3115 452 3177 ”soli
474 3117 603 3187 animae,
617 3135 726 3178 verum
750 3126 780 3178 et
801 3119 881 3179 carni
904 3119 980 3180 scias
1003 3119 1150 3194 debitum,
1179 3119 1198 3152 ²¹
1208 3130 1241 3183 ut
1262 3122 1291 3183 si
1313 3140 1370 3183 non

198 3235 234 3280 ex
255 3217 410 3280 consortio
432 3218 568 3296 generis,
591 3227 671 3279 certe
694 3218 795 3279 velex
819 3218 972 3298 privilegio
995 3221 1136 3281 nominis.

151 3328 180 3374 u.
281 3314 447 3397 Persequar
468 3317 567 3399 itaque
588 3319 794 3399 propositum,
828 3320 854 3380 si
884 3329 982 3381 tamen
1010 3329 1123 3382 tantum
1151 3323 1269 3401 possim
1292 3324 1370 3385 carui

197 3416 363 3480 ‘vindicare
385 3425 527 3498 quantum
548 3419 673 3504 contulit
693 3419 742 3481 ille
764 3420 814 3499 qui
838 3438 901 3481 eam
917 3422 1002 3495 lecit,
1026 3421 1082 3482 iam
1098 3430 1170 3483 tuno
1183 3423 1370 3501 gloriantem,

196 3518 277 3599 quod
299 3518 347 3580 illa
369 3519 534 3598 pusillitas,
555 3519 676 3592 'limus,
704 3519 735 3581 in
758 3539 863 3582 manus
886 3521 933 3583 dei
955 3540 1146 3601 quaecunque
1168 3533 1240 3585 suut
1260 3542 1370 3604 perre-

196 3619 257 3692 uit,
279 3619 350 3682 satis
372 3618 477 3681 beatus
500 3620 558 3681 etsi
580 3620 766 3682 solummodo
790 3631 952 3683 contactus.
997 3623 1074 3695 Quid
1104 3625 1199 3697 enim,
1232 3623 1259 3685 si
1289 3624 1371 3687 nullo

196 3718 324 3798 amplius
346 3737 439 3797 opere
461 3720 560 3781 statim
584 3721 754 3800 ligmentum
778 3722 815 3783 de
830 3732 967 3786 contactu
982 3724 1030 3785 dei
1045 3721 1255 3787 constitisset?
1288 3726 1370 3787 Adeo

194 3818 318 3899 'magua
340 3837 389 3880 res
412 3820 569 3899 agebatur,
591 3840 648 3901 qua
671 3822 729 3883 ista
750 3824 872 3885 materia
895 3824 1109 3886 exstruebatur.
1142 3825 1244 3905 ltaque
1260 3827 1371 3887 totiens

197 3937 238 3989 10.
256 3940 403 3989 atomicd.
457 3939 496 3990 11.
516 3956 612 4006 qnoque
630 3941 687 3991 lde
742 3942 780 3991 tt.
799 3943 977 4007 praeiudicatur
996 3942 1051 3994 Gn·
1087 3943 1125 3993 13.
1145 3944 1371 4009 onniaqaotat.

198 4007 239 4056 14.
257 4021 285 4056 ex
303 4007 328 4055 ll.
383 4006 421 4055 15.
440 4010 551 4058 constetit
570 4011 644 4059 rodea
663 4008 832 4059 inclementia.
893 4010 930 4059 16.
950 4019 1105 4074 comparetur
1128 4012 1172 4062 Ab.
1190 4020 1237 4061 tres
1259 4014 1370 4063 Vaticani.

198 4073 238 4122 l'l.
256 4074 316 4122 deas
334 4074 456 4125 bominem
480 4077 556 4139 inquit
572 4077 649 4126 asta.
709 4076 747 4126 tt.
767 4078 845 4141 possit
862 4079 937 4128 atus.
963 4086 1009 4127 tres
1031 4080 1141 4129 Votirooi.
1205 4078 1247 4130 ts.
1262 4083 1370 4143 pernis·

196 4142 294 4190 null.
346 4140 530 4194 lbsolumb.
583 4142 748 4194 uterus
1214 4156 1225 4172 ·

158 4252 164 4263 ,
264 4208 378 4326 capili.
423 4210 445 4259 1.
464 4210 579 4261 vindicari
595 4212 621 4261 l.
674 4208 788 4260 Μαίας
806 4213 904 4262 immani
923 4212 948 4263 B.
983 4213 1056 4262 bomo
1075 4213 1099 4262 in
1118 4215 1235 4264 maana.
1287 4213 1370 4264 &res

196 4288 281 4336 magna
319 4310 326 4324 .

229 4373 252 4423 d.
270 4383 371 4438 propter
389 4376 500 4430 lornaam.
519 4393 548 4428 ae
566 4378 754 4442 ouidaiueaer-
805 4379 853 4429 boc
876 4395 949 4429 sensu
974 4388 1089 4443 usurpata
1115 4377 1145 4430 tl.
1170 4380 1262 4430 alnon.
1288 4382 1317 4430 ad
1335 4381 1372 4430 be

196 4438 320 4507 mooe.]ld
331 4451 368 4491 est
380 4452 479 4507 propter
488 4446 600 4503 formam,
614 4445 753 4507 belegora,
803 4444 892 4496 idolol.
912 4463 963 4509 cap.
974 4447 1011 4498 18.
1037 4447 1150 4497 Ceterum
1161 4462 1191 4497 ne
1207 4449 1302 4498 taedeat
1315 4460 1372 4498 raas

194 4524 265 4572 qnam
295 4511 366 4558 modo
392 4510 541 4571 laudaverat,
568 4529 597 4561 no
625 4515 752 4576 quicquam
803 4514 843 4562 bis
862 4514 1003 4565 Tertulliani
1022 4516 1099 4564 uerbis
1124 4526 1283 4579 comparasse
1300 4518 1372 4566 rerba

164 4593 166 4597 ·
193 4576 303 4625 videlieet
321 4577 389 4625 lieret
406 4579 458 4626 aine
475 4579 513 4627 dei
532 4593 653 4629 sermone.
684 4580 753 4638 basod
803 4581 914 4643 Gregorii
933 4583 1002 4645 Nysa.
1021 4584 1054 4631 bc
1073 4583 1134 4646 Opil.
1156 4583 1226 4632 liom.
1245 4580 1338 4649 eapssb.

193 4644 240 4692 iam
260 4645 462 4706 comprobaturus
481 4655 524 4694 est.
561 4648 594 4695 be
613 4662 662 4696 voc.
680 4652 754 4711 {ormo
