3242 5775
734 465 773 510 nn
793 465 896 512 ntem.
1339 455 1403 522 m

214 612 353 680 nium
395 613 458 678 flat
479 631 536 695 ego
558 615 721 696 sapientiae
744 624 775 677 et
796 616 938 680 scientias
958 616 1099 682 nrhornn
1119 635 1173 682 cnr
1193 635 1255 686 oon
1275 629 1403 686 conton-

219 711 319 778 dmi
356 713 459 778 lirant
479 723 514 778 nt
533 716 706 797 philosophi
728 716 846 791 volunt,
876 717 1022 798 ¹'sepiunt
1041 727 1075 782 ut
1093 718 1267 801 plrilooophi
1287 719 1404 798 nolent,

222 813 423 895 ¹’intellegat‘
444 825 474 878 ct
494 816 615 879 infantia
636 816 725 897 ligni,
747 836 807 898 quo
829 818 922 898 magio
937 818 1092 884 hominia?
1113 820 1199 884 cuine
1213 822 1312 886 animo
1325 823 1406 888 velut

224 917 367 980 monos
389 918 508 998 qnidam
529 937 565 979 ex
588 917 709 980 matrice
729 919 821 981 Adam
850 920 881 981 in
903 921 1097 1000 propaginem
1118 921 1246 986 deducto
1266 930 1298 986 et
1318 923 1403 1004 geni·

227 1017 338 1082 onnus
360 1018 487 1080 feminae
509 1018 604 1081 loreis
625 1019 831 1082 commendata
853 1038 920 1083 cnm
942 1022 1025 1083 omni
1046 1039 1099 1085 aua
1113 1030 1254 1102 paratum
1273 1022 1403 1105 ¹'pulin-

225 1118 297 1182 lnrit
318 1128 378 1182 tam
400 1119 549 1182 intellectu
572 1138 659 1198 quam
683 1127 712 1182 ct
734 1119 853 1184 aeneo?
888 1122 1017 1183 Mentior
1038 1122 1066 1183 ai
1087 1139 1150 1184 non
1172 1123 1273 1186 etctim
1295 1123 1403 1202 inians,

228 1231 257 1284 nt
279 1221 370 1284 vitcm
394 1221 492 1300 vagitu
514 1221 665 1295 salutavit,
687 1222 746 1283 hoc
766 1221 867 1301 ipsum
889 1241 924 1285 oe
946 1231 1073 1286 tactatur
1092 1223 1228 1288 eenoiaac
1242 1233 1331 1306 etque
1352 1228 1402 1290 in-

228 1321 378 1384 tellexisse
399 1323 478 1403 quod
501 1331 589 1385 natue
611 1330 674 1396 est,
698 1341 803 1385 omnes
818 1324 905 1386 simul
925 1323 1034 1386 ibidem
1049 1324 1209 1389 dedicans·
1231 1345 1350 1402 conone,
1372 1336 1405 1392 et
1514 1341 1517 1346 '

227 1422 292 1486 lnoc
314 1422 413 1485 risum
436 1432 466 1484 ct
487 1441 564 1485 sono
586 1424 717 1486 auditum
741 1432 772 1486 et
791 1424 811 1456 ²¹
820 1426 947 1488 humore
976 1434 1095 1505 mustum
1117 1425 1178 1488 ”et
1197 1432 1269 1490 nere
1290 1428 1402 1492 odore-

229 1533 288 1586 tum
311 1533 344 1587 et
364 1532 443 1586 terra
465 1532 585 1588 tactum.
619 1525 661 1586 lta
683 1525 778 1605 prima
800 1525 848 1587 illa
870 1544 926 1587 vox
948 1526 986 1588 de
1007 1525 1112 1606 primic
1133 1545 1279 1592 sensuum
1291 1527 1403 1594 ”roci-
1473 1517 1479 1526 ⁵

229 1624 283 1689 lna
306 1633 339 1688 et
359 1626 398 1688 de
418 1625 525 1706 primia
546 1625 747 1687 intellectuum
775 1626 912 1707 puleihne
934 1626 1058 1706 cogitur.
1101 1626 1173 1690 Plus
1195 1637 1244 1690 eet
1263 1630 1343 1710 qnod
1363 1629 1403 1698 de

229 1736 390 1807 prospectu
411 1725 628 1790 ’‘lacrimabilia
651 1727 726 1792 ritae
748 1727 868 1806 quidam
881 1726 1052 1807 ”augurem
1066 1727 1326 1793 incommodorum
1346 1749 1401 1794 ro-

230 1847 291 1892 cem
313 1827 394 1890 illam
416 1828 544 1890 llehilem
566 1827 818 1908 interpretantur,
850 1828 938 1909 ”qno
967 1828 1054 1892 otiam
1076 1829 1246 1909 preeaciem
1266 1829 1403 1896 hahendo

231 1929 267 1992 tit
287 1928 325 1992 ah
348 1928 488 2008 ingressu
510 1928 687 2003 nativitatis,
710 1929 820 1992 nedum
843 1930 1029 2010 intellegens.
1062 1928 1203 1992 ”Exinde
1225 1938 1257 1994 ot
1276 1940 1402 1996 matrem

232 2030 335 2110 opiritu
363 2030 486 2110 prohat,
520 2038 551 2091 ot
577 2029 722 2092 nutricem
750 2031 859 2110 opiritu
888 2032 1051 2104 examinat,
1085 2040 1115 2094 ct
1141 2031 1272 2111 gerulam
1294 2015 1403 2114 spriritu

232 2130 379 2210 agnoscit,
402 2131 519 2211 lugiens
542 2140 680 2193 extranea
703 2131 809 2206 uhcra,
833 2140 864 2193 ct
884 2150 1026 2195 recusans
1048 2132 1149 2211 ignota
1171 2131 1295 2207 cuhilia,
1316 2132 1401 2198 ¹'ne-

233 2232 339 2295 nincm
361 2225 505 2312 appetens
528 2231 584 2294 nisi
607 2251 642 2293 cx
659 2251 724 2293 usu.
760 2232 843 2294 Unde
864 2232 906 2295 illi
928 2232 1068 2295 indicium
1090 2232 1231 2295 novitatis
1253 2235 1403 2313 otmorio,
1445 2279 1448 2286 -
1485 2269 1488 2276 ·

234 2332 257 2394 oi
277 2352 339 2395 non
362 2331 463 2412 capit?
497 2333 576 2394 unde
598 2333 640 2394 illi
663 2341 693 2395 el
714 2333 825 2395 ollcndi
847 2341 878 2395 et
899 2333 1076 2409 demulceri,
1104 2334 1132 2396 ei
1153 2351 1215 2396 non
1237 2333 1403 2416 intellegit?

234 2433 332 2496 llimm
356 2434 431 2496 eatis
453 2442 485 2495 ut
506 2434 627 2495 inlantia
651 2434 824 2496 naturaliter
852 2434 986 2497 animosa
1014 2436 1055 2498 eit
1083 2453 1144 2498 non
1165 2433 1279 2498 habene
1305 2436 1403 2500 ”eni-

237 2551 322 2610 nnm,
346 2544 375 2597 et
397 2534 570 2597 naturaiiter
591 2535 743 2596 allectione
766 2534 807 2597 sit
829 2553 890 2597 oon
911 2535 1024 2598 hahens
1046 2535 1237 2600 homocum.
1269 2535 1308 2600 At
1321 2538 1401 2604 enim

238 2633 363 2699 Christus
387 2654 422 2697 ex
444 2654 498 2698 cre
518 2634 715 2697 ”lactantium
738 2644 767 2697 et
782 2636 971 2715 parvulorum
985 2635 1007 2670 ³¹
1015 2637 1197 2718 experiendo
1211 2637 1330 2702 lande·
1347 2657 1405 2704 nec

239 2737 383 2814 pueritiam
406 2755 462 2798 nec
482 2736 635 2798 infantiam
655 2737 675 2770 ⁸¹
686 2737 809 2799 hebetes
830 2738 1046 2817 pronuntiarit,
1074 2756 1201 2820 quarum
1221 2738 1314 2803 nitere
1334 2759 1404 2804 cum

241 2839 369 2919 tollragio
394 2855 554 2901 occurrens
577 2838 780 2902 testimonium
810 2838 838 2901 ci
859 2840 957 2921 potuit
979 2840 1103 2916 olierre,
1132 2841 1224 2905 altera
1250 2859 1307 2923 pro
1334 2840 1403 2923 ipen

243 2941 370 3003 lrncidata
392 2941 494 3020 utique
516 2940 574 3001 vim
596 2941 702 3002 sensit.

313 3042 364 3103 ¹Et
386 3041 435 3102 hic
456 3042 553 3120 itaque
575 3042 778 3104 concludimus
806 3041 924 3103 'omnia
952 3042 1094 3104 naturalia
1122 3043 1238 3106 animae
1266 3052 1300 3106 ut
1326 3045 1401 3109 enh·
1419 3062 1529 3121 cmxx.

244 3141 353 3205 ohntim
376 3142 441 3204 eius
463 3142 519 3221 ipsi
542 3143 643 3204 inesse
666 3150 697 3203 el
718 3161 784 3204 cum
807 3143 872 3221 ipea
895 3142 1059 3222 procedere
1080 3150 1168 3222 etque
1182 3143 1344 3223 prolicere,
1366 3164 1404 3208 cx

243 3254 289 3316 qno
314 3243 380 3324 ipsa
409 3252 558 3304 consetur.
609 3243 692 3303 Sicut
722 3251 752 3303 et
773 3242 903 3303 Senem·
930 3261 1021 3322 saepe
1052 3252 1173 3305 noster:
1206 3244 1301 3304 lnoita
1331 3253 1403 3306 eunt

243 3341 316 3404 nohis
339 3343 471 3405 omnium
493 3344 599 3405 artium
623 3353 653 3404 et
673 3351 800 3404 aetatum
822 3342 952 3415 semina,
981 3342 1198 3420 ³magisterque
1227 3360 1262 3403 ex
1285 3342 1401 3405 occulto

243 3437 303 3506 icus
323 3445 462 3525 producit
484 3445 616 3525 ingenia,
646 3464 681 3506 ex
703 3443 867 3505 seminibus
896 3441 1008 3504 scilicet
1028 3441 1128 3502 insitis
1152 3449 1183 3502 ct
1203 3440 1326 3504 occultis
1346 3460 1403 3523 per

242 3536 396 3621 infantiam,
426 3565 500 3626 quae
523 3555 593 3608 snnt
614 3554 645 3607 et
666 3545 845 3608 intellectus.
889 3543 931 3604 Ex
953 3541 1001 3603 hia
1024 3542 1102 3604 enim
1123 3542 1332 3622 producuntur
1352 3542 1402 3607 in·
1491 3566 1497 3571 ·

241 3693 271 3746 ld.
286 3699 382 3763 capiant
400 3708 425 3748 nt
443 3698 582 3763 philosophi
602 3698 686 3748 nolunt
704 3714 748 3748 om.
764 3699 814 3761 lp.
878 3695 916 3746 ta.
927 3695 1051 3763 ,intelligat
1069 3702 1093 3745 et
1111 3695 1210 3745 iniectio
1228 3699 1260 3760 l,
1277 3697 1308 3747 de
1324 3712 1402 3749 Μ·
1425 3722 1431 3727 ·

238 3764 468 3845 detineamini.
510 3768 650 3829 intellegant
668 3774 691 3815 ct
709 3766 833 3814 inlnntiam
852 3763 928 3814 tneo.
981 3762 1022 3813 20.
1041 3762 1166 3828 pullularit
1182 3764 1348 3828 commate.
1359 3766 1403 3817 dr-

236 3834 471 3952 lzuompilliimgit.
485 3834 755 3965 [iacealrbiymoioiliouindoota
772 3833 825 3949 Alai.
843 3830 957 3962 negocii
968 3831 1223 3964 Λῗοῐιῗέἒῐέἑτῖέ.
1259 3830 1402 3965 ἳέᾳζῖοὲ.

235 3970 291 4032 pot
307 3972 403 4035 reliqui.
461 3968 655 4020 truncentur
679 3969 823 4018 oriodello.
864 3968 891 4017 lo
908 3967 934 4016 n.
950 3968 1020 4018 oerho
1037 3965 1090 4016 lion
1107 3965 1172 4017 enlm
1195 3968 1288 4019 nadair
1310 3969 1403 4020 incluto

233 4045 279 4088 tut
296 4054 348 4089 eam
365 4044 422 4088 oolo
439 4040 584 4101 innomine
601 4053 628 4087 eo
646 4038 701 4087 oliir
719 4037 786 4087 lihrir
805 4036 892 4085 doecre.
945 4032 986 4084 28.
1005 4041 1030 4083 et
1047 4034 1167 4083 neminem
1184 4033 1245 4085 nco„
1288 4034 1330 4086 29.
1348 4036 1403 4087 nni·

232 4118 291 4155 nom
309 4131 344 4142 -
361 4130 394 4141 -
414 4119 462 4154 noo
481 4106 572 4155 hahens
590 4107 672 4155 σκιή.
724 4103 765 4154 30.
785 4103 922 4153 luctantium
940 4104 966 4163 l.
1002 4100 1140 4151 lootcntinrn
1157 4101 1251 4166 reliqui.
1301 4101 1344 4154 hl.
1361 4116 1404 4153 ex·

230 4172 341 4237 periendo
360 4174 456 4237 ldorch.
491 4173 639 4238 expediendo
657 4174 750 4237 reliqui.
807 4169 850 4220 32.
868 4170 967 4220 hehetce
987 4169 1040 4220 doh.
1082 4168 1209 4219 hethentea
1225 4171 1269 4233 dd.
1309 4170 1404 4221 hohen·

230 4246 263 4291 ω
279 4240 352 4372 *dil
372 4308 419 4358 ux.
456 4309 478 4357 1.
497 4308 536 4358 ou
554 4307 763 4357 urrvnruars.
789 4305 819 4356 m
837 4306 876 4356 ore
894 4305 937 4357 in.
981 4303 1019 4354 oe
1039 4301 1185 4354 ennomus
1202 4303 1403 4357 numantinis

226 4376 347 4427 thtttte.
371 4375 401 4425 m
418 4376 457 4426 hic
475 4376 498 4426 d.
550 4374 574 4425 2.
593 4376 673 4425 omnin
692 4377 811 4449 nmio..
849 4371 873 4424 3.
893 4372 1007 4435 mogintcr
1024 4384 1087 4436 qore
1105 4386 1133 4423 ex
1149 4374 1176 4423 Δ.

259 4480 277 4528 l.
296 4475 432 4542 intelleget]
458 4477 484 4528 ld
509 4485 547 4527 eet
571 4476 720 4528 intellectum
746 4477 790 4526 ha·
843 4474 877 4524 ne
895 4474 973 4524 Carne
990 4473 1047 4524 Chr.
1065 4473 1153 4537 crp.'l.
1194 4472 1229 4524 na
1245 4472 1319 4525 rotho
1336 4473 1405 4525 dcdl·

222 4545 290 4598 heat.
844 4558 897 4594 core
914 4543 945 4592 cl.
964 4541 1056 4591 adnott.
1074 4541 1104 4592 nd
1121 4540 1208 4607 Scorp-
1225 4556 1279 4606 cep.
1290 4540 1311 4591 l.

257 4630 282 4678 ς,
301 4613 390 4665 ibidem
408 4608 536 4678 dedicans]
555 4614 581 4663 ld
594 4612 729 4672 esteutirn,
748 4624 789 4661 ex·
878 4610 936 4673 Cap.
956 4610 1003 4661 tt.
1027 4625 1049 4659 a.
1067 4605 1171 4676 Seneca]
1189 4610 1264 4662 Meet
1279 4604 1404 4659 techas·-
1492 4624 1495 4631 ·

222 4681 327 4748 templo.
367 4682 409 4733 Sic
430 4681 487 4749 hdr.
506 4682 596 4733 llalent.
624 4679 703 4745 orph
722 4686 746 4730 ct
763 4679 788 4728 'l.
842 4692 917 4730 neore
935 4676 970 4728 lle
986 4676 1070 4729 hanel.
1087 4676 1161 4740 li,8.
