3242 5775
514 481 552 525 os
573 477 818 525 nsscmscrrons
839 477 953 524 manns.
1260 462 1323 525 l'l'l

163 628 242 705 cm,
264 628 291 693 si
314 628 527 703 ¹'detralratur‚
557 631 615 692 boc
636 628 690 693 luit
712 627 934 698 indumentum,
960 646 1027 690 cunr
1050 626 1322 707 superstruebatur.

162 728 226 795 ilino
246 740 276 793 et
302 731 458 811 spostolus
486 731 742 794 circumcisionem
770 729 1017 812 despoliationem
1046 728 1145 792 earnis
1173 728 1323 808 appellans
1336 744 1454 798 coemit.

161 835 279 895 tunicam
302 830 427 893 ¹”cutem
449 831 671 893 ”tadtrmavic
706 831 786 893 llaec
806 831 900 892 ''cum
916 831 955 891 ita
972 830 1048 904 sint,
1070 815 1161 892 habes
1177 837 1207 892 et
1220 829 1322 892 limum

160 932 191 994 de
214 952 302 995 manu
325 931 401 992 ”dei
430 931 594 1011 gloriosum
623 944 653 993 et
680 951 799 994 carnem
828 932 865 993 de
892 932 1000 992 adllatu
1028 931 1075 992 dei
1102 930 1322 1010 gloriosiorem,

159 1052 210 1113 quo
230 1033 344 1114 pariter
365 1051 434 1094 caro
457 1041 487 1095 et
508 1033 569 1094 limi
592 1034 759 1095 rudimenta
781 1032 921 1112 deposuit
948 1041 979 1093 et
1004 1032 1119 1093 animae
1141 1027 1322 1093 'ornamenta

157 1134 289 1215 sucepti.
326 1131 394 1193 Nou
416 1152 448 1195 es
470 1133 640 1213 diligentior
661 1135 735 1205 deo,
759 1135 799 1196 uti
817 1143 847 1195 tu
863 1133 981 1213 quidem
997 1133 1145 1212 Scythicas
1161 1143 1191 1195 et
1204 1133 1321 1195 ludices

156 1251 280 1313 gemmas
304 1241 334 1295 et
348 1232 493 1295 Rubentis
508 1235 596 1296 liaris
618 1254 706 1313 grana
731 1234 903 1296 condentia·
924 1253 984 1295 non
1006 1234 1142 1314 plumbo,
1165 1252 1226 1295 non
1241 1252 1320 1308 aere,

156 1352 210 1397 non
230 1337 331 1408 ferro,
360 1354 398 1396 ne
420 1345 542 1414 argento
564 1356 682 1415 quoque
704 1336 909 1415 ”oblaquees
941 1336 993 1397 sed
1016 1335 1196 1397 electissimo
1219 1342 1250 1396 et
1270 1334 1320 1395 in-

155 1454 239 1516 super
272 1436 487 1515 operosissimo
515 1436 703 1498 ”descrobes
737 1426 840 1510 auro¹,
873 1437 976 1498 ¹³rinis.
1005 1437 1075 1498 item
1105 1445 1135 1499 et
1164 1435 1321 1515 unguentis

155 1535 376 1615 pretiosissimis
413 1537 578 1615 quibusque
614 1537 800 1599 vasculorum
843 1537 926 1616 prius
963 1538 1185 1617 coagmentiam
1209 1546 1320 1611 eures,

155 1626 301 1717 ¹'proinde
322 1636 498 1716 ”perlectae
519 1637 704 1717 ”ferruginis
726 1638 849 1718 gladiis·
870 1638 1040 1718 vaginarum
1059 1640 1206 1718 adaeques
1220 1637 1319 1717 digni-
1372 1626 1375 1630 ’

106 1797 108 1806 ,
158 1746 249 1811 tatem
264 1770 306 1784 -
328 1737 401 1798 deus
423 1757 493 1798 vero
516 1739 631 1800 animae
654 1758 726 1802 suae
748 1740 894 1814 umbram,
916 1739 1040 1820 spiritus
1059 1740 1106 1801 sui
1121 1758 1234 1812 auram,
1256 1739 1319 1803 oris

106 1901 108 1924 ὲ
159 1837 196 1899 sui
215 1856 337 1920 operam
359 1837 505 1899 vilissimo
527 1840 613 1902 alicui
628 1840 812 1904 commiserit
826 1840 946 1920 capulo,
969 1849 998 1900 et
1012 1841 1133 1919 indigne
1147 1838 1333 1902 collocando.
1391 1857 1394 1862 “

106 1929 108 1952 ’
160 1938 249 2019 ntique
272 1939 464 2000 damnaverit.
507 1926 668 2002 Collocavit
689 1951 803 2015 autem,
836 1960 872 2013 an
895 1941 995 2020 potius
1018 1941 1146 2002 inseruit
1167 1949 1198 2002 et
1219 1940 1318 2002 immi·
1374 2007 1376 2015 ,

161 2035 226 2103 scuit
246 2037 353 2102 carni?
387 2048 466 2101 tanta
489 2042 607 2120 quidem
630 2042 836 2114 concretione,
871 2049 904 2102 ut
925 2041 1069 2102 incertum
1097 2039 1200 2102 baberi
1222 2040 1321 2121 possit

131 2148 133 2154 '
161 2147 286 2203 utrumne
308 2158 377 2201 caro
399 2142 545 2215 animam,
568 2161 605 2202 an
629 2160 746 2203 carnem
762 2141 859 2202 anima
874 2140 1075 2214 circumierat,
1097 2148 1236 2202 utrumne
1251 2140 1317 2201 ani·

160 2257 212 2303 ttae
232 2259 320 2314 caro,
342 2259 380 2302 an
402 2241 498 2302 anima
521 2241 693 2329 ”appareat
711 2242 801 2303 carni.
842 2241 900 2302 Sed
922 2240 982 2302 ³‘'et
1002 2241 1097 2321 magis
1119 2241 1245 2310 animam
1268 2241 1317 2303 iu·

160 2340 217 2409 nebi,
233 2352 321 2421 atque
342 2341 489 2403 dominari
511 2343 692 2404 credendum
713 2352 775 2416 est,
798 2351 832 2403 ut
853 2341 945 2422 magis
968 2342 1023 2404 deo
1046 2342 1220 2423 proximam.
1254 2342 1320 2405 lloc

160 2458 263 2522 qnoque
283 2441 321 2503 ad
344 2441 466 2520 gloriam
489 2444 586 2504 carnis
608 2443 765 2516 exuberat,
788 2444 867 2522 quod
889 2444 1055 2523 prrorimam
1071 2445 1127 2506 deo
1142 2451 1172 2505 et
1185 2443 1319 2506 continet
1388 2454 1392 2460 “

161 2540 296 2623 etipsius
325 2541 537 2604 dominationis
566 2553 735 2623 compotem
763 2552 905 2624 praestat.
961 2544 1056 2618 Quem
1089 2544 1167 2607 enim
1195 2553 1318 2608 naturas

161 2657 247 2717 nsum,
270 2633 359 2724 quem
381 2643 481 2706 mundi
505 2643 648 2718 lructum,
671 2664 760 2724 quem
783 2644 997 2708 elementorum
1020 2665 1158 2726 saporem
1182 2664 1243 2707 nou
1263 2662 1318 2726 per

160 2759 261 2806 omem
283 2743 381 2805 anima
396 2743 593 2823 depascitur?
615 2744 740 2822 quidni?
761 2764 816 2825 per
830 2764 916 2825 quam
933 2747 1013 2808 omni
1028 2747 1226 2810 instrumento
1243 2765 1316 2809 seu-

159 2859 230 2907 suom
250 2843 428 2919 ’'fulciatur‚
451 2845 526 2918 risu,
550 2845 660 2920 auditu,
683 2856 783 2927 gustu,
806 2848 943 2923 odoratu,
966 2847 1127 2911 contactu?
1148 2867 1204 2929 per
1228 2867 1316 2929 quarn
1357 2840 1360 2845 ’
1413 2921 1418 2925 ,

159 2943 241 3009 trina
261 2955 412 3028 potestate
440 2965 578 3025 respersa
607 2955 669 3020 est,
706 2948 777 3009 nibil
807 2968 867 3010 non
896 2968 1035 3011 sermone
1063 2949 1238 3028 perficiens,
1271 2948 1317 3010 rel

159 3046 231 3108 tacite
251 3045 446 3128 praemisso?
474 3046 511 3106 Et
532 3066 632 3108 sermo
655 3049 733 3108 enim
756 3047 793 3109 de
817 3068 929 3128 organo
952 3051 1049 3110 carnis
1072 3057 1127 3109 est.
1161 3050 1247 3111 Artes
1263 3067 1317 3129 per

159 3163 270 3220 omem,
287 3147 396 3220 studia,
412 3147 528 3225 ingenia
542 3167 596 3228 per
608 3168 736 3221 carnem,
752 3167 854 3227 opera,
872 3150 997 3227 negotia,
1015 3148 1109 3209 officia
1120 3167 1174 3227 per
1186 3144 1329 3222 carnem,

158 3255 229 3327 tique
244 3249 319 3310 adeo
336 3256 430 3309 totum
447 3249 545 3309 virere
561 3250 675 3310 animae
691 3249 788 3309 carnis
802 3257 858 3320 est,
882 3257 915 3309 ut
929 3267 989 3309 non
1003 3248 1102 3308 virere
1117 3247 1231 3308 animae
1242 3247 1314 3309 ”nil

159 3365 187 3413 tt.
202 3368 336 3419 detrabitnr
353 3368 396 3417 tlt.
449 3367 490 3416 20.
509 3369 581 3417 cutim
601 3369 626 3417 Β.
678 3367 740 3415 tot.
759 3367 891 3416 adllrmsrit
908 3367 985 3416 loca.
1003 3375 1050 3417 tres
1071 3367 1180 3416 Vaticani.
1225 3368 1314 3417 conllr·

158 3436 282 3486 nuntiet.
329 3433 370 3483 tt.
390 3443 473 3483 cuneta
492 3435 582 3485 sintl.
635 3434 675 3483 22.
694 3435 828 3483 dominid.
873 3432 912 3483 2³.
932 3434 1111 3498 oblaqueasset,
1128 3434 1171 3482 sed
1190 3434 1234 3483 BG.
1269 3435 1314 3482 ob·

106 3516 107 3520 ¹
157 3497 283 3564 liqueasses
300 3502 345 3551 sed
363 3507 403 3551 la
442 3502 480 3550 ll.
500 3503 624 3550 describes
642 3505 667 3551 l.
720 3499 761 3550 25.
780 3502 840 3551 einis
858 3502 914 3550 item
933 3501 1068 3551 onndddo.
1110 3499 1150 3549 26.
1170 3501 1273 3564 perinde
1288 3502 1314 3550 d.

157 3564 187 3614 ii.
201 3571 322 3633 perlectae
341 3570 374 3629 d,
394 3571 468 3619 codex
479 3571 573 3618 Pitlmei.
610 3572 716 3631 perlecto
736 3570 773 3618 Co.
810 3577 951 3632 perspectae
969 3571 1066 3631 ample,
1086 3575 1106 3617 et
1116 3569 1219 3631 limpr.
1255 3582 1314 3632 pro·
1393 3597 1403 3610 ·

106 3662 112 3675 ·
156 3637 293 3694 mimaeAB.
330 3635 372 3685 28.
387 3637 516 3697 ferruginis
528 3638 618 3698 cmpbd.
655 3638 784 3697 ierroginis
802 3653 831 3695 e.,
851 3652 881 3686 ec
898 3639 949 3686 rod.
963 3638 994 3685 lo.
1007 3637 1134 3685 Clenrentis.
1170 3636 1314 3697 lerrugineis

106 3718 111 3739 ι
155 3703 232 3766 reliqui.
267 3703 492 3767 lbappareatbcd.
520 3705 707 3766 pareatreliqci,
724 3705 921 3755 ettrerl'oticani.
956 3703 997 3752 30.
1016 3704 1061 3751 etsi
1078 3705 1112 3752 bc.
1148 3700 1314 3752 inulctam

156 3768 217 3821 tlte
233 3778 280 3821 lrea
293 3772 404 3825 Vaticani.
440 3772 496 3820 lulta
517 3778 553 3819 est
572 3773 623 3820 bed.
665 3770 754 3819 :tamt
773 3772 888 3831 (nibild.)
907 3770 1103 3832 aliudcnrqobed.
1138 3770 1203 3819 alind
1221 3771 1314 3834 reliqui.

106 3865 109 3871 ’
180 3885 197 3919 t.
222 3871 337 3920 Rubentis
366 3871 437 3920 liaris
464 3886 536 3933 grana
564 3868 702 3933 candentia]
754 3870 778 3931 6,
794 3870 834 3920 ¹8.
869 3869 972 3919 Casaub.
997 3870 1025 3918 ad
1053 3870 1151 3933 Scriptt.
1177 3869 1237 3919 illst.
1255 3870 1314 3932 lag.

155 3933 278 4000 largaritas
303 3939 375 3987 liaris
399 3939 522 4001 Erythraei
547 3940 595 3986 sire
620 3939 701 3997 liubri,
753 3937 857 4001 plot..
1019 3946 1026 3953 “

155 4011 173 4051 n
192 4005 296 4070 appellat
320 4005 376 4055 lldr.
395 4006 465 4055 blare.
493 4007 511 4065 l,
530 4005 604 4064 lbi,
629 4021 700 4069 quem
787 4006 811 4054 d.
830 4004 1005 4067 operosissimo
1023 4003 1155 4067 descrobes
1173 3996 1246 4066 auro]
1270 4000 1314 4050 De·

106 4123 115 4133 ,
154 4068 219 4123 locum
247 4074 279 4123 el.
297 4073 327 4123 ad
347 4072 406 4122 baec
424 4073 503 4122 rerba.
545 4074 602 4122 Eius
627 4074 701 4121 maris
752 4074 861 4122 scrobum
879 4080 915 4120 est
933 4080 1046 4133 tanquam
1062 4071 1085 4118 in
1097 4070 1184 4120 scrobe
1197 4069 1314 4118 inserere.

153 4141 321 4202 margaritarum
347 4142 419 4189 etiam
444 4141 602 4203 Hieronymus
625 4140 701 4203 Epist.
754 4140 945 4202 operosissimum
969 4139 1027 4186 dicit
1050 4151 1134 4186 aarum
1159 4136 1252 4185 artillcii
1276 4134 1313 4184 rel

106 4238 109 4255 .
152 4207 362 4258 rddemetriadem
383 4208 490 4256 meminit
505 4207 616 4267 (tule.
637 4209 700 4270 Opp.
751 4208 809 4255 erlis
828 4206 1024 4270 operosissimae.
1067 4204 1103 4254 Ci.
1121 4203 1211 4252 aduott.
1230 4203 1260 4252 ad
1279 4201 1313 4252 tld

109 4272 113 4279 '
151 4273 294 4334 edllened.)
313 4273 409 4338 poss:
438 4276 485 4333 „Ut
503 4284 594 4324 taceam
613 4275 643 4323 de
661 4277 699 4323 in·
751 4274 814 4323 Natt.
833 4272 885 4332 1,t.

150 4342 229 4392 arrium
255 4343 350 4406 pretiis,
377 4343 482 4390 candore
507 4344 699 4403 margaritarum,
785 4356 805 4389 e.
825 4341 947 4404 perlectas
971 4338 1100 4400 ferruginis
1127 4331 1226 4402 gladiis]
1255 4336 1312 4384 l'er-

106 4443 112 4475 .»
148 4406 209 4460 labri
229 4410 302 4459 Naris
321 4410 441 4473 protunda
461 4411 606 4467 testantium,
633 4424 699 4457 sma·
751 4408 838 4456 lectam
858 4407 1003 4467 ferruginem
1028 4406 1085 4455 dicit
1102 4406 1222 4469 perlectae
1241 4403 1311 4451 boni·

106 4482 108 4489 '
147 4477 266 4537 ragdcmm
285 4479 373 4535 rirore,
399 4478 567 4526 cerauniorum
587 4477 699 4536 llammis,
751 4475 805 4523 tatis
824 4475 924 4531 lerrnm,
950 4473 1018 4523 cuius
1036 4482 1073 4522 est
1091 4473 1155 4522 ecies
1174 4484 1249 4529 mera,
1268 4482 1313 4517 uec
1374 4513 1382 4525 ,

106 4529 111 4557 i
145 4540 320 4605 lyaeintborom
341 4544 436 4606 pelago,
455 4544 484 4591 ad
503 4558 564 4607 quac
574 4544 659 4592 ardent
677 4551 700 4592 et
749 4541 829 4590 solum
849 4542 944 4601 ingenio
963 4548 1098 4603 preestans,
1115 4541 1196 4589 sedet
1211 4538 1314 4601 lactura,

105 4595 108 4623 ¹
143 4610 256 4661 insaniunt
275 4611 560 4662 studiamatronarnm.“
587 4610 699 4660 Cillar-
750 4609 792 4658 sed
813 4617 923 4671 etoquae
937 4607 1070 4668 nobilitate,
1090 4608 1127 4658 cui
1140 4603 1241 4656 subinde
1253 4614 1312 4650 eso-

142 4678 182 4730 tirl.
201 4681 284 4745 Epigr.
305 4680 333 4740 X,
348 4677 385 4727 16.
404 4678 429 4739 ll,
440 4677 481 4729 38.
509 4679 569 4727 Stat.
587 4678 644 4726 Sile.
663 4678 699 4737 ll,
751 4677 810 4726 dens
830 4673 1111 4739 immergiturqttigatr.)
1177 4706 1183 4714 ·
