3242 5775
317 631 384 695 116
574 644 676 696 oomrr
697 643 832 688 srrrrmr
853 641 1018 688 rnonnnrrs
1042 642 1242 710 rosconmon

320 814 356 859 so
376 794 517 857 ostendit.
552 793 682 873 Ideoque
703 811 760 856 nec
780 792 931 855 maledixit
951 792 1049 871 ipsum
1064 791 1157 853 Adam
1177 799 1209 854 et
1228 791 1334 864 Eram,
1359 799 1395 853 ut
1418 791 1468 853 ¹²n

320 895 485 960 stitutionis
517 894 707 967 candidatos,
739 903 773 955 ut
803 894 993 956 confessione
1019 892 1178 955 relevatos.
1233 892 1304 954 Cain
1332 912 1406 954 vero
1441 892 1465 927 ¹⁸

319 997 469 1060 moledixit
490 1005 520 1058 et
540 996 678 1076 cupidum
700 1004 798 1057 morte
819 995 902 1056 luere
924 994 1062 1056 delictum
1079 994 1163 1059 niori
1182 994 1303 1056 interim
1323 994 1437 1068 vetnit,
1464 1013 1468 1055 t

320 1107 441 1180 praeter
472 1096 633 1159 admissum
663 1096 778 1158 ¹⁴etiarn
806 1095 972 1174 negationis
1001 1094 1093 1157 ¹‘eius
1115 1103 1280 1156 oneratum.
1329 1095 1413 1157 llaec

320 1199 486 1279 ignorantia
508 1199 555 1260 dei
578 1198 690 1270 nostri,
723 1215 799 1275 quac
821 1196 889 1258 idco
918 1195 1111 1258 simulabatur
1142 1214 1180 1256 ne
1202 1196 1382 1276 delinquens
1404 1196 1468 1260 bort

321 1300 393 1382 quid
414 1299 472 1361 sibi
504 1299 649 1379 agendum
676 1299 716 1360 sit
742 1298 869 1377 ignoret.
920 1297 980 1359 Sed
1007 1297 1045 1358 ad
1072 1295 1233 1358 Sodomam
1261 1310 1291 1359 ct
1317 1298 1468 1360 Gonnum

191 1393 307 1498 „Gffiff-‚L
321 1401 520 1474 descendens,
552 1400 681 1473 videno,
710 1391 780 1471 ait‚'
795 1398 821 1459 si
844 1399 1005 1461 secundum
1034 1398 1193 1460 clamorem
1214 1399 1438 1477 pervenientem
1458 1416 1468 1462 r

320 1520 369 1564 mc
392 1502 676 1574 '‘consummantur,
705 1499 730 1560 si
752 1518 824 1561 vero
847 1518 924 1572 uon,
951 1508 985 1560 ut
1013 1516 1181 1578 agnoscam.
1222 1499 1268 1560 tn
1289 1500 1338 1561 bic
1358 1499 1468 1564 videlic

320 1621 357 1664 cx
377 1602 543 1681 ignorantia
564 1602 695 1664 incertus
717 1609 748 1661 et
769 1600 847 1662 scire
869 1599 1017 1680 cupidus?
1059 1599 1104 1661 An
1126 1600 1176 1661 bic
1196 1618 1292 1663 sonus
1312 1600 1468 1680 pronuntia

206 1757 211 1764 .
319 1702 411 1765 tionis
432 1702 639 1774 necessarius,
662 1719 723 1762 non
746 1700 954 1775 dubitativum,
984 1701 1037 1761 sed
1059 1701 1298 1762 comminativum
1321 1701 1468 1782 exprimas

319 1821 460 1876 sensnm,
483 1803 539 1865 sub
562 1801 771 1864 sciscitationis
787 1800 935 1890 obtento?
968 1801 1083 1874 Quodsi
1105 1802 1282 1864 descensum
1303 1799 1468 1881 quoqned

318 1903 444 1977 irrides,
475 1904 561 1982 quasi
581 1903 666 1964 aliter
687 1920 749 1963 non
776 1902 909 1981 potuerit
928 1902 1071 1981 perlicere
1098 1901 1240 1964 indicium
1272 1903 1330 1963 nisi
1364 1904 1468 1966 desost

238 2063 244 2075 ,
321 2002 431 2076 disset,
464 2003 530 2065 vide
552 2022 591 2065 ne
614 2011 697 2065 tuum
718 2020 810 2082 aeque
833 2001 920 2064 deum
941 2002 1055 2081 pulses.
1103 2003 1177 2064 Nam
1207 2003 1312 2064 stille
1339 2001 1468 2066 descend

320 2113 354 2166 nt
374 2103 454 2184 quod
476 2104 564 2166 vellet
584 2104 723 2165 efficeret

165 2216 301 2277 cipum.
405 2204 466 2266 Sed
489 2213 518 2266 et
537 2203 616 2265 iurat
630 2203 713 2265 deus.
745 2201 894 2282 Numquid
909 2203 986 2264 forte
1000 2222 1055 2282 per
1070 2202 1157 2265 doum
1173 2202 1355 2265 Marcionis?
1387 2205 1468 2268 lm!

164 2281 430 2385 ¹⁸⁸·¹L'·²³·.inquit‚
454 2305 562 2367 ¹multo
585 2304 705 2375 vanius,
727 2302 807 2382 quod
828 2321 883 2383 por
904 2304 1109 2384 semetipsum.
1159 2302 1256 2376 ²Quid
1278 2305 1364 2366 vellet
1384 2306 1468 2369 socc!

319 2407 346 2468 si
367 2405 539 2468 aliusdens
561 2423 621 2466 non
644 2413 708 2466 erat
728 2403 760 2464 in
781 2403 962 2465 conscientia
985 2405 1065 2477 eius,
1092 2405 1239 2465 boccum
1260 2405 1405 2466 maxims·
1426 2404 1468 2470 ’ὴ

318 2507 412 2567 rnntis
433 2506 522 2568 alium
545 2505 655 2584 absque
678 2524 712 2565 se
734 2505 857 2565 omnino
880 2524 941 2566 non
970 2503 1061 2567 esse?
1103 2506 1198 2585 lgitur
1224 2506 1406 2585 peierantem
1435 2503 1468 2600 μ

317 2605 495 2686 prebendis,
517 2604 571 2665 ‘an
591 2624 666 2665 vane
688 2603 894 2666 deierantcml
942 2606 1001 2667 Sed
1022 2623 1083 2666 non
1104 2613 1206 2684 potest
1225 2606 1318 2668 rideri
1339 2607 1468 2686 peierat

318 2685 370 2785 gui
391 2704 479 2767 alium
502 2723 571 2766 esse
592 2711 652 2766 noo
676 2705 776 2779 scirit,
798 2714 833 2767 ut
847 2705 955 2768 dicitis.
989 2706 1076 2779 Quod
1098 2707 1178 2767 enirn
1193 2708 1260 2780 scit,
1282 2708 1341 2768 hoc
1353 2707 1468 2774 deierat

318 2804 406 2867 'vero
427 2824 487 2867 non
509 2804 660 2888 peierarit.
712 2805 772 2868 Sed
794 2825 855 2867 non
876 2826 950 2868 vane
972 2807 1083 2868 deierat
1104 2807 1193 2868 alium
1216 2808 1305 2869 deum
1327 2826 1388 2869 non
1410 2817 1468 2876 ou

314 2907 404 2970 'lonc
424 2909 503 2970 onim
525 2926 598 2969 rane
619 2907 779 2981 deieraret,
803 2907 830 2969 si
851 2927 913 2970 non
934 2908 1061 2971 luissent
1081 2910 1132 2989 qui
1146 2908 1221 2970 alios
1237 2910 1310 2972 deos
1324 2908 1468 2979 crcded

316 2996 390 3070 tunc
410 3008 529 3089 quidem
552 3008 777 3070 simulacrorum
799 3009 946 3084 cultores,
971 3028 1051 3072 nnnc
1071 3028 1142 3071 vero
1165 3019 1193 3071 et
1216 3010 1366 3073 haeretici.
1409 3006 1468 3083 lod

317 3109 423 3189 'igitur
445 3109 729 3189 persemetipsum,
751 3119 785 3171 ut
805 3110 851 3171 vel
872 3111 980 3172 iuranti
1003 3110 1059 3172 deo
1083 3092 1188 3172 credas
1210 3111 1300 3173 aliurn
1318 3111 1405 3173 doum
1419 3106 1468 3185 od

317 3211 389 3271 nino
411 3228 472 3271 non
494 3229 574 3272 esso.
618 3210 682 3271 lloc
703 3218 736 3272 nt
758 3210 833 3294 dens
855 3211 980 3283 faceret,
1010 3219 1042 3272 tu
1064 3230 1182 3291 quoquo
1204 3212 1333 3275 blarcion
1355 3210 1468 3291 coegss'

315 3309 378 3371 lom
399 3317 471 3373 tunc
491 3311 569 3373 enim
591 3309 810 3392 providebaris.
861 3310 991 3373 Proinde
1014 3311 1040 3373 si
1062 3312 1143 3373 etin
1165 3304 1468 3391 promissionibus!¹

216 3439 218 3443 ’
316 3413 597 3476 comminationibus
630 3413 724 3486 iurat,
756 3410 846 3472 fidem
878 3410 909 3472 in
941 3412 1112 3490 primordiis
1144 3413 1265 3475 arduam
1297 3422 1468 3503 extorqnq

316 3511 391 3574 nihil
412 3514 469 3574 deo
492 3515 644 3593 indignum
668 3512 817 3592 estquod
839 3512 928 3573 efficit
949 3513 1005 3574 deo
1028 3513 1159 3575 credere.
1194 3513 1273 3575 Satis
1296 3522 1326 3576 ct
1346 3514 1468 3599 tunc!

317 3611 401 3671 sitlos
424 3611 496 3674 dens
517 3614 549 3674 in
571 3613 635 3692 ipsa
658 3614 746 3675 stiam
768 3613 878 3674 ferocia
901 3631 971 3685 sua,
994 3632 1060 3675 cum
1083 3613 1122 3673 ob
1137 3613 1219 3674 vituli
1234 3610 1468 3689 consecrationd

162 3713 294 3808 unssppdpo
318 3712 457 3773 efferatus
479 3712 510 3772 in
531 3713 675 3790 populum
698 3713 735 3774 de
756 3711 865 3775 lamnlo
887 3731 943 3773 suo
965 3714 1096 3792 postulat
1116 3715 1232 3792 Moyse,
1262 3714 1334 3779 Siue
1356 3710 1468 3797 ΜΛ

256 3795 262 3817 ’
295 3796 484 3892 ‘indignatus
506 3812 551 3873 ira
572 3811 741 3892 disperdam
762 3813 846 3886 illos,
876 3821 906 3874 ct
933 3814 1036 3875 faciam
1066 3823 1095 3877 te
1116 3815 1147 3875 in
1170 3814 1320 3877 nationem
1342 3814 1468 3903 magolf

315 3912 399 3973 Unde
427 3912 581 3974 meliorem
609 3912 713 3975 soletis
740 3915 887 3977 affirmare
907 3915 1029 3994 lloysen
1057 3916 1113 3978 deo
1143 3934 1216 3989 suo,
1254 3914 1468 3996 deprecator'd

314 4011 406 4072 irnmo
429 4021 459 4073 et
478 4012 694 4092 prohibitorem
717 4015 789 4101 iras.
842 4015 909 4077 Nou
930 4016 1021 4078 lacios
1043 4016 1154 4090 ⁸enim‚
1183 4017 1296 4097 inquit,
1318 4015 1416 4091 istud,
1436 4026 1468 4085 q

315 4162 355 4213 12.
373 4165 531 4214 restitutionis
550 4167 616 4216 obed.
657 4167 802 4217 restitutioni
820 4167 881 4217 And.
904 4169 1025 4219 Vaticanus
1042 4177 1145 4233 uterque.
1207 4168 1246 4218 13.
1266 4176 1290 4219 ot
1308 4185 1352 4219 om.
1371 4170 1393 4220 d.
1443 4160 1468 4217 Ι

314 4231 403 4280 etllls
441 4232 481 4280 15.
500 4234 551 4281 cius
568 4233 676 4284 nocato.
712 4234 823 4298 exemplo
841 4250 870 4295 c,
890 4250 919 4285 ec
930 4236 1036 4286 Vaticano
1049 4252 1103 4286 nno.
1147 4235 1186 4286 16.
1206 4232 1468 4288 consumanturstdi

252 4336 267 4359 0
314 4308 483 4348 consumment
501 4301 537 4349 cd.

382 4365 438 4429 Cup.
458 4366 533 4415 lllllll.
570 4367 591 4416 l.
610 4368 686 4416 multo
704 4370 786 4418 uanius
804 4369 869 4433 qnod
888 4370 1054 4432 perarante.
1097 4370 1161 4434 qnod
1185 4371 1261 4419 multo
1290 4371 1468 4434 raoiospm

312 4447 342 4480 en
359 4434 622 4484 coniectfulullrsiai.
662 4434 686 4482 2.
705 4436 768 4493 Quid
786 4437 857 4487 vellet
875 4437 963 4496 lacero,
981 4438 1001 4486 si
1019 4441 1069 4488 nte.
1105 4439 1162 4501 qnid
1181 4438 1361 4488 interimerer.
1380 4438 1404 4487 Si
1421 4428 1468 4489 ΔΙ

313 4499 375 4557 Ouid
392 4501 466 4548 velles
485 4501 564 4550 lacere
582 4503 614 4562 d.‚
634 4502 698 4550 Fnln.
714 4503 818 4553 Ursinus.
871 4504 894 4553 3.
912 4506 994 4554 iurans
1012 4506 1076 4555 Folo.
1086 4507 1190 4555 vrrionr.
1248 4505 1273 4555 t.
1292 4506 1321 4554 nd
1340 4520 1398 4555 runo
1415 4496 1468 4569 pfl

311 4575 405 4616 mntem
422 4568 483 4617 ABG.
535 4568 558 4618 5.
577 4583 632 4617 vero
650 4570 686 4617 ed.
699 4570 793 4619 Semler.
846 4571 869 4620 6.
888 4587 945 4633 ergo
964 4574 1008 4622 ΑΒ.
1054 4573 1078 4623 t.
1097 4583 1121 4622 rt
1139 4575 1162 4622 in
1182 4575 1216 4622 iro
1236 4573 1376 4637 disperdam
1394 4574 1416 4622 d.

311 4635 374 4683 enim
393 4635 469 4697 inquit
486 4634 550 4684 istud
569 4637 605 4686 cd.
626 4637 747 4686 Vaticanus
764 4653 834 4687 nnus.
870 4640 932 4688 onim
952 4640 1017 4690 istud
1036 4643 1128 4706 reliqui.

345 4768 403 4831 Cup.
421 4768 496 4817 lllllll.
532 4784 552 4817 o.
572 4784 625 4818 curn
645 4768 757 4833 maxime]
787 4771 814 4821 ld
832 4779 870 4821 est
921 4771 1030 4823 adnotari
1058 4775 1089 4824 ad
1112 4775 1146 4824 lle
1172 4773 1248 4825 leion.
1274 4775 1372 4827 Adsere.
1399 4773 1468 4834 ΡΨ

310 4837 421 4898 maxims,
445 4836 480 4885 rel
498 4850 569 4900 qoam
594 4839 703 4887 monimo.
745 4840 781 4888 Cl.
807 4853 869 4903 quse
922 4839 1010 4903 capt.
