3242 5775
232 580 235 594 ¹
317 566 378 639 112
520 580 670 632 ‘aunem
693 580 825 623 ssarrnu
847 579 1013 622 rnonmrrs
1036 577 1235 622 astruentem

314 695 490 811 religionem
512 729 560 792 dei
583 728 786 792 ¹'celebrando
810 747 864 791 sna
885 729 961 802 iam,
984 746 1045 791 non
1071 726 1118 789 dei
1139 725 1298 788 ¹'lecerunt

316 832 413 895 nalem
435 831 545 893 idcirco
562 839 599 914 ¹et
618 830 792 892 rationalem
814 830 1029 892 demonstrarit
1048 827 1265 891 recusationem
1290 845 1304 888 e

315 931 545 1000 administranda
565 930 811 1011 praescripserat.

164 1085 306 1145 capum.
402 1065 526 1128 sivero
559 1064 665 1127 ¹etiam
694 1064 770 1127 circa
798 1083 943 1144 personas
971 1063 1081 1124 ²levem
1109 1062 1199 1124 vultis
1227 1062 1304 1125 ’inte

314 1166 457 1247 repmbat
478 1165 633 1245 aliqnando
655 1166 816 1244 probatos,
840 1174 889 1227 ant
911 1165 1125 1244 improvidum,
1147 1183 1214 1225 cum
1234 1164 1304 1243 prol

315 1287 373 1348 qne
395 1265 616 1348 reprobandos,
638 1266 723 1346 qnasi
745 1266 853 1327 iudicia
876 1285 930 1327 sua
952 1273 1003 1327 aut
1024 1264 1144 1326 damnet
1165 1265 1304 1343 praeterit

315 1376 363 1429 ret
389 1369 504 1440 lutura,
536 1367 638 1446 atquin
668 1366 742 1427 nibil
772 1374 830 1428 tam
858 1365 940 1426 bono
971 1374 1001 1428 et
1029 1365 1119 1428 iudici
1140 1365 1290 1427 convenit

202 1447 302 1543 ἆῗὶῖἱῑ,
316 1467 525 1549 praesentibus
546 1467 661 1529 meritis
688 1476 718 1528 et
744 1468 857 1528 reicere
886 1476 916 1529 et
936 1465 1099 1545 ⁴adlegere.
1149 1466 1301 1545 Adlegitur

205 1582 302 1636 tter-xa
316 1568 450 1631 nondum
471 1568 631 1648 despector
651 1568 832 1648 ⁸prophetae
847 1566 1003 1629 Samuelis.
1037 1567 1169 1629 Reicitur
1183 1567 1302 1628 Salomo

317 1689 333 1732 a
354 1668 528 1732 mulieribus
549 1668 654 1730 alienis
676 1687 841 1748 possessus
864 1677 894 1729 et
914 1668 1002 1730 idolis
1017 1667 1211 1729 Moabitarum
1234 1676 1264 1730 et
1281 1667 1304 1725 ‘t

318 1772 511 1850 mancipatus.
555 1768 634 1842 Quid
655 1770 766 1831 iaceret
787 1776 918 1842 creator,
947 1788 985 1830 ne
1013 1787 1028 1829 a
1051 1767 1233 1830 Marcionitis
1255 1787 1304 1847 rep

319 1870 390 1934 tur?
425 1872 506 1932 Bene
528 1870 624 1932 adbuc
644 1877 765 1948 agentes
787 1870 1013 1949 praedamnaret
1028 1869 1084 1930 iam
1099 1877 1224 1949 propter
1246 1872 1304 1930 luto

318 1973 379 2035 Sed
399 1972 447 2034 dei
469 1970 540 2033 boni
568 1989 630 2031 non
658 1978 722 2033 erat
749 1970 883 2031 nondum
911 1978 1061 2031 merentes
1090 1971 1304 2049 praedamnare

318 2083 475 2156 peccantes
497 2091 576 2135 nunc
596 2090 656 2134 non
679 2079 831 2132 recusaret
851 2078 977 2152 propter
997 2071 1123 2151 pristina
1138 2069 1304 2132 benefaciat

316 2173 424 2238 iudicis
445 2192 506 2235 non
529 2180 591 2234 erat
612 2171 751 2234 rescissis
784 2170 841 2231 iam
870 2172 958 2233 bonis
980 2171 1116 2251 pristinis
1138 2171 1249 2234 scelera
1271 2172 1304 2232 do

318 2276 385 2356 quis
407 2275 562 2338 bominum
584 2272 650 2334 sine
672 2271 795 2345 delicto,
822 2281 855 2332 ut
883 2291 949 2334 eum
972 2273 1047 2333 dens
1070 2291 1190 2351 semper
1210 2272 1304 2352 ⁷adleg

318 2395 468 2457 nunquam
489 2382 596 2455 posset
617 2371 780 2435 recusare?
822 2372 875 2434 Vel
897 2373 962 2453 quis
984 2373 1055 2434 item
1078 2374 1143 2435 sine
1165 2372 1262 2453 aliquo
1285 2373 1304 2433 b

318 2486 350 2538 nt
371 2495 438 2538 enm
461 2477 534 2537 dens
564 2492 683 2554 semper
709 2482 862 2536 recusaret
888 2492 976 2554 quem
1004 2492 1154 2553 nunquam
1182 2482 1290 2553 posset

318 2575 431 2638 Exhibe
453 2574 564 2635 bonnm
588 2591 721 2651 semper,
745 2583 774 2635 et
795 2593 857 2635 non
878 2574 1079 2648 recusabitur3
1105 2574 1210 2636 exhibe
1232 2574 1304 2635 malo

223 2696 227 2702 ·
318 2685 349 2737 et
370 2692 521 2754 nunqnam
553 2672 731 2752 'adlegetnn
787 2675 924 2737 Cetemm
953 2674 979 2735 si
1007 2674 1083 2736 idem
1112 2676 1219 2749 bomo,
1252 2683 1286 2736 ut

317 2794 374 2857 pro
395 2774 596 2855 temporibus,
626 2774 656 2835 in
679 2782 805 2853 utroque
829 2775 1038 2855 dispungetur·
1060 2795 1076 2836 a
1098 2776 1155 2838 deo
1179 2786 1208 2838 et
1230 2776 1304 2837 bono

319 2876 452 2957 quinon
479 2874 598 2937 levitate
624 2882 676 2937 ant
701 2874 928 2955 improvidentia
958 2876 1118 2940 sententias
1144 2877 1249 2951 vertit,
1282 2897 1304 2939 st

318 2976 490 3056 gravissima
513 2984 543 3038 et
563 2975 823 3056 providentissima
843 2977 947 3039 merita
969 2979 1112 3058 temporis
1134 2978 1278 3057 cuiusque
1300 3000 1304 3035 t

175 3139 308 3197 cmm,
403 3111 452 3174 ste
472 3119 503 3172 et
518 3109 729 3191 paenitentiam
745 3111 838 3190 ¹apud
860 3111 942 3174 illum
963 3131 1054 3192 prave
1076 3110 1295 3193 interpretaris,

318 3212 387 3274 inde
407 3211 571 3275 mobilitate
592 3212 638 3272 vel
660 3211 903 3292 improvidentia,
925 3211 1016 3273 immo
1038 3212 1095 3274 iam
1118 3231 1153 3273 ex
1174 3213 1303 3275 delictir

166 3313 482 3396 isemxnnpaeniteat,
505 3313 644 3394 quoniam
667 3312 785 3392 quidem
805 3312 945 3386 ’dixerit,
967 3312 1116 3374 Paenituit
1136 3313 1215 3393 quod
1237 3332 1304 3393 rege

321 3501 361 3552 ts.
380 3500 536 3551 celebrabant
553 3501 609 3561 deo,
627 3514 670 3550 ena
687 3500 749 3550 auc.
804 3498 844 3548 ta.
862 3499 953 3547 lecerat
970 3499 1014 3548 tn.

387 3584 446 3646 Cap.
464 3583 545 3633 xxttt.
589 3584 611 3633 l.
630 3592 653 3634 et
670 3584 714 3635 tn.
772 3581 796 3632 2.
816 3582 893 3644 legem
911 3581 973 3631 ABG.
1034 3581 1058 3631 3.
1077 3582 1216 3645 intellegere
1234 3583 1278 3633 AB.

318 3649 420 3711 Eligitur
439 3650 493 3698 Gal.
528 3650 656 3713 adeligere.
684 3651 779 3711 eligitur
796 3649 841 3700 AB.
875 3648 996 3711 adlegere.
1020 3649 1144 3712 Adlegitur
1162 3653 1198 3701 ed.
1220 3651 1304 3701 Vaticer

317 3716 460 3780 prophetiae
477 3716 503 3766 B.
561 3716 584 3764 6.
603 3718 760 3766 sodomomna
777 3717 821 3767 AB.
882 3716 906 3766 l.
933 3716 1056 3779 adlegeret
1080 3720 1115 3768 cd.
1138 3720 1259 3768 Vaticanus
1282 3734 1304 3768 ar

317 3785 410 3848 reliqui.
462 3781 486 3832 8.
505 3781 617 3843 adlegare
635 3786 671 3832 ad.
693 3785 814 3834 Vaticanus
831 3799 901 3833 onor.
937 3785 1027 3846 eligere
1043 3786 1137 3850 reliqui.
1188 3785 1212 3835 9.
1231 3785 1303 3848 adleg

284 3856 303 3883 ⁸
319 3867 391 3901 cause
408 3865 477 3899 seu.
512 3848 615 3910 eligetur
633 3852 728 3915 reliqui.

386 3933 445 3997 Cep.
462 3932 539 3982 lxlv.
587 3933 609 3982 1.
636 3936 699 3998 apud
718 3935 786 3985 illum
804 3949 877 3998 prere
901 3937 968 3986 abed.
990 3937 1110 3987 Vaticanus
1135 3938 1201 3987 alter.
1243 3936 1304 4001 epnd

318 3999 383 4064 epnd
401 4000 472 4049 deum
491 4012 563 4063 prere
582 4001 677 4051 Serrler.
729 4002 753 4050 2.
772 4003 830 4052 dixit
846 4005 872 4053 t.
925 4002 949 4053 3.
968 4004 1052 4053 iecerit
1068 4004 1130 4054 ABG.

316 4167 370 4216 ttan
388 4166 456 4217 rideo
483 4183 526 4216 cnr
551 4168 721 4232 supplemento
740 4169 880 4219 Pameliano
931 4170 1089 4235 temporibus,
1103 4170 1239 4234 inntroqne
1253 4171 1304 4236 disp

317 4233 350 4283 sit
371 4246 434 4297 opus
457 4242 554 4298 praeter
579 4238 684 4286 omnium
711 4251 769 4285 mss.
797 4239 880 4286 tidem.
930 4253 986 4287 rero
1004 4240 1024 4287 si
1043 4238 1105 4287 idem
1129 4238 1202 4287 bomo
1226 4240 1304 4299 inerit,

317 4299 377 4349 rtem
396 4302 518 4351 satisfuit
540 4305 632 4352 auctori
660 4305 804 4367 principium
832 4304 878 4353 loci
931 4321 986 4369 qne,
1009 4305 1120 4354 videlicet
1137 4305 1202 4354 bono
1221 4315 1245 4355 et
1263 4321 1301 4356 ma

316 4366 383 4417 illins
410 4369 568 4430 destringere,
596 4370 659 4418 velut
689 4371 877 4420 decantatissimi
929 4374 999 4423 detur
1016 4388 1029 4421 a
1047 4372 1155 4429 domino,
1174 4374 1205 4422 ita
1224 4389 1269 4437 pro
1287 4382 1304 4424 tt

316 4441 389 4497 etque
406 4437 430 4485 in
448 4437 517 4498 mlgo
536 4438 607 4485 etiem
627 4437 755 4486 notissimi.
774 4438 822 4497 (Fr.
838 4438 879 4486 ln·
929 4449 967 4490 est
990 4447 1061 4504 pront
1085 4447 1156 4489 erunt
1178 4448 1299 4504 tempora,

318 4501 392 4561 nius.)
417 4504 496 4552 Recte.
520 4503 725 4553 transitivisnnt
735 4518 762 4552 er
773 4507 879 4554 Graecae
929 4508 995 4557 bono
1019 4509 1116 4570 inquam
1140 4515 1165 4556 et
1188 4508 1263 4569 malo,
1297 4525 1304 4559 t

317 4567 413 4630 linguae
436 4585 480 4619 neu
505 4571 621 4620 adstructi
650 4570 679 4619 ad
709 4586 878 4634 praegressum
930 4575 986 4634 deo,
1004 4576 1028 4624 id
1046 4582 1084 4623 eat
1101 4576 1191 4624 riarum
1209 4575 1304 4625 rationu

315 4637 480 4714 Plenttrxsum.
517 4638 570 4715 'Sic
599 4636 660 4686 Plat.
684 4638 747 4714 dier.
780 4654 832 4703 cap.
849 4637 879 4687 13
930 4642 1304 4705 irnetnmreportabittlir.luni

315 4715 439 4770 „perorna
457 4697 496 4752 atr
513 4699 564 4765 adr
583 4698 633 4753 τὸν
649 4703 776 4771 θυμον.“
931 4711 1068 4774 dispargere
1081 4710 1110 4760 ci.
1122 4724 1184 4774 qnae
1196 4711 1304 4763 eductu

351 4770 410 4835 cap.
432 4772 516 4824 tttlt.
558 4788 581 4823 e.
603 4781 630 4822 nt
653 4774 678 4823 in
703 4782 806 4839 ntroqrc
835 4788 879 4839 pro
931 4777 1037 4842 capili.
