3242 5775
516 672 663 716 nemesus
685 673 859 717 nanctouuu
881 676 939 719 uro.
956 667 975 720 i.
1301 671 1340 734 79

138 841 207 902 ergo
228 822 283 903 qni
307 840 377 883 non
402 820 570 884 offenditur
591 822 669 883 iacto
691 822 773 903 quod
795 841 856 884 non
878 830 956 885 amat
976 826 1057 902 beri,
1084 831 1200 908 quando
1223 833 1348 897 offenso-

139 941 239 984 cnnes
262 924 307 984 sit
330 924 501 985 [menelae
522 922 694 984 voluntatis.
736 923 795 985 tm
817 924 843 984 si
866 926 1042 999 offenditur,
1070 927 1158 991 debet
1180 930 1287 1008 irasci3
1310 936 1337 996 si

140 1023 295 1094 harim,
319 1023 418 1085 debet
433 1021 547 1085 ulcisci.
580 1023 655 1084 Nam
677 1030 708 1085 et
728 1023 802 1084 ultio
825 1025 939 1086 tructus
962 1035 1010 1087 est
1030 1027 1107 1100 irae,
1132 1038 1161 1090 et
1182 1030 1227 1092 ira
1248 1033 1334 1094 debi-

142 1133 202 1186 tnn
223 1126 389 1196 offensae,
412 1131 445 1185 et
466 1125 597 1197 oflensa,
620 1131 654 1185 ut
676 1122 753 1196 dixi,
776 1142 879 1185 comes
900 1127 1057 1188 frustratae
1071 1128 1241 1192 voluntatis.
1275 1132 1334 1195 Sed

104 1261 110 1274 ·
143 1242 202 1286 ιιιι
222 1225 407 1299 ulciscitur3
431 1242 503 1303 ergo
527 1242 584 1285 nec
604 1224 775 1286 offenditur.
819 1225 878 1286 Sed
900 1243 961 1288 non
984 1228 1159 1301 offenditur,
1185 1249 1255 1309 ergo
1278 1248 1335 1295 nec

144 1324 272 1386 hditm
294 1325 441 1386 voluntas
462 1326 544 1397 eius,
568 1343 634 1385 cum
656 1309 689 1384 oi
710 1324 790 1403 quod
812 1324 875 1385 fieti
897 1326 1006 1399 noluit,
1031 1337 1061 1389 et
1074 1329 1106 1388 fit
1121 1330 1179 1390 iam
1194 1330 1332 1394 delictum

146 1426 315 1487 nandum
337 1424 522 1486 voluntatem
544 1426 627 1496 eius,
660 1425 811 1503 quianon
833 1425 866 1486 lit
887 1427 1029 1488 adversus
1051 1428 1230 1490 voluntatem
1252 1432 1331 1510 quod

105 1541 106 1576 t
147 1544 207 1588 m
226 1526 325 1588 laedit
347 1526 539 1588 volunlatem.
596 1528 653 1587 Aut
674 1526 700 1586 si
723 1525 782 1586 hoc
804 1526 861 1585 erit
881 1526 995 1587 divinae
1018 1525 1133 1588 virtutis
1157 1529 1220 1590 sive
1242 1530 1331 1591 boni-

150 1628 233 1699 tuis,
262 1627 349 1687 nolle
374 1626 491 1705 quidem
514 1625 579 1688 fieri
601 1636 630 1698 et
651 1626 812 1705 probibere
834 1627 913 1699 fieri,
944 1644 1005 1687 non
1027 1628 1137 1688 moveri
1160 1637 1276 1702 tamen,
1305 1631 1331 1691 si

152 1725 215 1799 ht,
236 1726 374 1788 dicimus
397 1726 456 1787 iam
477 1735 590 1788 motum
613 1745 680 1787 esse
695 1726 777 1787 illum
792 1727 843 1804 qui
858 1726 966 1799 noluit,
991 1734 1021 1787 et
1040 1746 1113 1808 vane
1136 1746 1196 1788 non
1219 1730 1331 1790 moveri

155 1827 188 1888 ιΙ
207 1827 323 1888 ladrrm
347 1826 400 1905 qui
422 1835 523 1887 motus
552 1828 592 1888 sit
618 1827 653 1887 ad
682 1845 743 1888 non
770 1826 951 1899 laciendum,
989 1826 1106 1905 quando
1134 1827 1230 1889 uoluit
1256 1828 1331 1890 lieri.

155 1925 289 1988 &bodo
319 1927 402 1988 euim
432 1926 593 2005 probibuit
642 1927 708 1987 Non
737 1926 815 1987 enirn
843 1935 873 1987 et
898 1927 1037 1988 iudicavit
1064 1927 1195 1988 nolendo
1217 1929 1281 1989 fieri
1302 1938 1333 1990 et

157 2027 262 2088 flra'rco
279 2025 498 2107 probibendo?
530 2026 596 2087 Non
618 2028 783 2089 laciendum
805 2027 884 2088 enim
907 2027 1045 2087 iudicavit
1066 2035 1104 2087 et
1115 2028 1332 2105 prohibendum

160 2129 369 2207 pronuntiarit.
402 2128 482 2205 Ergo
505 2135 535 2188 et
556 2127 808 2189 illeiamiudicat.
844 2127 876 2188 Si
900 2127 1052 2205 indiguum
1075 2135 1122 2188 est
1143 2126 1230 2187 deum
1252 2126 1332 2187 iudi·
1399 2151 1407 2162 ·

162 2247 236 2295 care,
269 2238 322 2290 aot
350 2228 378 2289 si
407 2236 532 2288 mtenus
560 2227 679 2306 dignum
708 2237 766 2294 est,
782 2227 869 2289 deum
898 2228 1028 2289 iudicare
1050 2247 1107 2306 qua
1129 2226 1333 2287 tantummodo
1433 2231 1440 2242 '

164 2328 230 2389 notit
256 2342 287 2389 et
315 2328 491 2407 probibeat,
522 2346 585 2387 non
612 2327 717 2389 'etiam
740 2328 879 2389 defendat
906 2329 1079 2389 admissum.
1123 2327 1233 2405 Atquin
1261 2326 1334 2387 nibil

168 2430 216 2490 iso
235 2440 296 2489 nm
317 2428 476 2505 indignum
498 2446 585 2506 quam
616 2447 677 2488 non
708 2430 812 2507 exequi
839 2430 919 2508 quod
940 2428 1035 2489 noluit
1057 2436 1087 2489 et
1106 2425 1259 2507 prohibuit
1279 2425 1333 2486 ad-

170 2529 251 2590 dtu:
272 2530 389 2609 primo,
414 2528 494 2606 quod
517 2528 710 2607 qualicunque
733 2529 897 2590 sententiae
919 2548 991 2589 suae
1013 2536 1043 2590 et
1063 2527 1119 2607 legi
1142 2527 1247 2590 debeat
1267 2526 1333 2587 vin·

172 2628 268 2690 imm
298 2630 330 2690 iu
364 2627 573 2690 auctoritatem
604 2637 631 2690 et
660 2629 798 2708 obsequii
826 2628 1050 2702 necessitatem,
1087 2628 1236 2701 secundo,
1268 2627 1336 2705 quia

173 2728 306 2787 nobum
328 2727 369 2788 sit
390 2747 517 2790 necesse
545 2738 591 2790 est
617 2730 697 2807 quod
721 2729 816 2791 uoluit
837 2729 949 2790 admitti
971 2736 1001 2789 et
1022 2728 1149 2789 nolendo
1172 2728 1334 2807 prohibuit.

174 2824 239 2893 laio
259 2838 356 2891 autem
378 2847 500 2908 parcere
523 2829 609 2891 deum
632 2829 780 2909 indignius
797 2830 837 2892 sit
852 2848 937 2909 quam
950 2830 1199 2901 animadvertere,
1222 2836 1252 2889 et
1266 2827 1333 2907 qui-

177 2926 234 2988 dem
253 2930 307 2988 deo
330 2931 461 3008 optimo,
486 2930 536 3008 qui
559 2949 619 2990 non
641 2931 713 2991 alias
735 2932 821 3009 plene
842 2930 939 2991 bonus
956 2932 1008 3003 sit,
1032 2931 1091 2991 nisi
1106 2930 1174 2991 mali
1190 2930 1334 3001 aemulus,

179 3030 212 3088 uti
231 3029 299 3090 boui
320 3049 452 3091 amorem
477 3031 546 3090 odio
571 3031 637 3092 mali
660 3040 794 3092 exerceat
816 3031 863 3091 ³et
884 3031 953 3091 boni
976 3032 1094 3094 tutelam
1120 3030 1336 3112 expugnatione

182 3129 238 3188 nali
258 3131 384 3209 impleat.
1157 3116 1159 3121 ⁵
1377 3198 1389 3219 ο

253 3231 308 3291 Sed
331 3232 439 3292 iudicat
461 3231 550 3310 plane
566 3231 673 3291 malum
688 3230 817 3293 nolendo
835 3241 864 3293 et
878 3233 996 3293 damnat
1011 3231 1213 3312 probibendo,
1236 3231 1336 3292 dimit·
1347 3240 1489 3301 neptunu.

107 3406 108 3411 η
184 3329 318 3391 dautem
342 3351 401 3393 nou
424 3332 602 3393 vindicando
625 3339 654 3392 et
675 3332 800 3394 absolvit
822 3353 881 3394 non
904 3331 1067 3412 puniendo.
1104 3330 1234 3390 Odeum
1257 3332 1336 3390 veri-

186 3430 239 3489 tatis
269 3431 549 3508 praevaricatorem!
589 3434 752 3493 sententiae
783 3451 855 3493 suae
886 3427 1191 3504 circumscriptorem!
1242 3428 1341 3488 Timet

107 3583 116 3618 Γ
186 3528 306 3591 &muare
328 3533 407 3610 quod
430 3533 566 3606 damnat,
597 3532 680 3593 timet
702 3534 801 3593 odisse
825 3531 904 3610 quod
934 3548 993 3590 non
1016 3535 1108 3599 amat,
1140 3528 1246 3586 lactum
1270 3526 1342 3587 sinit

189 3630 252 3703 qood
271 3632 333 3691 lieri
357 3651 417 3692 non
439 3635 529 3704 sinit,
564 3633 674 3694 mavult
700 3634 857 3695 ostendere
886 3631 955 3709 quid
986 3629 1060 3690 nolit
1088 3646 1174 3707 quam
1202 3618 1339 3705 pr'obare.

107 3796 116 3809 .
190 3725 240 3789 lise
258 3734 312 3791 crit
333 3732 448 3794 bouitas
471 3733 659 3812 imaginaria,
693 3734 845 3813 disciplina
874 3733 1064 3811 phantasma,
1103 3739 1131 3791 et
1153 3730 1218 3807 ipsa
1239 3737 1339 3790 trous-

190 3829 332 3891 lundona·
352 3841 505 3912 praecepta
525 3853 631 3895 secura
647 3834 759 3895 delicta.
790 3835 911 3905 Audite,
927 3840 1116 3911 peccatores,
1139 3829 1248 3908 quique
1262 3848 1340 3889 nou-

190 3929 246 3990 lun
265 3933 319 3994 boc
341 3934 428 4008 estis,
451 3943 485 3996 ut
508 3953 577 3995 esse
599 3933 736 4013 possitis!
759 3935 833 3995 deus
851 3933 956 3994 melior
978 3933 1114 3992 inventus
1137 3938 1199 4002 est,
1222 3929 1343 4008 quince

107 4040 125 4065 '-
191 4031 330 4094 utuntur
351 4054 405 4096 uec
427 4035 566 4096 irascitur
588 4055 643 4096 nec
664 4035 832 4108 ulciscitur,
866 4034 912 4094 cui
936 4032 1032 4093 nullus
1055 4031 1131 4109 ignis
1154 4030 1291 4109 coquitur
1312 4029 1343 4089 in

121 4124 125 4131 ’
192 4130 321 4205 pmcne,
355 4137 400 4196 cui
429 4137 528 4197 nullus
557 4137 689 4197 dentium
717 4136 838 4196 frendor
859 4136 962 4194 horret
984 4132 1014 4193 in
1037 4130 1234 4192 exterioribus
1257 4137 1343 4190 tene·

195 4228 257 4290 bris:
277 4234 370 4295 bonus
393 4246 507 4298 tantum
531 4244 587 4297 est.
630 4236 763 4315 Denique
786 4236 927 4316 probibet
947 4232 1132 4310 delinquere,
1167 4230 1219 4290 sed
1241 4229 1345 4289 litteris

110 4372 131 4401 ι
196 4331 263 4393 telis.
292 4335 326 4396 ln
347 4336 430 4397 robis
454 4345 517 4409 est,
542 4336 569 4397 si
592 4335 688 4397 velitis
709 4336 750 4397 illi
773 4337 950 4416 obsequium
966 4331 1171 4411 subsignarei,
1193 4337 1226 4391 ut
1246 4329 1345 4388 bono-

115 4442 132 4537 :
198 4478 282 4534 buin
299 4489 333 4538 bc.
383 4488 408 4538 3.
425 4496 451 4538 et
468 4490 537 4539 obed.
575 4489 678 4538 ortuo.

109 4575 135 4602 *
224 4583 363 4647 neuun
388 4605 409 4637 a.
429 4584 633 4651 transfunctoria]
653 4589 738 4638 Trous·
789 4587 849 4636 lude
870 4587 1027 4652 perfunctorie
1051 4583 1187 4632 adverbium
1215 4583 1238 4629 in
1264 4579 1348 4655 crebro

111 4660 126 4705 Τ
203 4651 372 4704 munus
388 4659 558 4720 perfunctorio.
594 4656 635 4704 Est
658 4666 738 4704 autem
790 4670 835 4704 usu
854 4657 917 4717 apud
936 4655 1000 4702 illos.
1019 4652 1116 4711 (llben.)
1159 4649 1213 4696 tdv.
1233 4646 1349 4693 Valentio.

113 4708 140 4738 ··’
205 4711 247 4764 [Β
262 4723 442 4782 perlumtorium
462 4725 529 4788 qnod
542 4724 586 4771 leri
598 4738 653 4771 cora
673 4724 698 4772 m
716 4731 741 4773 et
791 4722 871 4786 capb
890 4737 955 4781 „oon
975 4721 1020 4769 erit
1037 4717 1183 4769 delibatione
1195 4715 1351 4774 transpuncto-

108 4774 142 4849 ’.ζ
209 4782 741 4848 deligendo.conridettcetnoncoranus
791 4788 1016 4864 rioexpngoatio.“
1091 4854 1095 4862 Ι
1277 4843 1281 4851 ⁴

118 4838 145 4875 ι’
211 4852 313 4916 ltbqnd
330 4858 386 4908 bene
402 4861 453 4921 ttat,
471 4858 518 4910 sed
539 4865 630 4908 tantum
649 4866 674 4908 ut
692 4859 741 4908 ssat
827 4857 851 4905 b.
868 4851 1012 4920 obsequium
1030 4845 1185 4914 subsignare]
1213 4846 1353 4904 strenuum
