3242 5775
253 660 315 724 692
509 665 610 723 auram
633 666 764 712 suumn
785 651 950 710 rtoeaur'rs
973 662 1169 707 ruurutuuru

254 822 418 889 substantia
440 820 525 881 lesus
549 837 582 880 ex
605 817 737 890 duabus,
768 835 805 878 ex
827 833 916 877 earne
938 824 967 877 et
994 813 1116 894 spiritu,
1154 812 1174 843 ¹⁴
1183 812 1311 874 mixtura
1335 817 1433 891 quaess
1446 793 1453 808 ¹

178 965 181 973 ι
255 925 338 997 dam,
361 933 394 984 ut
415 921 556 983 electrum
579 938 615 981 ex
636 936 709 981 auro
732 924 762 977 et
782 921 934 995 argentm,
964 923 994 977 et
1020 914 1123 993 incipit
1144 932 1201 975 nee
1221 932 1328 974 aurum
1352 933 1434 983 esse,

254 1025 284 1088 id
307 1034 353 1086 est
373 1022 512 1102 spiritus,
535 1038 631 1099 nequa
653 1026 825 1097 argentum,
856 1016 886 1078 id
909 1024 957 1077 est
978 1034 1064 1088 οπο,
1098 1016 1166 1077 dum
1189 1013 1314 1075 alterum
1338 1014 1434 1075 altero

237 1109 402 1196 mutatur,
435 1131 465 1183 et
493 1121 612 1182 tertium
640 1119 710 1197 quid
738 1118 873 1180 efficitur.
922 1116 1025 1196 Neque
1055 1134 1127 1195 ergo
1150 1115 1223 1194 deus
1248 1115 1306 1176 erit
1327 1115 1434 1188 lesus3

257 1242 356 1299 sermo
379 1223 456 1284 enim
480 1220 569 1283 desiit
590 1238 671 1293 esse,
700 1219 750 1297 qui
772 1237 841 1281 earo
862 1219 958 1279 laetus
982 1226 1043 1278 est:
1078 1217 1202 1295 ¹‘neque
1231 1216 1324 1275 homo
1347 1234 1436 1289 oaro;

257 1341 326 1386 caro
349 1323 427 1385 onim
449 1340 510 1383 nou
532 1321 655 1400 proprie
677 1329 739 1391 est,
764 1318 859 1398 ¹⁶quia
883 1336 983 1379 sermo
1006 1318 1070 1378 luit.
1102 1317 1147 1377 lta
1162 1336 1198 1377 ex
1213 1324 1341 1394 utroque
1358 1335 1435 1376 ueu-

197 1461 204 1474 ·
258 1433 338 1486 trum
359 1433 422 1492 esta
455 1421 534 1483 aliud
555 1421 643 1500 louge
665 1419 784 1481 tertium
807 1428 855 1480 est
876 1438 962 1498 quam
986 1428 1155 1496 utrumque.
1199 1417 1256 1478 Sed
1280 1417 1361 1477 enim
1385 1417 1434 1477 iu·

257 1524 392 1585 venimus
414 1521 496 1582 illum
519 1520 633 1583 directo
656 1527 686 1582 et
713 1520 800 1581 deum
830 1528 861 1581 et
886 1519 1038 1580 homiuem
1067 1519 1249 1597 expositum,
1282 1518 1349 1597 ipso
1379 1517 1438 1577 hoe

105 1615 372 1715 ffllqffiqpsalmo
395 1630 589 1700 suggerente,
618 1621 765 1694 Quoniam
788 1620 862 1681 deus
885 1620 975 1680 homo
998 1628 1086 1681 uatus
1109 1620 1207 1680 estin
1230 1618 1294 1690 illa,
1324 1617 1437 1678 ¹⁷aedi-

153 1749 161 1771 =
258 1724 355 1786 iloavit
377 1741 442 1784 eam
463 1721 613 1783 voluntate
635 1721 747 1801 patris3
769 1728 850 1781 certe
873 1738 1084 1799 usquequaque
1107 1720 1198 1780 lilium
1221 1720 1267 1779 dei
1291 1718 1437 1779 etlilium

104 1826 106 1833 ’
260 1823 408 1895 hominis,
437 1841 503 1884 oum
527 1821 614 1882 deum
638 1831 667 1883 et
687 1821 856 1894 homiuem,
887 1820 953 1882 siue
975 1820 1065 1882 dubio
1089 1819 1250 1882 secuudum
1281 1830 1441 1898 utramque

195 1989 205 2006 „
261 1923 457 1986 substantiam
479 1922 509 1982 io
531 1940 585 1983 sua
607 1921 791 2002 proprietate
813 1920 988 1994 distantem,
1021 1921 1088 2001 qula
1117 1940 1212 1999 nequa
1235 1938 1334 1981 sermo
1360 1918 1439 1980 aliud

262 2038 350 2103 qoam
377 2013 468 2096 deus,
500 2039 597 2101 neque
624 2040 694 2083 οπο
723 2022 801 2083 aliud
830 2040 918 2101 quam
946 2023 1048 2086 homo.
1099 2021 1148 2082 Sic
1170 2030 1198 2081 et
1221 2019 1379 2100 apostolus
1403 2020 1440 2080 de

136 2128 250 2181 uomet
265 2130 389 2202 utraque
412 2121 476 2184 eius
500 2122 664 2184 substantia
686 2120 783 2182 dooet.
837 2122 895 2195 Qui
916 2124 1010 2183 lactus
1033 2131 1095 2195 est,
1126 2122 1235 2200 inquit,
1265 2140 1301 2182 ex
1324 2122 1441 2182 semine

129 2297 136 2308 Ι
161 2229 247 2274 Μ*
261 2222 366 2285 David.
403 2222 459 2284 Hie
479 2222 535 2284 erit
556 2223 648 2284 homo
671 2230 701 2283 et
721 2222 799 2283 filius
822 2222 970 2294 hominis,
993 2222 1042 2302 qui
1066 2222 1203 2283 definitus
1225 2231 1272 2283 est
1293 2222 1371 2283 lilius
1394 2221 1441 2282 dei

264 2322 427 2385 seeundum
449 2322 616 2402 spiritum:
640 2323 696 2385 Hic
717 2323 775 2385 erit
796 2323 870 2385 deus
893 2333 923 2385 et
945 2341 1061 2406 sermo,
1093 2324 1140 2383 dai
1163 2323 1251 2402 lilius.
1298 2323 1442 2383 Videmus

204 2420 227 2486 'i
264 2423 411 2504 duplicem
433 2432 559 2495 statum,
582 2442 642 2485 nou
665 2426 839 2495 contusum,
862 2422 916 2484 sed
932 2424 1139 2496 coniunctum,
1163 2423 1193 2484 iu
1217 2443 1274 2485 uua
1296 2442 1440 2502 persona,

218 2513 226 2586 l
264 2523 353 2586 deum
374 2532 405 2586 et
424 2524 577 2585 hominem
599 2523 708 2586 lesum.
743 2524 812 2585 ¹⁸De
835 2523 955 2586 Christo
977 2533 1076 2585 autem
1100 2523 1265 2585 ”uiueret
1301 2524 1341 2584 Et
1363 2523 1439 2585 adeo

266 2623 345 2685 salva
367 2632 414 2684 est
436 2623 591 2702 utriusque
612 2626 780 2705 proprietas
804 2624 1003 2696 substantiae,
1037 2634 1070 2685 ut
1097 2635 1127 2685 et
1149 2626 1272 2702 spiritus
1295 2642 1345 2685 res
1371 2642 1444 2685 suas

267 2722 361 2802 egerit
381 2722 411 2783 iu
433 2722 501 2797 illo,
524 2724 554 2785 id
575 2733 623 2787 est
643 2726 768 2787 virtutes
790 2734 827 2787 et
843 2743 933 2805 opera
956 2735 985 2785 et
1006 2724 1105 2803 signa,
1136 2735 1165 2786 et
1187 2743 1255 2785 earo
1278 2724 1442 2803 passiones

268 2839 338 2886 suas
361 2824 459 2884 functa
481 2824 537 2899 sit,
560 2826 696 2888 esuriens
719 2826 775 2888 sub
798 2825 932 2900 diabolo,
954 2826 1059 2888 sitiens
1076 2825 1132 2887 sub
1149 2822 1341 2897 Samaritidi,
1365 2825 1444 2886 fleus

267 2922 437 2996 Lazarum,
460 2925 545 2986 auxia
566 2945 661 3007 usque
683 2926 719 2987 ad
742 2935 886 3001 mortem,
908 2927 1035 3006 denique
1057 2935 1085 2988 et
1101 2936 1216 2987 mortua
1233 2934 1288 2988 est.
1326 2925 1447 2998 Quodsi

269 3024 387 3084 tertium
410 3024 481 3104 quid
503 3035 602 3099 esset,
636 3046 672 3088 ex
693 3035 821 3107 utroque
842 3029 1014 3101 ooulusum,
1048 3037 1081 3088 ut
1109 3027 1264 3098 electrum,
1297 3045 1360 3087 nou
1385 3038 1445 3089 tam

270 3123 408 3185 distinata
429 3125 606 3187 documenta
626 3135 765 3206 parerent
786 3128 939 3207 utriusque
955 3128 1148 3189 substantiae.
1184 3127 1243 3188 Sed
1265 3136 1296 3188 et
1318 3129 1448 3207 spiritus

161 3225 168 3235 '
269 3224 395 3287 earnalia
418 3235 448 3286 et
468 3244 537 3286 caro
559 3226 733 3306 ”spiritalia
755 3230 864 3308 egisset
886 3248 920 3290 ex
937 3228 1145 3297 translatione,
1168 3228 1246 3290 ²'aut
1261 3247 1359 3308 neque
1375 3247 1444 3290 ear-

269 3324 346 3417 ualia
368 3344 464 3405 nequa
486 3325 644 3405 spiritalia,
673 3327 726 3390 sed
748 3330 853 3391 tertiae
874 3329 998 3391 alieuius
1027 3331 1139 3390 formae
1160 3329 1226 3390 ”ex
1249 3329 1449 3404 confusione,

271 3425 362 3488 immo
391 3435 442 3489 aut
469 3445 569 3488 sermo
598 3437 735 3491 mortuus
768 3439 852 3491 esset
879 3439 929 3491 aut
954 3448 1024 3491 earo
1054 3439 1170 3491 mortua
1198 3448 1257 3489 riou
1289 3440 1389 3503 esset,
1422 3423 1448 3491 si

270 3544 370 3588 sermo
392 3545 556 3589 conversus
579 3537 663 3591 esset
682 3528 713 3590 iu
735 3548 870 3603 camem3
892 3541 944 3592 aut
957 3549 1025 3592 earo
1041 3532 1119 3592 enim
1135 3530 1310 3591 immortalis
1326 3532 1449 3603 luisset,

271 3635 321 3688 aut
335 3645 435 3689 sermo
451 3628 596 3690 mortalis.
631 3629 691 3690 Sed
713 3630 781 3709 quia
802 3629 986 3693 substantiae
1008 3631 1111 3692 ambae
1133 3631 1163 3691 in
1186 3638 1264 3691 statu
1280 3649 1338 3692 suo
1354 3650 1450 3710 quae·

272 3743 330 3803 que
350 3725 518 3815 ¹'distinete
540 3729 681 3807 agebant,
708 3731 775 3791 ideo
797 3731 856 3792 illis
879 3740 909 3793 et
930 3750 1039 3811 operae
1061 3741 1091 3792 et
1113 3732 1209 3792 exitus
1232 3731 1279 3792 sui
1303 3750 1448 3793 oecurre-

158 3836 259 3887 ianua
274 3832 354 3885 runt.
386 3825 473 3887 Disce
496 3825 585 3904 igitur
606 3846 671 3887 eum
687 3827 864 3893 Nicodemo:
888 3832 965 3905 Q‘uia
986 3833 1065 3912 quod
1087 3831 1145 3892 ²⁴iu
1168 3850 1256 3893 earne
1271 3840 1375 3894 uatum
1391 3841 1450 3907 est,

274 3940 342 3985 caro
366 3933 428 3996 est,
450 3931 481 3984 et
501 3924 580 4003 quod
603 3925 640 3986 de
663 3928 788 4007 spiritu,
810 3931 934 4011 spiritus
957 3940 1014 3992 est.
1047 3932 1148 4011 Neque
1170 3951 1239 3993 οπο
1262 3932 1390 4010 spiritus
1405 3934 1448 4005 tat,

275 4037 371 4099 oeque
393 4023 516 4101 spiritus
531 4042 610 4086 earo.
644 4027 677 4089 ln
699 4047 760 4092 uno
781 4031 869 4110 plene
891 4051 958 4094 esse
979 4041 1117 4112 possunt.
1151 4032 1192 4093 Ex
1210 4032 1256 4093 his
1271 4032 1358 4095 lesus
1374 4052 1450 4095 eou-

146 4136 264 4190 meto.
275 4119 367 4192 stitit,
390 4140 425 4183 ex
448 4141 536 4185 carue
557 4125 666 4200 homo,
699 4149 736 4190 ex
757 4131 865 4209 spiritu
886 4132 976 4206 deus,
1006 4152 1093 4212 quem
1116 4142 1187 4194 tuuc
1208 4133 1331 4211 angelus
1355 4153 1391 4196 ex
1415 4152 1448 4196 ea

276 4271 361 4349 lieet
381 4274 480 4324 mixtura
499 4279 523 4327 t.
542 4279 606 4329 leid.
656 4280 696 4329 ts.
714 4295 792 4345 nequa
811 4298 876 4344 caro,
896 4285 919 4335 id
938 4294 974 4335 est
993 4287 1080 4344 homo;
1100 4300 1155 4334 earo
1174 4287 1237 4334 enim
1257 4288 1290 4346 d,
1310 4287 1450 4337 comfolaio

276 4338 367 4389 Ursino.
393 4407 397 4416 1
428 4342 466 4391 16.
486 4347 525 4407 qui
544 4348 577 4407 d,
596 4363 648 4397 eum
666 4349 746 4398 tuoto
763 4349 854 4401 Ursino.
916 4353 954 4402 Π.
978 4363 1001 4402 οι
1020 4353 1151 4401 aedificarit
1169 4354 1212 4402 Aa.
1232 4355 1295 4403 teto.
1362 4353 1401 4404 ts.
1420 4355 1449 4401 da

275 4420 322 4468 quo
342 4407 438 4457 t‘lrrrato
455 4413 480 4460 t.
500 4413 563 4462 leid.
625 4414 663 4463 ta.
688 4416 945 4480 (immortalem,
971 4422 1149 4470 trerVotieooi.
1193 4422 1287 4469 dissero
1307 4421 1364 4472 tao.
1409 4420 1448 4470 20.

274 4473 408 4537 spiritualia
426 4478 452 4526 t.
477 4477 571 4542 Utique.
624 4479 665 4530 21.
683 4491 724 4532 aut
741 4485 774 4546 d,
794 4500 844 4534 eom
861 4487 941 4536 Fulvio
960 4487 1050 4536 Ursino.
1096 4499 1120 4536 ut
1138 4489 1225 4538 ABule.
1243 4490 1307 4537 leid.
1361 4487 1403 4538 22
1422 4502 1450 4538 ox

275 4556 319 4591 om.
338 4543 404 4591 otro.
457 4541 499 4593 2³.
517 4547 644 4619 distinctae
663 4551 713 4601 elie.
766 4549 807 4600 tt.
826 4551 855 4602 da
873 4553 988 4605 Latinior.
1465 4554 1472 4565 ’

310 4652 375 4691 eut
399 4642 514 4693 electrum
538 4661 566 4695 er
590 4663 649 4698 auro
677 4657 701 4699 et
724 4647 836 4716 argento]
922 4669 942 4702 e.
961 4656 1071 4704 esuriens
1095 4656 1139 4704 sub
1165 4656 1270 4714 diabolo,
1295 4657 1381 4706 sitiens
1405 4657 1452 4706 sul)

275 4707 313 4757 ct.
331 4709 386 4758 Adi.
406 4710 517 4787 Hermog.
537 4714 641 4777 euplii.
886 4720 1038 4780 Samaritide,
1056 4725 1116 4771 flens
1136 4720 1262 4788 Lazarum]
1281 4724 1380 4774 Eisdem
1400 4725 1455 4774 lere

310 4776 333 4824 d.
353 4775 386 4825 lie
400 4778 496 4827 Christo
514 4790 592 4829 autem
611 4779 718 4848 differo]
737 4784 770 4834 oe
788 4787 835 4836 hoe
886 4789 964 4839 verbis
982 4793 1055 4840 utitur
1075 4791 1106 4839 De
1126 4793 1203 4840 Carne
1223 4792 1278 4840 Chr.
1298 4792 1386 4856 capt).

274 4842 339 4891 anim
358 4859 410 4908 cap.
428 4859 498 4910 sequ.
