3242 5775
265 593 329 668 324
520 617 621 671 cornrr
645 617 776 662 serrum
798 613 963 672 rconcnrrs
985 583 1180 659 concoctum

263 769 376 849 gloriae
396 768 446 830 ille
467 777 514 830 est
536 769 619 831 cuius
640 767 776 830 Christus
798 784 851 827 rex
873 764 983 845 gloriae
1006 764 1120 826 canitur
1142 765 1172 826 in
1193 764 1311 844 psalmo
1334 783 1439 826 ascen-

111 870 357 936 permiscens:
392 870 466 942 Quis
490 878 537 931 est
559 871 615 931 iste
636 888 687 931 rex
716 865 850 947 gloriae?
882 866 1020 929 dominus
1049 866 1190 928 virtutum
1218 867 1284 946 ipse
1314 874 1362 928 est
1387 884 1440 928 rcx

136 987 254 1041 rinnai.
265 970 387 1050 gloriae.
420 970 464 1031 ΑΙ)
485 971 537 1032 illo
560 971 683 1051 spiritus
707 968 870 1048 sapientiae
891 977 1010 1047 optatur
1031 967 1107 1047 apud
1130 986 1217 1048 quem
1233 969 1440 1047 huncquoque

136 1087 249 1140 neruo
263 1072 439 1152 spiritalium
469 1072 584 1151 species
614 1080 804 1133 enumerator
832 1070 910 1129 inter
938 1075 1054 1148 septem
1081 1069 1203 1148 spiritus
1232 1087 1288 1148 per
1309 1070 1439 1131 Esaiam.

124 1188 242 1243 spurio.
264 1171 316 1233 llle
339 1172 419 1234 dabit
440 1172 620 1234 illuminatos
643 1172 742 1234 cordis
765 1171 867 1233 oculos
889 1170 940 1249 qui
963 1168 1050 1230 etiam
1074 1170 1237 1231 exteriores
1254 1170 1359 1232 oculos
1374 1171 1440 1233 lucc

263 1272 380 1347 ditarit,
415 1274 460 1335 cui
489 1274 628 1355 displicet
655 1273 780 1334 caecitas
807 1271 921 1351 populi.
971 1269 1009 1331 Et
1035 1272 1102 1350 quis
1131 1289 1235 1333 caecus
1266 1272 1324 1333 nisi
1353 1272 1438 1351 pueri

112 1372 346 1444 neruorum?
370 1382 400 1435 et
422 1374 568 1435 excaecati
592 1383 662 1436 sunt
683 1373 783 1435 tomuli
798 1373 856 1434 dei.
888 1370 972 1449 Apud
996 1370 1077 1433 illum
1101 1382 1170 1434 sunt
1185 1382 1214 1435 et
1229 1373 1348 1434 divitiae
1364 1374 1438 1433 hae-

131 1467 406 1549 npianerediuus
427 1475 457 1536 in
486 1476 596 1537 sanctis
625 1476 674 1554 qui
705 1494 769 1536 eam
798 1472 1010 1534 haereditatem
1040 1492 1075 1534 cx
1103 1474 1256 1535 vocatione
1284 1475 1440 1535 nationum

148 1596 245 1648 rcus.
264 1576 446 1655 repromisit.
478 1576 598 1638 Postula
620 1576 657 1637 dc
679 1595 741 1649 me,
765 1584 795 1636 et
817 1574 893 1635 daho
916 1572 969 1634 tibi
991 1583 1094 1651 gentes
1116 1574 1327 1636 haereditatem
1347 1584 1440 1636 tuam.

161 1679 246 1775 Q
264 1675 316 1738 llle
337 1677 510 1758 inoperatus
533 1687 580 1739 est
601 1676 630 1738 in
654 1676 803 1738 Christum
826 1674 980 1736 valentiam
1004 1693 1104 1748 suam,
1136 1676 1306 1738 suscitando
1330 1693 1400 1737 cum
1423 1694 1442 1736 a
1483 1731 1487 1756 ,

264 1778 406 1848 mortuis,
430 1788 459 1840 et
481 1778 652 1840 collocando
669 1797 736 1840 eum
752 1778 788 1838 ad
803 1778 953 1838 dexteram
969 1794 1071 1850 suam,
1094 1785 1123 1837 et
1138 1777 1311 1839 subiciendo
1327 1777 1441 1850 omnia,

136 1882 248 1935 ΜΨ·
263 1878 313 1957 qui
335 1887 366 1940 et
386 1879 475 1952 dixit,
498 1879 576 1941 Sede
599 1879 635 1939 ad
657 1880 807 1940 dexteram
825 1896 936 1951 meam,
960 1877 1056 1946 donec
1076 1897 1184 1957 ponam
1206 1878 1345 1940 inimicos
1369 1888 1441 1940 tuos

262 1978 421 2040 scabellum
443 1980 559 2064 pedum
575 1988 711 2052 urorum3
734 1975 801 2059 goia
825 1986 855 2039 et
875 1977 944 2040 alibi
967 1978 1089 2056 spiritus
1112 1979 1147 2039 ad
1169 1988 1283 2060 patrem
1307 1980 1345 2040 de
1365 1979 1440 2054 ulto,
1484 2042 1487 2051 Ι

123 2084 247 2136 rerum.
265 2079 370 2142 Omnia
393 2080 546 2142 subiecisti
570 2081 626 2142 suh
648 2080 775 2160 pedibus
799 2080 874 2141 eius.
924 2079 955 2139 Si
985 2097 1021 2140 ex
1048 2079 1096 2140 his
1118 2080 1192 2141 alius
1215 2080 1288 2143 deus
1311 2091 1342 2142 ct
1362 2080 1441 2142 alius
1478 2135 1487 2175 4

263 2180 401 2242 Christus
423 2181 549 2244 insertur
571 2201 646 2262 quae
668 2189 923 2261 recognoscuntur
944 2181 975 2241 in
998 2188 1146 2254 creatore,
1179 2200 1356 2260 quaeramus
1379 2182 1441 2244 iam

111 2286 438 2345 Eeb-¹¹2¹·2creatorcm.
482 2266 587 2358 Plane,
611 2292 699 2363 puto.
721 2283 905 2354 invenimus,
934 2301 1001 2343 cum
1031 2282 1102 2343 dicit
1123 2281 1190 2344 illos
1213 2282 1329 2343 delictis
1352 2301 1439 2344 mor·

262 2392 331 2446 tuos
356 2384 412 2447 ¹⁰in
434 2384 542 2466 quibus
565 2385 691 2464 ingressi
717 2394 816 2457 crant,
840 2384 1001 2445 secundum
1018 2402 1122 2444 aerum
1136 2384 1238 2452 mundi
1253 2383 1361 2457 huius,
1384 2403 1440 2445 so·

250 2484 391 2550 ,cundum
413 2486 577 2565 principem
592 2487 750 2565 potcstatis
770 2486 894 2559 ¹¹aeris,
917 2485 966 2564 qui
989 2493 1130 2566 operatur
1151 2486 1181 2546 in
1204 2485 1440 2547 filiis‘incrcdu-

261 2585 362 2648 litatis
405 2586 465 2647 Sed
492 2587 634 2649 mundum
663 2606 724 2650 non
752 2596 853 2668 potest
881 2595 911 2647 ct
938 2586 987 2647 hic
1013 2605 1068 2665 pro
1097 2588 1153 2648 deo
1181 2586 1283 2648 mundi
1305 2587 1440 2648 llarcicm

263 2686 460 2766 interpretari.
497 2688 562 2749 Non
587 2689 665 2750 enim
689 2690 785 2752 simile
807 2697 857 2750 est
877 2696 1007 2749 creatum
1030 2687 1173 2761 creatori,
1196 2689 1304 2749 lactum
1320 2688 1440 2763 lectori,

262 2788 390 2849 mundus
420 2788 487 2850 deo.
540 2789 599 2851 Sed
628 2809 682 2853 nec
709 2792 848 2870 princeps
875 2789 1033 2869 potestatis
1060 2790 1140 2851 aeris
1169 2789 1284 2850 dicetur
1310 2788 1361 2868 qui
1390 2797 1441 2851 est

260 2889 399 2970 princeps
413 2893 571 2970 potestatis
586 2893 783 2955 sneccdorum.
820 2892 976 2972 Nunquam
999 2891 1077 2953 enim
1100 2909 1223 2971 praeses
1246 2892 1439 2970 superiorum

230 2998 235 3010 “
260 2992 297 3053 de
318 2992 510 3055 inferioribus
533 3003 671 3068 notatur,
694 2994 763 3056 licet
784 3003 813 3055 et
835 2993 976 3055 inferiora
998 2993 1056 3073 ipsi
1079 2994 1267 3072 deputentur.
1306 2993 1365 3054 Sed
1381 3010 1441 3055 noc

259 3092 475 3156 incredulitatis
499 3103 639 3176 operator
659 3095 753 3157 videri
774 3102 892 3175 potest,
914 3113 1001 3173 quam
1017 3095 1083 3173 ipse
1098 3095 1199 3174 potius
1216 3094 1272 3154 ¹²et
1286 3114 1302 3155 a
1318 3094 1459 3156 ludaeisa

261 3205 291 3256 ct
311 3214 328 3257 a
350 3197 521 3259 nationibus
535 3198 655 3277 patitur.
694 3197 809 3258 Sufficit
830 3197 919 3276 igitur
941 3195 967 3256 si
989 3197 1063 3256 haec
1083 3214 1145 3256 non
1167 3196 1274 3256 cadunt
1296 3195 1327 3256 in
1349 3213 1487 3261 crea—2

260 3305 366 3359 torem.
410 3299 442 3359 Si
463 3308 560 3360 autem
583 3311 614 3360 ct
635 3299 733 3360 estin
757 3316 844 3378 quem
866 3295 960 3376 magis
985 3295 1196 3376 ¹³competant,
1218 3298 1323 3376 utiquc
1343 3297 1487 3377 magi*

260 3400 319 3462 hoc
339 3401 495 3481 apostolus
519 3400 644 3462 ¹³¹’sciit
679 3400 754 3473 Quis
770 3397 851 3460 istc?
881 3398 953 3459 Sine
976 3396 1066 3459 dubio
1090 3398 1139 3459 ille
1161 3397 1210 3477 qui
1232 3397 1292 3477 ipsi
1308 3400 1487 3463 creatoffi

200 3509 203 3515 '
259 3501 337 3562 filios
359 3501 573 3563 incredulitatis
596 3501 740 3573 obstruit,
769 3507 839 3562 aere
861 3500 920 3561 isto
945 3499 1101 3578 ¹⁴potitus‚
1132 3499 1209 3561 sicut
1237 3499 1337 3561 dicere
1366 3518 1487 3563 eum

107 3601 433 3681 10⁵.1u‚u.¹³pr0pueu
455 3604 561 3663 refert:
595 3602 708 3663 Ponam
736 3600 918 3662 innubilus
942 3600 1081 3661 thronum
1105 3619 1218 3662 meum:
1250 3621 1303 3663 ero
1327 3600 1425 3663 simili
1440 3622 1487 3663 a

259 3703 414 3765 altissimo.
445 3703 500 3765 llic
521 3703 578 3764 erit
599 3704 751 3776 diabolus,
775 3722 862 3782 quem
885 3712 915 3764 et
936 3702 1004 3762 alibi
1027 3701 1065 3774 (si
1084 3710 1180 3764 tamen
1203 3702 1241 3763 ita
1265 3712 1296 3764 ct
1311 3711 1487 3783 aposto—⁴

259 3804 320 3865 lum
341 3804 397 3883 legi
420 3805 534 3880 volunt)
567 3805 653 3867 deum
676 3805 740 3869 aeri
767 3805 878 3867 huiusl
899 3821 1107 3884 agnoscemus.
1157 3804 1198 3865 lta
1227 3807 1307 3867 enim
1336 3813 1487 3867 totum

259 3905 408 3966 saecolum
431 3905 585 3968 mendacio
609 3906 768 3969 divinitatis
788 3907 930 3987 implevit.
982 3904 1039 3978 Qui
1067 3905 1155 3986 plane
1182 3906 1208 3966 si
1233 3925 1294 3967 non
1317 3907 1487 3968 luisset*

260 4014 329 4068 tunc
349 4009 424 4069 hacc
444 4009 475 4069 in
498 4017 663 4069 creatorem
685 4017 838 4089 spectasse
860 4008 1041 4088 potuissent.
1097 4007 1155 4070 Sed
1177 4016 1206 4068 et
1231 4008 1261 4069 in
1283 4008 1487 4070 ludaisrt!

129 4128 243 4181 muna.
259 4119 450 4171 conversatus
473 4110 594 4171 ¹⁴⁵luerat
615 4111 778 4190 apostolus.
811 4110 878 4171 Non
900 4108 967 4189 quia
989 4109 1167 4188 interposuit
1190 4110 1226 4172 de
1250 4110 1377 4182 delictis,
1461 4102 1487 4165 ἰ

258 4209 364 4288 quibus
388 4219 417 4272 et
439 4229 495 4273 nos
518 4230 622 4272 omnes
645 4211 810 4273 conversati
833 4230 951 4282 sumus,
985 4210 1052 4271 ideo
1081 4211 1256 4272 delictorum
1279 4212 1487 4273 dominu!

257 4319 286 4372 et
307 4311 472 4392 prinoipem
494 4313 574 4375 acris
596 4313 684 4375 huius
707 4320 873 4375 creatorem
895 4321 1026 4392 praestat
1054 4312 1197 4391 intellegi,
1236 4313 1289 4374 sed
1312 4312 1379 4393 quia
1475 4302 1487 4363 i

259 4498 364 4549 10.non
384 4500 573 4564 inquibusltd.
629 4501 668 4551 ll.
687 4504 749 4552 aeris
768 4501 839 4552 liuius
858 4502 898 4565 orii
917 4503 953 4552 cd.
1008 4500 1047 4550 ¹2.
1067 4501 1224 4559 etontmt.
1273 4500 1310 4551 13.
1330 4504 1485 4559 σοι-ν

257 4576 309 4617 tant
326 4569 358 4625 d..
378 4584 408 4617 ec
425 4571 537 4618 emendat.
555 4569 631 4618 fulvii
645 4571 730 4620 Ursini.
774 4577 897 4633 competet
914 4570 1000 4620 nosce
1057 4568 1118 4618 tab.
1142 4571 1209 4618 scirit
1228 4571 1341 4620 latinia.
1451 4554 1487 4605 ¹

258 4638 339 4699 potius
359 4637 396 4685 dc.
451 4637 488 4685 15.
509 4637 626 4698 propheta
645 4639 719 4687 refert
737 4640 775 4688 Fr.
787 4640 875 4688 lunius.
916 4639 1011 4702 profert
1035 4646 1059 4687 st
1077 4638 1152 4686 refert
1172 4638 1254 4688 datm.
1297 4637 1446 4702 proter-'-

259 4705 349 4753 ...erit
365 4704 391 4754 B.
449 4702 486 4753 to.
506 4710 583 4752 tuerat
601 4721 643 4752 om.
659 4710 694 4754 cd.
730 4709 887 4771 deposnerunt
904 4707 1009 4755 latinius
1028 4713 1048 4755 et
1067 4706 1106 4755 Fr.
1119 4706 1207 4754 lucius.

291 4841 314 4888 li.
334 4839 404 4888 deum
424 4840 473 4889 acri
493 4837 575 4903 liuius]
595 4840 630 4888 Cl.
650 4854 722 4902 snpra
742 4857 794 4904 cap.
813 4842 849 4890 ll.
