3242 5775
521 608 825 690 reseruassemus
847 643 962 725 meurs.
1046 683 1050 687 A
1263 637 1343 701 tro.

144 799 321 861 honoratur
342 796 481 875 quotiens
503 813 610 857 manos
633 794 680 856 dei
702 795 829 875 patitur,
858 796 927 858 dum
950 779 1097 877 tangitur,
1130 798 1200 860 dum
1222 799 1327 863 deon*-

146 899 249 979 pitur‚
282 892 352 958 ᾶιιιιι
382 887 552 968 deducitur,
588 896 659 957 dum
682 896 840 975 effingitur.
891 880 1030 978 Recogita
1059 906 1154 959 totum
1175 898 1217 959 1111
1238 900 1327 963 detrm

149 1006 329 1078 oeenpatum
351 1015 386 1058 ao
406 996 572 1068 ⁴deditum‚
594 1014 699 1067 manu,
722 1015 831 1069 sensu,
853 1009 964 1076 oluere,
997 998 1142 1073 oonsilio,
1171 1000 1328 1079 sapientia,

149 1099 356 1181 providentio,
379 1107 408 1160 et
429 1098 494 1177 ipsa
510 1096 647 1175 inprimis
662 1096 844 1170 adiectione,
868 1117 943 1178 quae
964 1098 1152 1161 ‘liniamenta
1173 1099 1329 1164 ‘dictabat
1368 1079 1372 1087 ¹

152 1201 360 1279 Quodcunque
383 1198 462 1260 enim
483 1197 572 1258 limus
595 1198 828 1276 exprimebatur,
863 1198 996 1261 Christus
1020 1199 1210 1279 eogu‘hbatur
1236 1201 1328 1263 homo

151 1304 287 1374 hatum,
310 1300 390 1380 quod
412 1299 460 1359 ⁷et
481 1298 569 1387 limus
592 1298 639 1359 'et
661 1315 729 1359 earo
752 1312 882 1371 sarmo·,
904 1301 984 1379 quod
1006 1308 1037 1362 et
1051 1308 1129 1362 terra
1145 1309 1223 1363 tuno.
1256 1301 1329 1384 '⁹,Sie

152 1402 231 1466 enim
254 1400 398 1486 praefatio
420 1399 512 1478 patris
535 1398 572 1459 ad
594 1399 702 1459 hlium:
732 1400 914 1461 ¹‘Faciamus
937 1400 1087 1463 hominem
1110 1402 1146 1463 ad
1169 1401 1326 1483 imaginem
1340 1418 1457 1473 moun.

152 1512 183 1565 et
203 1500 429 1565 similitudinem
452 1510 595 1561 nostram.
631 1498 668 1560 Et
690 1500 785 1561 ¹¹seuit
806 1500 958 1563 hominem
974 1502 1064 1574 dem,
1087 1502 1116 1563 id
1132 1502 1328 1583 utiquequod

151 1604 254 1676 finxit,
288 1602 324 1663 ad
353 1600 510 1679 imaginem
539 1600 586 1661 dei
615 1600 683 1661 iecit
710 1601 809 1673 ilium,
844 1601 956 1663 scilicet
978 1602 1123 1663 ¹'Christi
1167 1603 1205 1665 Et
1226 1621 1326 1668 sermo

151 1704 233 1766 euun
260 1703 352 1771 deus,
383 1700 485 1781 quiin
508 1701 604 1779 effigie
627 1701 674 1762 dei
697 1702 878 1763 constitutus
907 1721 967 1763 non
987 1684 1128 1782 rapinam
1151 1703 1454 1775 existimaturum

151 1805 283 1885 ”parem
304 1820 373 1864 esse
395 1802 462 1863 deo.
499 1802 542 1863 lta
563 1802 650 1863 limus
671 1801 721 1863 iile
736 1802 794 1863 iam
810 1812 880 1864 tune
900 1803 1057 1882 imaginem
1075 1802 1201 1865 induens
1217 1804 1329 1869 onusti

150 1903 245 1967 sotori
267 1905 298 1965 in
320 1920 407 1964 earne
428 1919 490 1964 non
513 1912 626 1964 tantum
649 1892 801 1982 dei'opus
830 1911 911 1976 erat,
945 1904 998 1964 sed
1027 1912 1059 1965 et
1085 1904 1205 1983 pignus.
1258 1905 1327 1979 Quo

152 2023 235 2067 nune
255 2004 334 2066 iacit·
347 2004 382 2065 ad
405 2003 425 2036 ¹⁴
434 2003 637 2065 infuscandam
661 2003 805 2082 originem
836 2004 932 2065 carnis
954 2003 1090 2066 “nomen
1112 2012 1210 2068 terrae
1230 2007 1328 2069 renti-

147 2106 234 2180 lare,
267 2120 300 2167 ut
319 2105 484 2176 sordentis,
517 2112 550 2165 ut
572 2104 694 2166 iacentis
717 2103 879 2166 elementi?
910 2123 993 2178 oum,
1023 2112 1054 2165 et
1080 2106 1106 2166 si
1129 2106 1185 2166 alia
1207 2108 1329 2171 materie

153 2206 375 2269 “excudendo'‘
397 2206 510 2267 homini
533 2205 739 2284 competisset,
762 2205 882 2265 artificis
897 2204 1046 2284 fastigium
1062 2206 1218 2285 recogitari
1234 2225 1327 2288 opor-

151 2316 246 2379 teret,
263 2306 319 2385 'qui
341 2306 419 2367 iilam
442 2314 472 2366 et
493 2305 657 2384 ¹'eligendo
679 2304 983 2383 dignamiudicasset
1008 2313 1037 2366 et
1059 2307 1211 2368 tractando
1234 2307 1326 2370 fecis·

152 2419 209 2470 set.
246 2407 369 2469 Phidiae
390 2422 496 2467 manus
517 2406 617 2467 lovem
641 2406 808 2484 Olympium
832 2424 866 2466 ex
890 2406 981 2466 ehore
1003 2406 1166 2478 ¹⁸moiitor‚
1200 2415 1230 2469 et
1251 2409 1326 2470 ado·

149 2519 251 2581 ratur,
286 2526 341 2569 nee
368 2508 424 2568 iam
453 2507 567 2568 bestiae
589 2515 619 2567 et
641 2507 758 2585 quidem
788 2505 1023 2568 insulsissimae·
1050 2500 1209 2582 deusest,
1246 2508 1327 2581 ”sed

150 2628 299 2672 sommum
323 2607 433 2670 saeculi
455 2626 580 2679 numen,
613 2606 702 2666 ¹⁰non
724 2606 791 2684 quia
822 2606 1012 2685 elephantus,
1042 2608 1095 2669 sed
1117 2608 1185 2688 quia
1206 2588 1326 2674 Phidias

152 2717 268 2773 tantus:
300 2710 376 2771 deus
403 2710 503 2781 virus,
536 2709 638 2768 “deus
667 2725 755 2767 verus
783 2723 990 2786 quameunque
1019 2708 1159 2770 materiae
1185 2708 1326 2774 urium

153 2829 214 2873 non
237 2810 274 2871 de
296 2828 349 2871 sna
372 2810 544 2890 operatione
566 2818 726 2888 purgasset
754 2816 784 2867 et
812 2806 848 2868 ab
872 2808 952 2870 omni
975 2809 1144 2871 infirmitate
1165 2809 1327 2875 sanasset?

153 2913 461 2992 demessuerunt,
493 2922 528 2972 ut
548 2911 704 2971 honestius
732 2910 823 2970 homo
853 2909 941 2970 deum
962 2927 1050 2988 qnam
1072 2910 1224 2974 honainem
1251 2913 1326 2976 deuo
1420 2952 1433 2963 ,

153 3011 292 3074 finxerit?
335 3012 420 3074 Nune
441 3013 496 3072 etsi
520 3011 687 3072 scandalum
710 3009 815 3082 limus,
849 3010 904 3070 alia
932 3010 989 3071 iam
1020 3029 1069 3073 res
1100 3022 1156 3074 est.
1201 3013 1326 3077 thanen

154 3113 240 3178 ²’iarn
262 3123 369 3186 teneo,
397 3133 457 3174 non
481 3123 605 3184 terrom3
637 3112 706 3171 lieet
727 3110 785 3170 ”et
806 3128 874 3171 oaro
897 3110 1014 3172 audiat:
1043 3111 1137 3175 Terra
1165 3132 1215 3188 es,
1245 3124 1275 3176 et
1294 3115 1325 3177 in
1339 3139 1475 3196 emmo.

154 3223 261 3277 terram
284 3215 354 3276 ibis.
399 3214 490 3292 Origo
512 3221 702 3285 recensetur,
726 3229 786 3272 non
810 3210 975 3272 substantia
997 3214 1184 3277 revocatum.
1220 3212 1325 3278 hatum

155 3367 330 3418 hdedioatom
351 3366 389 3416 co.
442 3367 667 3415 summeurae.
715 3363 739 3412 6.
758 3364 863 3412 dictabat
880 3367 954 3427 omni.
990 3365 1102 3414 ductabat
1119 3382 1139 3417 e.
1158 3373 1204 3415 tres
1215 3366 1324 3426 Vaticani,

154 3435 325 3485 inhominius.
361 3436 463 3483 docebat
482 3436 552 3493 thu,
572 3435 636 3482 Fido.
649 3433 753 3480 Ursinus.
795 3431 895 3479 decebat
914 3431 971 3481 aco.
1025 3431 1050 3481 7.
1068 3440 1091 3481 et
1109 3433 1208 3482 omid.
1260 3431 1284 3482 8.
1303 3440 1326 3483 et

154 3504 363 3551 sermoearohe.
415 3502 439 3551 9.
458 3504 482 3550 Si
502 3504 565 3549 euim
584 3508 608 3549 Α.
644 3498 838 3548 sicutenimu.
885 3498 923 3547 11).
942 3507 965 3548 et
983 3500 1100 3548 iaciamus
1117 3500 1142 3549 d.
1188 3499 1326 3550 111οωί-

155 3570 286 3618 remdeua
304 3570 403 3618 feeitA.
447 3569 484 3617 11.
505 3569 626 3617 Christum
646 3582 705 3628 omn.
752 3565 790 3613 13.
809 3579 891 3627 parem
911 3564 1038 3628 essedario.
1073 3565 1170 3628 partu.
1204 3579 1250 3631 par
1268 3566 1348 3617 ind·

154 3638 241 3700 parieti
258 3639 353 3701 retinui,
373 3652 403 3684 en
420 3638 530 3685 emendat.
550 3637 659 3685 hhmnni.
702 3630 740 3680 14.
760 3633 927 3681 intuacandum
945 3634 990 3684 AB.
1007 3640 1054 3682 tres
1065 3635 1174 3683 Vaticani.
1218 3632 1258 3686 tu.
1275 3646 1325 3684 non
1396 3644 1400 3648 '
1497 3647 1502 3657 ·

154 3704 198 3753 13.
237 3702 278 3753 16.
295 3705 445 3752 excludendo
464 3705 619 3752 adithmrh.
665 3700 703 3748 11.
722 3700 839 3760 elegendo
859 3701 910 3749 cod.
929 3701 961 3750 1ο.
978 3701 1106 3750 clementis.
1160 3700 1200 3750 18.
1218 3700 1325 3761 molitur,

155 3779 178 3820 et
194 3771 309 3820 adorator
326 3771 415 3821 ABCoe.
432 3780 477 3820 tres
492 3772 601 3819 Vaticani.
637 3769 734 3817 moiitae
753 3768 884 3815 adorantur
903 3768 941 3817 tu.
984 3766 1024 3817 19.
1043 3769 1085 3816 sed
1105 3770 1157 3818 hed.
1192 3775 1215 3817 et
1232 3769 1325 3832 religet

156 3836 194 3887 2⁰.
213 3853 260 3887 noo
280 3840 335 3902 quie
354 3839 505 3902 elephantos,
530 3838 572 3886 sed
592 3837 645 3900 qnia
666 3834 761 3883 Phidias
780 3842 860 3882 tantus
878 3836 944 3884 nied.
985 3835 1129 3899 elephantia.
1154 3835 1327 3896 1101111111.)

155 3906 208 3969 quia
226 3905 323 3968 phidias
341 3915 421 3954 tantus
439 3907 481 3956 111.
518 3906 670 3969 eiephantue,
688 3901 731 3948 sed
749 3901 803 3964 quis
824 3901 919 3950 Phidias
938 3909 1017 3952 tantus
1035 3902 1060 3952 G.
1101 3901 1141 3952 21.
1158 3910 1185 3953 et
1201 3903 1261 3952 deus
1279 3891 1325 3965 11.,

106 3966 107 3983 ’
156 3976 253 4025 escol.
271 3974 305 4023 io.
318 3974 446 4023 cineratis.
499 3970 539 4021 22.
559 3974 604 4020 iam
624 3968 722 4020 omli.
775 3967 815 4017 23.
835 3977 856 4019 et
876 3984 919 4018 om.
936 3972 958 4019 1.

186 4106 289 4169 Canii.
315 4121 336 4156 a.
346 4103 439 4172 sermo]
452 4108 489 4155 Fr.
499 4106 579 4155 iunius
589 4102 713 4164 distinguit
763 4101 850 4150 simam
869 4102 970 4152 bestiam
995 4102 1102 4166 eppeiiot
1126 4112 1236 4167 respectu
1261 4107 1327 4154 oxu·

156 4175 234 4237 „quod
253 4183 278 4222 et
296 4175 377 4233 limos,
396 4185 419 4223 et
437 4191 492 4223 caro
504 4188 594 4229 sermo,
613 4173 677 4234 quod
690 4177 714 4218 et
764 4171 845 4228 rioris,
865 4186 926 4232 qnae
943 4171 1002 4219 risui
1021 4170 1114 4219 insulsa
1124 4171 1217 4221 videtur
1234 4178 1259 4220 et
1274 4177 1326 4220 tor-

155 4248 215 4290 tem
232 4243 327 4300 tooe“,
346 4251 369 4290 et
384 4245 567 4305 interpretatur:
586 4239 714 4297 „Christus
765 4252 835 4300 pens,
854 4238 944 4299 speciei
963 4245 986 4286 et
1005 4237 1076 4286 molis
1092 4236 1214 4301 elephanti
1232 4237 1261 4286 ad
1280 4251 1325 4300 po-

156 4308 302 4370 eogitahetnr
312 4309 385 4359 homo
397 4313 499 4366 tuturus,
512 4309 575 4371 quod
585 4316 608 4354 et
619 4307 714 4354 tuturos
766 4304 903 4353 titissimnm
928 4302 988 4353 iliud
1013 4303 1118 4352 Phidiaci
1143 4303 1325 4366 11111111ιηί1-

105 4367 110 4384 ⁶
155 4375 232 4436 horus,
250 4385 365 4425 etsermo
379 4378 527 4436 cogitabatur
540 4377 635 4424 intorno
648 4386 714 4429 earo,
765 4371 837 4420 cmm.
866 4373 901 4421 ct.
922 4371 988 4421 Gisia.
1007 4371 1117 4434 cuperus
1136 4370 1169 4419 [te
1185 4370 1326 4436 Eieohentie
1395 4386 1399 4395 ·

156 4444 216 4506 quod
234 4453 259 4494 et
276 4452 341 4493 terra
360 4453 417 4493 tune
436 4444 541 4491 [utura.“
578 4440 713 4490 111101111-
767 4438 795 4494 ΙΙ,
807 4439 830 4486 1.
856 4440 878 4487 in
904 4439 1030 4500 Saiiengra
1054 4437 1111 4487 Nor.
1133 4436 1207 4488 Thes.
1231 4437 1326 4501 hnh'qh.

156 4512 238 4572 geities
265 4512 315 4559 anit
341 4512 472 4572 distingui,
501 4517 525 4558 ut
551 4516 588 4557 est
610 4509 634 4556 in
660 4506 714 4556 eod.
766 4505 834 4554 hom.
854 4515 911 4556 tom.
922 4505 965 4564 111,
984 4517 1007 4568 ρ.
1020 4504 1075 4555 trs.

155 4577 297 4628 Pithoeaoo:
325 4594 409 4639 „earm
427 4592 508 4627 sermo
527 4576 591 4639 qnod
607 4584 631 4625 et
650 4582 714 4624 terra
800 4574 823 4622 d.
844 4588 890 4621 nou
909 4574 1041 4622 substantia
1060 4564 1206 4635 reuocatam]
1230 4569 1327 4620 setheo

155 4644 234 4694 tne.“
765 4651 813 4688 non
833 4641 948 4689 reuoenrit
966 4640 1027 4700 deire
1043 4639 1166 4702 opiheiutn
1181 4648 1252 4686 suum
1267 4646 1326 4684 oon·

186 4714 210 4762 h.
228 4709 383 4772 excedendo!
402 4711 425 4758 V.
447 4712 537 4759 adnott.
556 4709 585 4759 ed
604 4708 713 4760 ihuhdr.
763 4709 879 4757 uertendo
898 4707 1019 4756 hominem
1044 4707 1069 4756 in
1094 4714 1161 4756 terra
1181 4716 1236 4755 tum
1261 4701 1326 4760 111111,

155 4778 241 4829 iden.
262 4794 315 4842 cap.
327 4781 365 4827 11.
765 4773 840 4824 Tema
857 4790 894 4825 es.
912 4776 1011 4835 (hodor.
1027 4774 1060 4824 de
1078 4773 1100 4822 ia
1118 4773 1216 4830 cerda.)

185 4864 205 4897 e
224 4858 248 4897 et
267 4849 365 4912 quidem
385 4839 573 4909 insulsissimae]
599 4841 713 4893 insulsis·
