3242 5775
575 666 613 708 os
636 668 878 712 assenaco-riores
901 669 1013 713 cannis.
1126 653 1140 667 ”
1245 683 1249 689 ·
1314 662 1376 723 547

217 812 321 889 etipsa
346 812 478 873 dicentes
501 832 675 891 permanere
698 814 807 876 debere
830 816 859 876 in
883 818 946 877 suis
963 818 1103 896 operibus
1128 828 1158 880 et
1180 820 1323 883 fructibus
1346 832 1378 884 ut

216 892 318 971 ‘eidem
350 911 552 990 corpulentiae
581 914 743 993 adscripta,
770 925 836 987 aut,
872 917 939 994 quia
967 926 1083 979 constet
1110 918 1280 981 discessura
1309 940 1377 984 csse

214 1011 299 1071 officia
323 1011 540 1084 membrorum,
569 1014 781 1092 corpulentiam
809 1033 927 1093 quoque
949 1017 1104 1089 ‘eradant
1139 1018 1241 1080 ‘cuius
1265 1019 1379 1082 scilicet

208 1113 425 1187 perseverantia
447 1113 592 1173 credenda
615 1132 674 1173 non
698 1115 751 1183 sit,
779 1115 831 1175 'ut
852 1133 925 1192 quae
948 1116 1013 1176 sine
1035 1115 1192 1189 membris,
1226 1119 1294 1195 quia
1322 1137 1378 1180 nee

207 1210 337 1270 membra
361 1212 506 1272 credenda
530 1214 590 1273 sint
612 1214 678 1273 sine
700 1214 816 1274 officiis.
851 1215 918 1287 Quo
935 1215 1013 1276 enim
1028 1215 1104 1286 iam,
1126 1216 1281 1293 inquiunt,
1303 1237 1376 1297 spe-

203 1310 288 1369 lunca
323 1311 395 1371 baec
424 1312 486 1372 oris
515 1320 544 1372 ct
572 1312 701 1372 dentium
731 1313 819 1373 statio
847 1324 876 1373 et
904 1315 987 1391 gulae
1014 1316 1115 1393 lapsus
1147 1325 1175 1375 et
1197 1315 1376 1396 lcompitum

203 1410 350 1470 stomachi
373 1421 402 1471 et
423 1411 494 1470 ”alvi
519 1431 625 1489 gurges
649 1422 678 1472 et
700 1414 908 1473 intestinorum
926 1415 1090 1492 ¹⁰perplexa
1105 1416 1287 1492 proceritas,
1309 1434 1375 1477 cum

201 1510 270 1569 esui
294 1518 325 1569 ct
346 1511 429 1589 potui
453 1511 535 1571 locus
557 1530 616 1570 non
651 1511 730 1572 erit?
762 1532 821 1590 quo
852 1513 1021 1573 huiusmodi
1051 1514 1181 1595 membra
1208 1513 1376 1590 admittunt,

201 1609 363 1686 subigunt,
386 1610 560 1683 devolvunt,
584 1611 732 1682 dividunt,
755 1613 906 1690 digerunt,
930 1611 1076 1691 egerunt?
1098 1632 1157 1691 quo
1173 1632 1278 1674 manus
1293 1614 1376 1692 ipsae

201 1716 232 1766 et
255 1708 350 1786 pedes
373 1718 402 1769 et
424 1711 553 1787 operarii
576 1711 682 1789 quique
705 1721 803 1785 artus,
826 1731 891 1772 cum
914 1712 1008 1772 victus
1031 1712 1118 1772 etiam
1141 1731 1209 1773 cura
1225 1710 1375 1773 cessabit?

201 1826 264 1884 quo
287 1826 375 1867 renes
398 1810 509 1869 conscii
533 1810 697 1879 seminum,
721 1812 883 1889 etreliqua
906 1811 1074 1890 genitalium
1097 1810 1375 1889 utrimquesecus,

201 1919 233 1966 et
256 1906 480 1985 ¹¹conceptuum
503 1909 633 1981 stabula,
656 1919 686 1970 et
709 1910 831 1971 uberum
854 1912 968 1982 tontes,
997 1911 1196 1971 ¹²discessuro
1219 1908 1377 1972 concubitu

202 2017 235 2066 et
257 2007 318 2066 ictu
343 2015 372 2068 et
394 2007 543 2068 educatu?
565 2017 718 2087 postremo
741 2029 799 2088 quo
817 2020 910 2071 totum
926 2029 1050 2088 conius,
1075 2017 1168 2070 totum
1190 2010 1302 2071 seilicet
1322 2028 1376 2071 ra·

201 2106 363 2167 oeturumi
409 2107 477 2168 ¹³Ad
507 2107 580 2168 baec
606 2127 676 2187 ergo
705 2111 941 2187 praestruximus
971 2128 1032 2170 non
1062 2118 1201 2188 oportere
1232 2109 1374 2170 committi

200 2206 372 2266 futurorum
395 2217 482 2285 atque
504 2209 704 2285 praesentium
726 2210 960 2287 dispositiones,
990 2210 1189 2269 intercessura
1218 2215 1289 2269 tunc
1319 2209 1373 2269 de-

200 2306 383 2377 mutatione,
412 2317 442 2367 et
464 2325 542 2367 nunc
564 2308 798 2386 superstruimus
822 2310 917 2369 officia
939 2309 995 2368 ista
1016 2308 1217 2369 membrorum
1240 2307 1374 2368 necessi·

201 2402 314 2464 tatibus
337 2406 412 2466 vitae
434 2407 522 2466 buius
546 2425 581 2466 co
605 2425 698 2485 usque
726 2407 908 2481 consistere,
942 2407 1038 2468 donec
1059 2415 1087 2467 et
1110 2406 1174 2484 ipsa
1197 2407 1253 2466 rita
1275 2415 1374 2467 trans·

200 2505 315 2563 feratur
342 2522 358 2564 a
387 2505 602 2581 temporalitate
631 2507 660 2566 in
689 2506 909 2578 aeternitatem,
942 2507 1019 2567 sicut
1052 2506 1177 2566 animale
1206 2524 1315 2583 corpus
1345 2505 1375 2565 in

198 2602 351 2681 spiritale,
375 2603 444 2662 dum
467 2606 591 2665 mortale
613 2605 693 2666 istud
718 2604 841 2664 ¹⁴induit
862 2605 1111 2666 immortalitatem
1127 2612 1157 2665 et
1171 2604 1527 2683 corruptivumtcoruuu.

201 2701 283 2764 istud
304 2701 548 2779 incorruptelam
571 2711 600 2763 et
622 2703 686 2781 ipsa
708 2713 805 2764 autern
828 2703 948 2763 liberata
971 2712 1042 2764 tunc
1062 2704 1119 2763 rita
1143 2704 1186 2763 ¹⁶a
1208 2702 1374 2764 necomita-

202 2801 284 2861 tibus
307 2801 510 2862 liberabuntur
532 2810 562 2861 et
583 2802 714 2862 membra
737 2803 773 2863 ab
796 2802 919 2874 officiis,
954 2820 1009 2862 nec
1036 2801 1104 2863 ideo
1126 2819 1186 2862 non
1210 2808 1297 2862 erunt
1318 2819 1374 2862 ne-

201 2901 343 2962 cessaria.
385 2900 467 2961 Licet
488 2902 566 2961 enim
590 2903 694 2963 ciliciis
716 2903 895 2974 liberentur,
926 2901 978 2962 sed
1001 2902 1116 2963 iudiciis
1138 2902 1319 2973 retinentur,
1342 2909 1527 2966 ottinsand.

203 3001 360 3081 ¹⁶quisque
381 3003 489 3061 relerat
509 3020 564 3079 per
586 3020 695 3078 corpus
718 3013 807 3080 prout
829 3002 931 3080 gessit.
981 3000 1098 3061 Salvum
1122 3003 1200 3062 enim
1222 3001 1374 3062 bominem

201 3101 331 3160 tribunal
354 3100 402 3159 dei
425 3100 530 3177 exigit3
554 3101 666 3160 salvum
690 3120 759 3162 vero
782 3102 848 3161 sine
866 3100 1006 3162 membris
1030 3101 1117 3160 ¹⁷non
1140 3101 1207 3161 lieet
1229 3119 1316 3173 esse,
1340 3118 1376 3160 ax

200 3219 331 3279 quorum
355 3218 415 3259 non
439 3200 560 3270 officiis,
590 3200 643 3260 sed
665 3201 840 3261 substantiis
863 3208 988 3261 constat.
1036 3199 1100 3259 Nisi
1121 3202 1197 3259 torte
1221 3208 1250 3259 ct
1271 3216 1374 3260 navem

201 3302 270 3361 sine
291 3300 406 3370 carina,
429 3299 493 3359 sine
515 3317 620 3376 prora,
643 3300 706 3359 sine
728 3300 836 3378 puppi,
859 3300 924 3359 sine
946 3297 1127 3377 compaginis
1152 3297 1243 3356 totius
1258 3297 1374 3357 incolu-

200 3401 304 3460 mitate
329 3399 464 3458 ¹⁸salvam
487 3399 685 3458 adseverabis.
728 3399 765 3458 Et
787 3407 885 3458 umen
908 3415 1010 3457 narem
1032 3395 1161 3475 procella
1184 3394 1375 3471 dissipatam*

202 3500 277 3559 ¹⁹rel
292 3500 370 3559 carie
387 3499 562 3558 dissolutam
578 3498 704 3558 redactis
721 3507 750 3557 et
765 3497 910 3558 recuratis
933 3494 1072 3555 omnibus
1094 3493 1235 3553 membris
1252 3493 1374 3552 eandem

201 3619 294 3678 saepe
323 3599 534 3676 conspeximus
564 3599 651 3657 etiarn
683 3599 767 3659 titulo
799 3594 994 3657 restitutionis
1023 3592 1206 3671 gloriantem.
1257 3591 1300 3652 De
1327 3592 1375 3651 dei

200 3783 373 3833 didemtli.
416 3784 439 3831 5.
459 3784 556 3830 credant
573 3784 616 3831 Ab.
661 3783 682 3830 o.
703 3782 834 3845 quibust.
876 3779 1090 3844 totquaeepo.
1127 3776 1374 3838 utiqnciibriomoes.

199 3852 416 3912 8.roopetrrmo.
459 3850 639 3911 competomd.
682 3863 793 3911 campum
814 3849 838 3897 a.
875 3847 996 3910 obpletum
1015 3861 1074 3907 amp.
1126 3841 1290 3892 9.alroiAC.
1336 3840 1375 3889 10.

199 3920 344 3981 portarat.
382 3917 476 3978 perlexa
497 3917 520 3963 B.
576 3917 614 3963 ll.
636 3910 766 3979 conceptu’
789 3931 835 3963 non
856 3915 949 3963 stabula
968 3916 992 3962 d.
1035 3918 1152 3974 conceptu
1172 3907 1375 3984 constabulallt.

202 3984 243 4032 12.
265 3985 403 4031 discessuro
422 3984 514 4031 Added.
534 3991 580 4032 tres
603 3985 712 4033 Vaticani.
753 3984 884 4031 decessuro
910 3984 943 4030 bc.
1005 3977 1042 4027 tt.
1067 3980 1094 4027 tt
1119 3991 1175 4038 ergo
1194 3978 1220 4026 d.
1274 3974 1312 4024 ld.
1338 3989 1375 4023 tn-

198 4052 260 4100 doet
278 4053 314 4099 cd.
371 4050 409 4098 15.
428 4065 439 4096 a
459 4050 642 4100 necessitatibus
666 4053 732 4099 obed.
774 4048 958 4098 necessitatibus
983 4048 1075 4109 reliqui.
1136 4043 1173 4092 16.
1200 4043 1301 4106 quisque
1326 4057 1375 4117 epo.

199 4120 259 4181 quis
277 4119 331 4165 libri
349 4132 433 4166 omnes.
478 4119 515 4166 tt.
536 4133 583 4166 non
603 4118 658 4166 licet
676 4132 730 4164 esse
749 4120 792 4176 bc,
810 4117 931 4165 Rhenanus
944 4116 968 4161 io
977 4128 1050 4173 moro.
1061 4112 1114 4159 edit.
1125 4113 1199 4174 princ.
1234 4123 1291 4158 non.
1310 4108 1377 4156 Licet

200 4187 268 4234 enim
289 4185 311 4233 G.
346 4199 394 4233 non
414 4185 469 4233 licet
487 4187 549 4232 enim
562 4186 605 4233 AB.
642 4199 688 4231 nou
709 4183 912 4245 liqueteumod.
949 4194 996 4226 oon
1016 4179 1071 4227 licet
1089 4191 1143 4226 cum
1162 4191 1220 4237 omo.
1267 4173 1376 4224 18.sal·

197 4266 257 4302 rum
276 4252 319 4301 tt.
374 4251 414 4301 19.
433 4261 455 4299 et
474 4254 578 4300 carinam
598 4251 739 4298 dissolutam
759 4251 832 4298 codex
850 4249 882 4296 lo.
900 4248 1026 4296 Clementis.

237 4421 297 4482 cap.
316 4421 362 4467 tt.
394 4435 414 4467 a.
434 4433 515 4466 narem
534 4418 641 4479 procella
660 4416 765 4478 dissipa·
817 4416 906 4463 cicutas
932 4413 1168 4468 miscueronarem
1200 4407 1327 4471 quotannis
1352 4407 1376 4455 in

197 4483 267 4552 tam]
291 4486 369 4535 Alieni
395 4501 491 4548 quoque
509 4485 626 4532 sententia
646 4484 698 4540 tuit,
722 4498 765 4531 nn·
818 4481 893 4529 Delon
913 4478 1040 4527 transmitti
1055 4474 1151 4523 solitam
1166 4489 1218 4523 eam
1229 4475 1305 4537 ipsam
1322 4487 1377 4549 essa

198 4570 265 4613 rem,
294 4554 316 4601 si
340 4553 401 4601 adeo
424 4567 497 4615 saepe
520 4553 609 4600 retecta
637 4557 709 4608 esset,
741 4557 766 4597 ut
817 4548 928 4596 dicebant
952 4559 998 4607 qua
1023 4543 1127 4619 maiores
1140 4555 1203 4618 suos
1221 4542 1377 4617 reprenso

200 4624 271 4673 nulla
290 4620 371 4670 tabula
383 4620 466 4667 eadem
482 4625 633 4681 permaneret
644 4632 704 4679 quae
718 4632 765 4664 non
818 4615 912 4664 Cretam
932 4619 1033 4687 verprat.
1061 4609 1147 4655 Tooro
1166 4602 1269 4686 iurare
1281 4601 1377 4683 uictor

199 4705 264 4740 nora
288 4689 384 4745 luisset,
412 4686 566 4735 nibilominus
594 4686 694 4733 eandem
723 4699 764 4731 na·
818 4672 854 4733 ὥς
872 4690 961 4744 φασιν
978 4675 1211 4736 Αθηναῖοι“οειι.,
1230 4671 1380 4739 tuqurtl’la·

198 4773 254 4808 vem
267 4755 406 4804 existimari.
426 4754 442 4801 l.
461 4754 651 4816 l'roponebatur.
671 4752 703 4799 tte
717 4752 765 4798 ind.
818 4749 882 4798 tonis
903 4747 1015 4795 l'baedon
1034 4761 1086 4808 cap.
1100 4744 1120 4791 l.
1140 4742 1245 4805 (Rigalt.)

197 4828 287 4889 ltaque
305 4822 463 4872 Athenienses
482 4837 529 4885 quo
547 4829 656 4884 tempore
674 4819 767 4867 Socrati
1168 4889 1226 4941 35*
