3242 5775
545 621 693 668 immor
714 621 928 668 maenum.
990 675 993 680 ,
1274 611 1335 677 ³51

156 775 201 838 ‘in
231 773 318 838 borao
347 782 379 837 ct
404 772 485 836 molo
511 771 661 854 ‘potnerit
688 773 848 836 convenire
874 773 933 836 luri
960 781 993 836 et
1019 775 1170 850 tenebris,
1202 777 1279 840 dulei
1307 787 1338 842 ot
1384 783 1387 790 '

157 893 270 940 maro.
304 874 365 936 bnt
386 872 414 936 ai
435 874 535 955 potuit
555 875 710 956 utriusque
731 874 887 936 diversitos
908 874 979 936 bani
1001 881 1032 938 et
1052 876 1121 938 moli
1136 879 1337 958 concurrisse,

157 987 185 1040 ot
203 975 318 1056 duplex
340 983 448 1038 natare
468 975 562 1038 nisse
577 975 734 1048 materiae,
756 975 912 1037 amborum
926 977 1006 1038 lerar
1021 957 1186 1053 fructuum,
1207 979 1267 1042 iam
1280 997 1339 1046 noc

158 1077 233 1140 bonu
255 1077 325 1158 ipae
348 1077 406 1138 deo
426 1075 663 1157 deputabuntur,
685 1086 717 1139 nt
739 1093 795 1140 noa
816 1075 890 1138 mala
905 1075 947 1138 illi
961 1076 1160 1157 imputentur,
1182 1080 1237 1142 scd
1251 1089 1337 1144 ntra·

159 1197 211 1260 ῃο
233 1177 360 1258 species
381 1178 419 1239 de
434 1178 579 1266 ¹materiae
601 1165 782 1256 proprietate
804 1185 923 1257 sumpta
945 1178 981 1239 ad
997 1179 1150 1241 materiam
1164 1177 1336 1261 pertinebit.

160 1279 221 1355 Quo
244 1289 339 1361 pacta
362 1295 460 1358 nequo
481 1277 603 1358 gratiam
625 1277 773 1339 bonorum
800 1278 859 1340 dec
880 1277 1088 1354 ‘debebimus
1120 1297 1175 1342 nec
1195 1281 1335 1346 invidiam
1465 1295 1471 1308 ·

159 1379 321 1454 ohram,
344 1380 414 1460 qnia
434 1377 508 1441 nibil
529 1379 566 1441 dc
588 1397 645 1440 sno
666 1387 809 1459 operatos
830 1379 960 1459 ingenio.
994 1379 1052 1442 Per
1065 1380 1146 1460 qood
1161 1381 1337 1461 probabitur
1383 1361 1388 1370 ⁵

159 1482 318 1550 maiiesto
338 1480 481 1542 materiae
501 1479 678 1542 deservisse.

106 1647 109 1654 ,
235 1582 318 1646 Νιω
341 1588 374 1643 at
394 1582 422 1643 si
443 1580 557 1644 dicatur
577 1581 646 1643 licet
667 1599 702 1642 ex
726 1580 884 1642 occasione
905 1581 1060 1655 materiae,
1082 1601 1140 1644 sno
1162 1591 1261 1646 tamen
1282 1603 1334 1647 ar-
1351 1589 1398 1647 Gtr
1414 1587 1470 1635 1¹¹·

105 1731 114 1741 .
156 1682 242 1748 hio
264 1683 352 1746 bona
373 1681 549 1762 protulisse,
572 1680 656 1761 qussi
677 1688 783 1743 nactm
804 1680 917 1742 bonnm
932 1682 1088 1756 materiae,
1111 1695 1336 1764 quemquamst

106 1797 114 1853 's
155 1783 208 1850 boe
228 1795 327 1864 turpe
349 1783 405 1857 sit,
437 1791 518 1845 certe
539 1801 606 1845 cnm
628 1801 664 1844 er
686 1781 789 1843 cedem
812 1781 900 1843 etiam
929 1782 1003 1844 mala
1031 1783 1160 1862 prolert,
1194 1783 1240 1846 rel
1262 1786 1342 1850 baco-

105 1931 113 1941 .
155 1886 254 1968 nipe
277 1901 348 1948 nou
370 1884 408 1945 de
430 1903 487 1946 suo
508 1883 631 1946 arbitrio
652 1881 832 1963 prclerondc
861 1882 955 1945 serait
980 1884 1135 1958 materiae,
1172 1883 1251 1947 alind
1272 1901 1335 1950 nou

153 1987 267 2052 um
284 1987 387 2048 lacera
398 2003 486 2065 qnam
501 2003 537 2047 ex
552 1984 631 2045 malo
645 1985 796 2064 prolerre,
808 2060 810 2065 Ι
820 1983 932 2045 inritas
945 1983 1065 2063 ntique,
1087 2002 1146 2064 qua
1160 1985 1275 2061 bonnm
1297 1995 1334 2050 ci

152 2089 356 2161 mirate,
388 2094 421 2148 nt
449 2086 572 2160 inritus,
608 2093 639 2147 et
659 2103 695 2146 ox
717 2084 877 2159 servitute,
912 2094 944 2145 nt
963 2103 999 2146 cx
1021 2086 1210 2149 necessitate.
1254 2088 1335 2162 Quid

152 2207 223 2270 qo
245 2187 391 2268 dignius,
412 2206 448 2248 ex
470 2186 645 2248 necessitate
660 2203 727 2246 enm
743 2185 916 2246 condidisse
930 2184 1020 2257 mala,
1042 2203 1080 2246 an
1103 2204 1139 2247 ex
1159 2187 1334 2252 voluntate?

151 2289 313 2372 Equidem
336 2306 373 2350 ex
395 2287 574 2350 necessitate
595 2286 742 2361 condidit,
775 2287 801 2347 si
824 2285 1020 2360 cimeteria,
1052 2304 1088 2347 ex
1109 2282 1276 2362 voluntate,
1305 2288 1333 2351 ai

151 2411 186 2456 es
207 2390 323 2454 nihilo.
368 2389 430 2450 lom
452 2388 533 2470 enim
552 2388 618 2451 sine
640 2405 727 2450 censa
749 2386 884 2461 labaraa,
905 2404 944 2448 ne
964 2387 1110 2449 malornm
1132 2395 1235 2450 auctor
1256 2405 1332 2450 con-

151 2493 300 2556 mmmr
321 2489 430 2563 'dens,
458 2490 525 2569 qnia
548 2498 578 2551 et
598 2490 624 2551 si
646 2489 683 2551 de
705 2488 827 2550 materia
849 2488 933 2560 iecit,
962 2487 1020 2567 ipoi
1042 2488 1262 2568 deputabuntm
1282 2490 1334 2570 qui

151 2591 239 2668 latit,
261 2589 395 2672 proinde
416 2600 560 2671 quatenns
583 2590 662 2652 lecit.
690 2590 780 2651 Plane
798 2589 842 2651 oic
855 2590 981 2650 intereat
993 2588 1073 2650 unde
1086 2589 1190 2652 lecerit
1204 2609 1238 2652 ac
1253 2590 1280 2653 si
1295 2591 1334 2654 dc
1365 2665 1370 2678 Ο
1457 2647 1469 2672 ,

154 2693 248 2756 n'b'lo
272 2692 416 2764 lecisset,
439 2709 495 2752 nec
516 2691 642 2754 interest
662 2691 742 2753 unda
756 2689 874 2763 lecerit,
895 2697 929 2751 nt
949 2690 1020 2753 inde
1040 2690 1145 2753 lecerit
1163 2691 1243 2754 unde
1263 2679 1351 2756 eum'

155 2794 249 2874 apis
271 2793 383 2854 mersit.
428 2791 520 2871 lingis
541 2801 639 2854 autem
661 2792 746 2853 ’enm
768 2791 867 2853 decuit
888 2810 924 2852 ex
945 2792 1096 2854 voluntate
1118 2792 1224 2855 iccisaa
1244 2813 1333 2874 qnam

158 2914 192 2957 a
213 2895 413 2967 morositate,
447 2894 476 2954 id
505 2902 553 2955 est
574 2913 609 2955 ex
631 2894 724 2955 nihilo
744 2893 846 2973 potina
868 2912 955 2972 quam
978 2913 1014 2955 ex
1035 2895 1167 2956 materia.
1211 2896 1334 2975 Dignius

160 3007 204 3057 eut
223 2995 334 3057 'deum
357 2996 447 3056 etiam
469 2995 614 3056 malornm
636 3003 787 3056 auctorem
808 2994 933 3055 liberum
957 2994 1077 3056 credere
1093 3014 1179 3074 qnam
1203 3012 1334 3059 servum.

164 3096 361 3174 Quocunque
382 3103 518 3174 potestas
541 3095 568 3155 ei
590 3114 676 3174 quam
699 3095 846 3173 pusillitas
868 3095 1038 3174 competit&
1071 3095 1120 3157 ⁴Si
1141 3103 1172 3156 et
1192 3096 1237 3158 sic
1257 3116 1333 3158 cca·

166 3196 293 3257 cedimrrs
314 3196 468 3257 materiam
490 3196 609 3274 quidem
632 3195 704 3255 nibil
725 3195 797 3257 boni
824 3194 980 3265 babuisse,
1009 3194 1162 3256 deminum
1190 3215 1277 3271 vero,
1305 3198 1333 3259 si

170 3296 232 3373 pfl
253 3296 324 3357 boni
346 3296 455 3368 edidit,
477 3314 530 3357 sue
553 3296 659 3357 virtute
680 3295 827 3366 edidisse,
850 3296 923 3356 aliae
943 3314 1035 3373 aeque
1051 3294 1226 3356 oborientur
1240 3314 1333 3374 quaa·

173 3396 288 3458 mona.
331 3397 449 3470 Primo,
483 3397 509 3457 si
532 3397 643 3457 bonum
665 3397 697 3457 in
719 3399 841 3479 necteria
863 3396 1004 3456 ‘omnino
1032 3412 1092 3454 non
1113 3394 1183 3465 init,
1214 3412 1275 3455 non
1297 3414 1333 3456 ex

177 3497 288 3557 luterio
306 3497 416 3559 Naum
440 3499 564 3570 lactum,
593 3498 672 3576 qnod
694 3497 817 3558 materia
839 3494 953 3563 scilicet
973 3513 1033 3555 nan
1054 3492 1168 3554 habult.
1209 3493 1334 3569 Dehinc,

184 3593 276 3657 ainau
295 3616 330 3659 cx
350 3598 488 3671 materia,
512 3599 569 3659 iam
592 3616 664 3676 ergo
687 3615 723 3659 ex
745 3597 803 3658 deo
825 3597 944 3657 lactum.
990 3595 1022 3656 Si
1044 3611 1098 3654 nec
1120 3611 1155 3653 ca
1178 3594 1252 3665 dec,
1275 3594 1334 3657 iam

191 3708 246 3772 «ιο
264 3716 297 3757 er
316 3699 405 3761 nihilo
427 3700 547 3761 lactum.
590 3698 655 3759 llcc
681 3698 760 3759 enim
788 3706 928 3777 superest
954 3695 1116 3757 secundum
1138 3694 1334 3773 Hermogenis

111 3788 416 3874 ffwm

105 3864 146 3983 'f
262 3896 361 3962 ¹l¹orro
390 3902 417 3962 si
445 3901 556 3961 bonnm
584 3918 681 3978 neque
710 3916 745 3959 ex
772 3898 893 3961 materia
923 3897 1049 3958 'lactum
1079 3904 1141 3967 eet,
1175 3895 1243 3975 quia
1271 3914 1334 3957 non
1353 3919 1456 3977 capno.

158 4040 171 4085 t
211 3998 252 4051 nt
266 3993 292 4055 in
309 3998 368 4075 illa,
395 4002 480 4062 utin
503 4001 594 4073 mala,
623 4018 719 4079 neque
742 4017 777 4060 ex
804 3999 878 4068 dec,
910 3997 977 4076 qnia
1005 3996 1078 4058 nibil
1098 3997 1198 4076 potuit
1217 4016 1254 4059 ex
1275 3996 1335 4059 deo

105 4062 158 4140 θῶ
177 4174 179 4179 ¹
218 4082 269 4162 hl,
292 4097 360 4160 sicot
384 4102 485 4164 delinit
512 4102 734 4180 Hermogenes,
770 4098 919 4160 inuenitur
947 4098 1058 4158 bonurn
1091 4099 1148 4159 iam
1177 4116 1212 4159 ax
1240 4097 1333 4163 nibilo
1389 4137 1399 4206 -ἱ

106 4197 188 4278 ὕύ·
226 4228 516 4304 *immunitionem
568 4253 592 4302 5.
612 4253 740 4316 poleritd.
792 4251 816 4300 b.
836 4250 1005 4300 dividimnsd.

106 4293 193 4395 ’ξς-,ιθ
265 4304 305 4372 t'l-
318 4315 366 4368 lli.
400 4322 422 4371 l.
441 4324 491 4370 illis
508 4323 533 4371 Α.
582 4319 778 4369 berimund.
829 4318 853 4368 3.
872 4320 984 4367 dominns
1002 4319 1028 4367 l.
1079 4316 1103 4366 4.
1121 4317 1162 4367 Sic
1178 4325 1204 4366 ct
1219 4318 1257 4367 alc
1274 4332 1334 4367 con·

232 4364 329 4429 *NJ-
363 4387 386 4437 b.
402 4393 501 4441 omnino
519 4414 553 4424 -
570 4412 604 4423 -
623 4387 688 4452 quod
707 4389 805 4436 materia
824 4390 911 4436 omnio
928 4392 981 4435 soal
998 4387 1024 4434 io
1041 4386 1077 4434 od.
1096 4385 1199 4435 Sortleri.
1239 4383 1263 4435 6.
1281 4385 1334 4435 dis·
