3242 5775
316 632 378 697 128
570 646 672 698 omani
693 644 825 689 ΒΕΠΙΙῙῙ
846 644 1019 687 tenuistis*
1033 644 1229 687 manumitti

314 800 421 872 licere,
442 796 577 877 qnando,
599 804 630 860 et
645 796 672 858 si
686 795 759 857 nihil
780 794 837 856 tale
858 794 1057 874 praedicatum
1079 794 1111 855 in
1131 793 1200 856 illo's
1221 793 1373 856 inveniret

316 901 379 963 sola
400 899 501 978 utique
522 899 651 960 bumana
672 896 802 959 conditio
825 894 961 974 deceptui
989 895 1115 956 obnoxia
1137 896 1373 974 persuasisset!

315 1019 415 1063 errare
436 998 590 1081 potuisse,
611 1017 668 1079 qna
689 998 843 1070 homines,
877 1015 932 1058 nec
954 995 1051 1057 statim
1072 996 1285 1076 praeiudicium
1310 1016 1373 1059 sum

316 1103 354 1165 dc
374 1100 521 1164 sententia
542 1119 647 1162 eorum
669 1118 746 1179 quos
769 1097 909 1160 credibile
930 1096 1045 1158 'luerat
1066 1115 1194 1158 errasse.
1229 1098 1347 1159 Porroi
1369 1124 1373 1154 r

315 1203 516 1286 praedicatum
537 1201 659 1262 sitnon
681 1200 833 1279 agnituros
855 1217 909 1260 eos
931 1198 1081 1259 Christum
1103 1197 1229 1277 ideoque
1252 1198 1341 1260 etiam
1366 1218 1373 1279 1

315 1312 439 1384 piures,
461 1302 519 1363 iam
542 1320 613 1381 erga
636 1301 701 1381 ipse
723 1301 780 1363 erit
801 1308 832 1361 et
852 1300 1003 1378 ignoratus
1026 1307 1056 1359 et
1076 1298 1271 1379 interemptus
1293 1300 1374 1362 abil

316 1424 403 1485 mem
425 1404 466 1466 ita
487 1402 647 1465 admissuri
668 1400 929 1482 praenotabantur.
963 1400 1028 1461 llnc
1049 1400 1075 1460 si
1090 1399 1211 1479 psobari
1226 1401 1336 1479 exigis,
1358 1420 1373 1463 n

316 1506 479 1586 scripturas
501 1504 632 1565 evolvam
655 1522 731 1583 quae
752 1500 1011 1580 interemptibilem
1034 1500 1183 1561 Christum
1207 1502 1358 1564 edicentes

315 1608 365 1669 ⁴et
394 1605 587 1686 ignorabilem
620 1605 767 1666 affirmant
799 1602 869 1676 (nisi
897 1603 976 1663 enim
1004 1600 1156 1681 ignoratus
1183 1602 1256 1663 nihil
1288 1605 1373 1666 scilic

300 1715 450 1789 'posseth
474 1705 527 1767 sed
549 1705 707 1767 reservatis
729 1704 774 1766 eis
796 1703 833 1765 ad
856 1722 974 1764 cansam
993 1704 1168 1783 passionum
1184 1722 1234 1765 eas
1250 1705 1373 1784 praedic

317 1811 348 1872 in
374 1809 524 1889 praesenti
552 1806 697 1868 ‘sufficiet
722 1805 864 1867 adhibere
891 1804 1111 1883 quae'interim
1138 1804 1332 1883 ignorabilem
1359 1825 1373 1886 p

317 1910 484 1982 Christum,
513 1916 543 1969 et
563 1907 622 1969 boc
642 1907 785 1980 breviter,
814 1904 884 1966 dum
907 1906 1068 1967 ostendunt
1096 1924 1214 1967 omnem
1242 1908 1301 1967 rim
1323 1906 1373 1968 inu

190 1996 301 2097 meJiq
316 2011 481 2092 ademptam
503 2009 614 2089 populo
635 2027 652 2069 a
673 2015 818 2070 creatore.
862 2007 1012 2079 luteram,
1036 2005 1146 2086 inquit,
1170 2007 1344 2086 sapientiam
1366 2027 1373 2069 r

164 2114 391 2183 aumantium
422 2112 557 2183 iliorum,
589 2117 620 2171 et
646 2107 834 2190 prudentiam
863 2108 1054 2187 prudentium
1082 2126 1184 2169 eorum
1218 2108 1373 2170 abscondar

318 2216 396 2276 hura
422 2210 566 2290 audietis,
602 2219 633 2272 et
653 2227 714 2270 non
735 2207 875 2281 audietis,
910 2216 940 2269 et
961 2208 1054 2270 oeulis
1077 2208 1231 2282 videbitis,
1265 2218 1295 2270 et
1321 2229 1373 2271 nor

318 2314 405 2377 bitis:
440 2314 633 2375 incrassatum
661 2319 709 2372 est
735 2308 813 2371 enim
836 2327 888 2370 cor
908 2309 1010 2388 populi
1032 2309 1136 2383 huius,
1166 2318 1195 2370 et
1215 2310 1338 2372 auribus
1360 2329 1373 2392 g

318 2415 474 2476 audierunt
502 2422 531 2474 et
558 2412 662 2474 oculos
692 2411 916 2483 concluserunt,
947 2429 986 2471 ne
1013 2411 1131 2490 quando
1162 2410 1282 2473 auribus
1313 2413 1373 2474 audi

319 2515 412 2577 corbe
432 2514 551 2575 rideant
572 2520 604 2573 et
622 2513 713 2574 corde
735 2512 883 2574 coniciant
904 2520 934 2573 et
962 2519 1186 2587 convertantur,
1219 2520 1250 2573 et
1278 2531 1373 2575 sanerr

318 2616 401 2676 llanc
421 2614 500 2673 enim
514 2611 742 2674 ‘obtunsionem
763 2613 935 2675 salutarium
950 2631 1091 2674 sensuum
1109 2623 1295 2688 meruerant,
1318 2614 1373 2675 labi

252 2697 254 2702 ¹
319 2723 424 2795 gentes
446 2713 551 2787 deum,
573 2713 663 2775 corde
685 2722 783 2774 autern
806 2715 893 2794 longe
914 2714 1095 2776 absistentes
1116 2714 1152 2774 ab
1174 2733 1221 2776 eo.
1254 2715 1373 2793 lgitnrs

319 2826 384 2877 stus
407 2813 527 2895 quidem
548 2813 777 2875 annuntiabatur
798 2833 814 2875 a
837 2823 969 2876 creatore
988 2816 1133 2877 solidante
1147 2815 1328 2892 tonitruum,
1351 2831 1373 2878 et

165 2917 453 2985 amoenumcludente
475 2914 629 2993 spiritum,
651 2922 680 2977 et
700 2916 890 2978 annuntiante
911 2917 941 2978 in
963 2917 1100 2979 homines
1112 2917 1262 2980 Christum
1277 2936 1366 2980 suum

181 3034 304 3086 reuma.
318 3018 387 3078 dum
416 3016 541 3076 'loelem
569 3017 773 3095 prophetam·‚
807 3018 834 3078 si
862 3019 960 3080 omnis
987 3036 1058 3097 spes
1086 3019 1278 3091 ludaeorum,
1311 3017 1370 3081 ‘ne

319 3116 407 3178 etiam
428 3117 576 3196 gentium,
607 3117 638 3178 in
661 3117 769 3179 Christi
796 3119 1005 3180 revelationem
1029 3118 1273 3193 ¹⁰destinabatur,
1306 3119 1373 3183 sine

317 3218 348 3279 id
370 3215 651 3279 demonstrabantur
671 3235 733 3279 non
754 3219 881 3298 agnituri
904 3229 933 3281 et
954 3237 1015 3280 non
1036 3219 1227 3294 intellecturi,
1251 3220 1373 3283 ¹¹ablatis

318 3370 342 3420 3.
361 3372 433 3421 luerit
448 3371 492 3420 AB.
514 3371 635 3421 Vaticanus
652 3386 721 3421 uaus.
765 3370 789 3420 4.
809 3378 832 3419 et
850 3359 1007 3432 ignorabilem
1025 3371 1097 3421 iliad.
1121 3372 1223 3421 Vaticani
1241 3374 1294 3422 duo.
1330 3346 1373 3436 ign⁴

317 3441 409 3503 reliqui.
461 3438 485 3488 b.
503 3439 593 3488 snlllcit
613 3439 734 3488 Vaticanus
751 3454 820 3488 acus.
872 3439 895 3487 (i.
915 3439 1083 3487 obtunsionem
1102 3438 1177 3488 loca.
1219 3440 1373 3491 obtusionem

318 3506 332 3555 'i
362 3506 480 3555 condente
497 3506 610 3556 latinius.
651 3504 675 3556 8.
693 3506 1057 3570 lebelemprophetaml13Cai.
1092 3509 1165 3555 imos
1184 3508 1326 3570 prophetam
1345 3509 1373 3559 sd

318 3542 394 3621 &aar
413 3571 650 3631 simulationes.
685 3573 774 3622 nedoni
791 3573 825 3631 (et
843 3573 930 3621 nedum
949 3573 984 3632 B.)
1003 3573 1080 3622 dicam
1097 3574 1210 3639 reliqui,
1240 3574 1278 3624 10.
1297 3575 1373 3627 redes

321 3640 443 3688 Vaticanus
459 3651 528 3686 usus.
592 3641 631 3690 ll.
650 3640 736 3688 ablatis
761 3639 889 3701 agnitionis
913 3646 937 3688 et
963 3640 1132 3701 intelligentiae
1151 3641 1248 3700 viribus,
1276 3643 1373 3706 sapient

317 3704 444 3767 prudentia
468 3704 534 3753 eiad.
554 3705 684 3756 Geraieasis
701 3708 767 3757 liber.
813 3707 899 3756 ablatis
923 3713 947 3755 et
970 3708 1142 3769 intelligentiae
1165 3709 1253 3758 viribus
1277 3710 1373 3773 sapiant

318 3772 445 3836 prudentia
465 3770 488 3820 C.
523 3772 646 3821 oblatione
670 3774 790 3834 agnitione
815 3782 838 3822 et
862 3773 1049 3834 intellegentiam
1074 3776 1162 3824 viribus
1180 3777 1323 3840 sapientiam
1341 3787 1373 3827 atr

319 3840 423 3889 dentiam
440 3839 466 3888 Δ.
507 3836 654 3889 oblationem
679 3849 702 3889 et
724 3840 910 3903 intellegentiam
936 3841 1025 3890 viribus
1043 3843 1184 3905 sapientiam
1204 3851 1275 3907 atque
1293 3845 1371 3908 prnde

317 3971 413 4020 nautico
431 3984 479 4019 aon
498 3984 574 4033 panea
592 3972 621 4021 de
639 3973 712 4032 iacta,
736 3980 760 4022 et
783 3974 877 4024 lortean
962 3989 982 4023 c.
1014 3974 1102 4024 loelern
1132 3973 1295 4041 prophetam}
1332 3978 1373 4028 Lat

251 4049 254 4056 ·
317 4038 347 4087 de
365 4037 506 4086 exercitoria
529 4051 626 4102 quoque
643 4043 746 4100 actione,
772 4042 796 4090 in
815 4041 878 4091 Pan·
928 4043 1039 4091 caedente
1065 4045 1179 4106 spiritum.
1225 4045 1311 4106 llecta;
1338 4060 1373 4095 nai

317 4106 399 4154 doctas
416 4104 499 4153 relata.
518 4104 624 4166 (Rigalt.)
647 4108 699 4156 llon
719 4109 878 4171 proprieagit
929 4123 982 4172 cap.
998 4109 1022 4157 l.
1047 4117 1084 4158 est
1107 4103 1121 4157 i
1145 4105 1245 4167 κτίζων
1266 4110 1373 4177 meipsa

317 4173 463 4232 debuere,
487 4173 530 4220 sed
549 4173 594 4222 ioci
613 4183 704 4224 tantona
724 4176 799 4236 gratia
815 4176 877 4225 llar-
929 4176 991 4224 idem
1010 4175 1137 4237 legendnm
1160 4186 1227 4240 putat
1245 4181 1373 4243 simplicite

318 4252 390 4295 cient,
418 4252 458 4301 qm
483 4239 651 4290 naviculariam
682 4243 739 4290 olim
764 4241 876 4292 ionasais
929 4245 982 4292 dam
998 4246 1138 4307 proplietam.
1166 4246 1213 4294 Sed
1232 4255 1255 4295 et
1271 4247 1373 4297 Latinius

318 4313 465 4361 exercuerat,
484 4306 506 4354 in
525 4307 630 4356 barbara
638 4309 705 4358 Ponti
719 4309 817 4369 regione
833 4324 876 4358 na·
930 4324 1016 4358 nomen
1037 4314 1170 4374 prophetae
1189 4327 1328 4376 expungens
1352 4321 1373 4365 st

317 4379 365 4430 tos,
390 4387 437 4420 non
456 4372 572 4439 Rhodiam
592 4376 668 4436 legem
692 4377 764 4437 (qnae
782 4377 876 4425 nautica
930 4377 1057 4426 Pamelius.
1085 4379 1373 4431 Mutandaesolnnrdistii

317 4439 413 4501 quidem
438 4447 484 4498 est,
508 4440 551 4489 sed
575 4443 789 4500 taraschonam,
818 4459 877 4492 aaa
929 4452 953 4492 et
971 4443 1038 4492 locus
1057 4455 1154 4495 curatos
1173 4455 1216 4496 est.
1243 4447 1283 4497 Sic
1294 4448 1373 4509 ergab

317 4506 512 4568 prudentissimis
537 4508 674 4558 hominibus
700 4509 766 4567 lata),
795 4524 876 4559 rernm
930 4525 956 4558 ea
976 4525 1034 4560 mss.
1054 4515 1174 4574 omnibus,
1193 4515 1281 4564 iudicio
1301 4528 1371 4571 maa:

318 4573 439 4622 Ponticam
465 4588 494 4622 aa
516 4574 643 4623 barbaram
671 4574 774 4638 aliquam
801 4577 877 4637 legem
929 4582 1004 4627 ainata
1022 4581 1046 4627 ia
1064 4583 1167 4630 homines
1186 4581 1300 4632 Chartam
1321 4598 1373 4633 suar

317 4641 407 4689 cavisse
433 4640 517 4689 scribit
545 4656 626 4690 errare
643 4642 746 4691 ludaeos
764 4645 787 4692 in
807 4644 877 4693 Chri·
929 4646 1075 4694 duealatiecr
1089 4651 1232 4711 proplietam,
1252 4652 1373 4699 siamuisa

316 4716 379 4756 stum
397 4722 467 4756 snum
486 4721 535 4756 non
553 4708 634 4758 licere.
654 4710 711 4770 (lac.
726 4710 826 4770 Pamel.)
929 4711 987 4760 llam
1011 4717 1137 4776 sequentia
1161 4725 1217 4765 sunt
1240 4730 1269 4766 ex
1293 4716 1366 4781 lqelis

350 4775 373 4824 b.
393 4771 481 4841 Porro]
499 4775 536 4833 lt,
555 4779 652 4826 atenim.
680 4778 717 4826 ct.
735 4779 827 4828 adnott.
847 4779 877 4829 ad
929 4787 1001 4841 preat
1018 4779 1048 4826 ab
1067 4783 1185 4843 apostolis
1203 4782 1253 4833 bct.
1272 4782 1360 4848 caph.

315 4841 350 4892 lie
368 4843 463 4893 Corona
483 4856 535 4906 cap.
546 4842 570 4893 i.
929 4845 1087 4897 adducuntur.
1106 4849 1156 4911 (ir.
1167 4851 1269 4911 lunias.)
