3242 5775
639 677 730 724 rrnsx
749 677 861 744 umus.

1228 663 1337 736 ux'uxm

121 835 124 840 ·
192 842 244 886 sus,
263 842 334 890 quam
354 828 376 876 in
396 828 451 890 luga
470 828 550 878 salius
570 829 605 880 lie
617 830 681 893 Fuge
696 830 719 881 io
773 831 923 894 llonopaurie
943 834 967 884 iu
985 834 1047 900 ipsis
1059 836 1204 890 animalibus
1213 853 1334 902 recuruu-

106 907 107 912 ’
194 896 290 944 Perseo.
306 895 345 943 to,

114 965 128 982 ⁸
154 964 228 1014 Miles
247 977 318 1011 nemo
337 963 367 1011 ad
385 962 475 1012 bellurn
495 978 548 1013 cum
567 962 661 1013 deliciis
679 979 719 1013 re-

193 1033 236 1089 pit,
255 1046 300 1079 nec
318 1030 347 1079 de
367 1031 477 1081 cubiculo
496 1030 526 1081 ad
546 1032 620 1081 eciem
631 1046 719 1096 proce·

106 1021 127 1052 l

106 1089 110 1121 ²
192 1099 228 1148 dit
245 1099 280 1147 ld
299 1099 393 1161 Martyr.
402 1097 426 1147 2.

106 1229 124 1260 ι
152 1163 265 1282 Hilesiae
284 1181 340 1215 ores
359 1166 392 1214 lle
412 1165 470 1215 Poll.
482 1165 506 1216 3.

806 901 890 958 scitor,
910 915 939 949 ua
958 902 993 951 rel
1013 903 1106 953 bestias
1124 904 1155 954 de
1170 907 1334 960 moechiam-

805 975 931 1017 ecereutur
950 967 983 1018 lie
1001 967 1094 1033 llouop.
1107 970 1132 1022 4.
1212 971 1215 976 ’

772 1034 938 1097 llouogamire
968 1037 1122 1102 disciplinam
1145 1051 1224 1105 neom
1247 1055 1333 1095 uoraur

805 1116 883 1167 neque
902 1111 1039 1154 extraneam
1059 1119 1122 1164 esse.
1141 1105 1215 1158 immo
1232 1113 1333 1162 etanti-

805 1183 886 1232 qasm‚
905 1180 932 1219 et·
947 1174 1072 1238 propriam
1087 1173 1280 1229 Christianorum
1298 1178 1332 1230 lie

181 1231 313 1282 iliariorurn
333 1233 453 1282 somnium
473 1234 529 1284 lui.
545 1233 718 1294 iterentur.
805 1237 934 1299 llouog.l.

106 1311 128 1328 ···
151 1302 267 1350 Militaris
290 1303 362 1351 statio
380 1316 424 1364 per
442 1305 564 1351 universas
583 1304 719 1366 provincias
772 1302 839 1353 llous
852 1306 980 1355 Saturnius
992 1303 1064 1369 Apol.
1077 1301 1115 1356 to.
1133 1306 1331 1372 truciorem.

192 1365 309 1432 disposita
329 1370 359 1418 od
373 1369 479 1419 latrones
489 1370 641 1432 vestigandos
652 1371 718 1435 lpo-

152 1436 244 1553 ΜιΙΙιῗξε
252 1436 361 1553 21111110
380 1504 413 1553 lie
432 1504 527 1554 Corona
548 1504 586 1554 14.

770 1370 875 1421 llontaui
894 1373 982 1423 ieiunia
1001 1373 1036 1423 lle
1053 1374 1128 1424 leluu.
1141 1375 1163 1426 1.

771 1438 899 1489 lloutaons
916 1441 972 1489 idi.
992 1440 1063 1491 omn.
1083 1442 1188 1493 ΗΜΛ.

770 1505 863 1556 Montes
881 1507 994 1557 ardentes
1010 1507 1164 1572 1ρο1ο3.12.

152 1572 238 1622 Militia
258 1586 302 1620 nec
321 1572 463 1622 delictorum
483 1574 658 1636 impunitatem,
676 1582 718 1622 eut
768 1598 801 1608 —
820 1576 943 1638 quomodo
962 1576 1089 1627 dulcorem
1107 1577 1256 1631 destillariit
1272 1567 1330 1632 ddi.

106 1645 128 1676 εἰ
192 1641 359 1701 martyriorum
370 1640 544 1690 immunitatem
554 1642 670 1705 permittit
684 1642 717 1690 lie
804 1641 874 1691 llarc.
896 1641 937 1702 lll,
947 1642 970 1691 5.
1266 1663 1269 1668 ·

190 1707 285 1756 Corona
307 1707 346 1755 11.

150 1799 188 1811 -
208 1790 238 1822 an
262 1783 338 1823 totirrn
364 1773 507 1824 Christianis
534 1777 658 1825 conueniet
682 1775 716 1824 [ie

106 1867 118 1880 -
191 1841 286 1891 Corona
307 1842 346 1891 tt.

768 1707 846 1772 ilopsi
865 1709 990 1759 omeulum
1010 1710 1128 1762 incilicia
1147 1709 1330 1766 Dedulmeld.

803 1777 839 1825 cr.
857 1778 891 1825 aa
911 1777 973 1826 nari.
992 1776 1056 1838 tit.

768 1841 852 1894 llurbo
882 1843 997 1894 comitiali
1021 1852 1119 1895 reeome
1141 1845 1247 1898 humruo
1269 1862 1328 1900 seu·

106 1939 120 1950 -
148 1905 262 1959 Militiam
281 1909 354 1959 licere
374 1909 600 1974 usqueadcauaam
611 1925 716 1961 coronae
801 1913 873 1972 guina
891 1912 1049 1962 medebimur
1066 1913 1167 1963 Romani
1191 1913 1328 1980 epotasti.

190 1978 224 2026 De
243 1977 337 2026 Corona
358 1977 396 2026 12.

106 2059 122 2086 a
152 2033 274 2093 Miltiades
292 2046 448 2094 ecclesiarum
467 2045 576 2108 sophista
595 2045 651 2097 lde.
671 2045 715 2096 va-

190 2114 248 2161 lent.
258 2113 282 2161 5.

147 2177 230 2229 Minas
248 2180 286 2227 dei
305 2179 400 2243 quidem
419 2179 549 2230 horremus
564 2195 658 2241 omues,
677 2181 714 2230 ni·

189 2247 321 2296 lailorninus
347 2258 426 2296 tamen
450 2249 485 2296 ris
510 2261 523 2296 r
548 2248 612 2298 malo
632 2248 715 2299 arelli-

188 2329 243 2364 mur
260 2316 316 2364 idi.
335 2315 407 2364 Marc.
426 2315 456 2375 ll,
468 2314 507 2364 tt.

106 2401 125 2434 ιι
146 2383 266 2441 Minerua,
286 2397 333 2431 uou
352 2382 431 2431 sulum
451 2385 547 2442 artium,
570 2383 613 2432 scd
632 2397 714 2433 armo-

106 2472 123 2502 ε
187 2464 241 2500 ruru
260 2465 356 2513 quoque
375 2451 419 2500 dea
438 2450 471 2498 lic
490 2449 585 2500 Corone
607 2449 645 2500 12.

106 2549 121 2572 ,
144 2543 185 2557 -—
203 2518 309 2567 tltlrcuae
332 2532 389 2567 suas
414 2518 606 2568 contraxeram
630 2517 715 2568 deleu-

105 2610 121 2642 ,-
187 2583 245 2635 dere
264 2600 312 2634 uon
332 2583 403 2635 ralrrit
420 2586 455 2635 Ad
473 2585 536 2635 nair.
555 2586 585 2642 ll,
599 2585 637 2634 l'l.

142 2680 194 2712 -,
215 2651 274 2701 luno
299 2661 322 2702 et
342 2653 449 2717 luppiter
473 2654 605 2703 secundum
625 2653 712 2704 Varro-

106 2749 118 2764 .
186 2734 242 2769 nem
261 2721 318 2769 sulit
336 2720 367 2769 dii
377 2722 485 2770 omnium
496 2722 657 2785 antiquissimi
676 2724 712 2772 Ad

105 2769 117 2852 ζ
185 2789 249 2839 nari.
269 2788 299 2846 n,
315 2787 353 2837 te.

106 2888 117 2923 Ι
147 2882 181 2894 -
204 2856 281 2919 prirua
294 2863 328 2905 est
341 2855 423 2905 molita
436 2869 517 2905 noveru
537 2856 571 2906 lie
581 2856 675 2909 Corona
688 2857 711 2909 8.

113 2974 116 2985 ,
144 2925 272 2977 Minervae
281 2925 360 2972 lanicii
372 2924 587 2987 dispensationem,
605 2934 711 2975 structu·

105 3026 116 3059 ¹
186 3006 287 3055 rumque
305 2991 406 3039 telarum
427 2992 533 3040 {tibuunt
552 2993 584 3041 lie
602 2992 697 3047 Palld.

142 3087 179 3098 -
203 3059 271 3120 galea
291 3061 364 3108 iuriis
383 3060 468 3108 lormis
486 3060 520 3108 lie
539 3060 637 3111 Testim.
653 3062 712 3111 lui·

106 3178 114 3195 ν
186 3142 240 3176 mae
258 3126 281 3175 2.

106 3238 113 3259 ,
143 3195 288 3245 Minervalia
307 3194 340 3242 lie
361 3192 418 3243 ldol.
434 3194 472 3244 10.

106 3324 111 3333 Ι
144 3264 279 3312 Minervam
305 3276 357 3310 cum
386 3262 468 3310 urbem
487 3261 593 3312 Athenas
607 3261 710 3315 inolire·

185 3339 235 3389 tur,
259 3330 317 3377 nihil
342 3331 406 3377 aliud
426 3342 496 3392 quam
515 3330 622 3389 regionis
641 3338 710 3380 netu·

185 3411 237 3446 reru
262 3399 425 3460 prospexisse,
451 3411 478 3444 ac
503 3399 592 3459 optima
617 3398 710 3459 ingenie

184 3464 318 3528 pollicitam
338 3466 371 3513 lic
389 3466 473 3512 tlnima
492 3463 533 3512 20.

147 3533 230 3583 Minoa
250 3532 477 3581 etltlradarnanthns
497 3533 629 3581 inlerorum
648 3531 710 3580 iudi·

186 3614 228 3649 ces
245 3600 348 3662 Apolop.
361 3598 402 3648 23.
420 3600 454 3646 ld
474 3598 537 3649 Noti.
555 3596 624 3655 tto.

147 3668 321 3718 Miraculorurn
340 3667 407 3728 sigua
422 3675 445 3715 ct
456 3667 554 3715 virtutes
565 3664 710 3716 solacClrri·

120 3735 126 3749 ‘
184 3742 248 3785 atum
268 3749 315 3783 non
335 3736 437 3798 probant
455 3735 512 3782 Adi.
532 3732 603 3782 llarc.
624 3731 698 3789 lll.3.

147 3802 331 3853 Misericordiae
361 3811 438 3851 mater
466 3801 578 3865 patientia
607 3800 641 3849 lie
666 3801 710 3848 Pa·

184 3872 253 3919 tieut.
264 3868 286 3918 3.

145 3938 368 3989 Misericordiaruru
386 3945 456 4000 pater
475 3937 537 3984 idem
556 3936 596 3998 qui
615 3935 712 3984 miseri·

184 4021 249 4064 cors,
274 4000 441 4053 miserator'et
460 4003 638 4052 misericordiae
656 4003 711 4065 plu-

184 4073 262 4122 rirune
280 4080 317 4120 est
335 4072 412 4120 dictus
432 4072 486 4120 Adi.
507 4070 578 4119 ilarc.
597 4070 624 4130 ll,
636 4069 676 4119 11.

148 4141 251 4190 Mitlnae
269 4139 354 4188 leones
372 4139 453 4188 aridae
476 4148 498 4187 et
517 4137 623 4187 ardentis
641 4146 711 4187 natu·

184 4224 226 4258 rac
251 4216 401 4256 sacramenta
426 4207 630 4271 philosophantur
653 4206 711 4254 tui.

185 4276 255 4324 Marc.
275 4275 293 4332 l,
306 4275 344 4323 13.

149 4369 181 4378 --
202 4343 267 4391 initia
288 4343 320 4390 lle
340 4342 483 4404 Praescript.
504 4341 649 4390 llaerctdd.

148 4410 311 4460 Mithridatem
336 4424 363 4457 eu
396 4411 490 4458 somnio
517 4400 584 4458 Ponti
608 4409 709 4472 potitum

186 4479 219 4525 lle
234 4479 317 4526 Anima
337 4476 377 4525 46.

768 1978 827 2028 Mori
851 1994 900 2028 nou
924 1979 988 2028 solet
1012 1979 1058 2029 nisi
1076 1981 1143 2045 quod
1158 1982 1267 2034 nescirer
1292 1982 1328 2033 lie

801 2045 881 2095 Cerne
898 2045 989 2097 circ.

767 2114 876 2163 llorituri
884 2122 1045 2174 reservantur,
1058 2121 1083 2165 ut
1093 2113 1258 2165 ritiolirlstum
1269 2131 1327 2169 seu-

801 2182 872 2243 puine
890 2197 935 2230 auo
953 2183 1091 2243 extinguant
1107 2179 1143 2232 lle?
1159 2183 1244 2234 luitur
1262 2183 1303 2237 oo.

767 2248 831 2298 ilors
850 2250 893 2298 dea
912 2249 947 2298 Ad
965 2250 1028 2299 llatt.
1048 2248 1078 2305 ll,
1088 2249 1129 2300 15.

766 2341 799 2353 —
818 2315 957 2367 Christiano
976 2317 1041 2366 utilis
1059 2317 1180 2380 Scorpi.
1273 2352 1276 2356 .

765 2408 799 2418 —
818 2398 866 2432 nou
885 2384 950 2433 aliud
960 2386 1183 2448 terminaturquam
1197 2385 1325 2437 disiunctio

800 2453 912 2516 corporis
930 2461 954 2500 et
972 2455 1066 2501 uuiruuc
1084 2452 1119 2502 tta
1136 2445 1221 2502 Aulida
1239 2451 1280 2504 27.

766 2544 797 2555 ·-
818 2526 855 2568 est
880 2533 941 2583 quae
960 2533 1056 2568 carnem
1075 2526 1099 2568 et
1116 2522 1258 2582 acuminum
1276 2537 1325 2572 uou

800 2587 874 2636 modo
893 2589 1035 2651 corrumpit,
1051 2601 1131 2636 rerum
1144 2586 1216 2638 etium
1235 2601 1326 2640 cousu-

800 2657 844 2703 rnit
862 2653 895 2704 lle
914 2655 1011 2704 Resurr.
1029 2653 1115 2704 Cernis
1129 2653 1170 2706 di.

766 2747 796 2759 -
817 2722 905 2772 Christi
925 2723 1021 2784 pondus
1039 2730 1063 2771 ct
1081 2723 1175 2772 tructus
1194 2719 1324 2774 Christiani

799 2790 905 2839 nominis
921 2789 980 2854 ¹Adr.
1001 2788 1072 2838 llarc.
1093 2790 1133 2849 ΙΙΙ,
1146 2787 1169 2841 8.

764 2881 797 2894 -
816 2857 880 2906 eliud
908 2863 931 2906 et
955 2855 1019 2906 aliud
1045 2856 1146 2907 mortale
1174 2855 1208 2907 lic
1226 2855 1324 2910 desum

799 2925 884 2974 Carnis
902 2924 943 2974 51.

763 3018 796 3028 -
815 3007 863 3041 non
889 2994 953 3055 capit
975 2992 1194 3053 immortalitatem,
1222 2993 1324 3043 mortale

798 3068 878 3108 antem
897 3060 961 3123 capit
980 3059 1012 3107 lle
1032 3060 1129 3108 llesurr.
1149 3059 1235 3110 Cernis
1253 3059 1295 3110 M.

762 3153 795 3163 —
816 3128 881 3176 natta
900 3140 949 3175 uon
967 3128 1034 3176 ruina
1046 3128 1323 3179 membrorumestldr.
1397 3174 1405 3181 .

798 3194 869 3245 llere.
887 3193 913 3254 V,
928 3191 952 3244 8.

764 3263 839 3312 Morta
860 3262 955 3310 sublato
979 3274 1058 3322 neque
1081 3261 1156 3311 rictus
1182 3261 1323 3312 fulcimento

797 3330 827 3378 od
847 3329 966 3392 praesidia
980 3328 1048 3382 vitae,
1068 3341 1146 3391 neque
1156 3328 1252 3390 generis
1263 3342 1323 3392 sup-

797 3405 909 3459 paratura
927 3395 1005 3455 grauis
1023 3395 1069 3443 crit
1090 3395 1207 3443 membris
1225 3395 1260 3443 tte
1275 3396 1322 3445 lle-

797 3478 860 3512 surr.
880 3462 964 3511 Carnis
982 3460 1023 3509 dl.

764 3529 863 3578 llortern
890 3544 937 3577 non
962 3541 990 3576 er
1014 3536 1098 3575 natura
1116 3534 1224 3577 secutam
1243 3528 1322 3579 iomi-

798 3612 862 3655 ηοω,
887 3598 929 3644 aed
954 3609 981 3644 cx
1000 3595 1080 3656 culpa.
1106 3607 1136 3642 no
1154 3596 1206 3657 ipsa
1225 3594 1322 3658 quidem

798 3664 900 3712 naturali
911 3662 953 3710 tte
971 3663 1055 3709 tlnima
1071 3658 1112 3710 tu.

762 3757 796 3767 -
815 3731 910 3794 quidam
930 3729 1071 3791 spiritaliter
1088 3728 1190 3776 iuuuuut
1208 3740 1263 3776 cese
1284 3728 1322 3779 lu·
1372 3743 1377 3755 ·

797 3797 958 3859 tellopendrm
979 3796 1011 3845 De
1030 3797 1127 3845 liesurr.
1146 3794 1231 3845 Carnis
1250 3794 1290 3845 to.

764 3893 795 3902 —
816 3867 937 3923 timemus,
960 3863 1147 3927 quamcredere
1166 3876 1215 3912 unu
1232 3877 1322 3928 possu·
1402 3919 1407 3928 ,

799 3948 851 3981 mus
869 3932 902 3981 lte
920 3933 1018 3981 Testim.
1037 3931 1137 3980 Animae
1154 3929 1179 3979 4.

763 4008 820 4065 post
837 4000 936 4049 Mortem
956 3999 1012 4048 nihil
1031 4010 1162 4062 superesse
1180 3996 1264 4060 tulgus
1281 4014 1322 4050 ex·

797 4068 888 4117 istimut
907 4067 939 4115 lle
958 4068 1055 4116 llesurr.
1075 4066 1160 4116 Cernis
1180 4062 1216 4114 l.'

764 4136 852 4186 Mortes
871 4135 1052 4184 daemoniorum
1076 4144 1151 4196 opera
1169 4139 1193 4183 et
1210 4134 1323 4184 immotu-

798 4218 838 4253 ras
856 4210 880 4251 et
898 4212 991 4250 atroces
1010 4201 1082 4259 ellici,
1107 4214 1168 4264 ques
1186 4200 1322 4251 incursibus

797 4272 913 4332 deputant
932 4277 1023 4317 setores
1042 4268 1075 4316 lle
1093 4267 1177 4316 Anima
1195 4266 1236 4316 at.

763 4339 894 4387 Morticinis
913 4343 935 4384 et
953 4336 1078 4384 suffocatis
1091 4334 1204 4384 omnllius
1215 4335 1322 4385 abstinc-

797 4408 855 4455 bant
871 4413 961 4452 veteres
980 4403 1109 4453 Cinistiani
1127 4401 1229 4466 Apolog.
1239 4401 1264 4453 9.

763 4474 846 4522 ilortis
883 4484 982 4531 regnum
1017 4470 1075 4520 nihil
1105 4477 1220 4533 operatur
1250 4484 1322 4534 quem
1392 4514 1401 4527 ,

120 4742 129 4749 ’
185 4748 216 4804 ΙΙ,
236 4748 259 4795 li.

149 4545 266 4594 Modestia
286 4545 373 4608 pudori
391 4553 504 4608 procurat
523 4545 556 4592 tt
577 4544 647 4592 liuor.
661 4541 710 4604 tt.
797 4541 876 4589 carnis
895 4539 1079 4588 dissolutionem
1099 4536 1132 4587 lic
1152 4537 1248 4586 liesurr.
1262 4537 1322 4587 Cer·

150 4614 282 4662 Modestiae
301 4613 353 4661 laus
372 4613 405 4661 De
424 4613 520 4660 Exhort.
543 4613 617 4659 Caetit
635 4610 659 4659 2.
797 4609 835 4656 nis
853 4606 894 4655 tt.

149 4681 245 4730 lindius
275 4681 299 4728 iu
330 4681 454 4742 Serapidis
484 4680 561 4743 capite
590 4679 624 4727 to
650 4678 711 4727 Natt.
736 4702 740 4739 p
762 4700 796 4709 -
816 4684 900 4752 portae
917 4673 1082 4722 adamantinae
1101 4670 1134 4721 lle
1150 4673 1248 4720 lleeorr.
1262 4669 1324 4720 (ler-

150 4815 289 4865 llonaicliia
309 4822 331 4863 et
350 4816 491 4863 oeconomia
515 4813 572 4862 Adi.
592 4811 710 4861 Prasii).
764 4741 896 4859 —musra‘tiiis
918 4822 965 4857 uon
991 4815 1070 4856 tantus
1095 4813 1131 4854 est
1149 4810 1253 4868 quantus
1270 4810 1327 4852 tor-

146 4883 315 4933 Monarchiani
334 4882 447 4932 haeretici
466 4884 521 4933 lde.
541 4881 607 4930 l‘rau.
620 4879 659 4929 to.
799 4885 934 4946 mentorum
953 4875 988 4924 ld
1007 4875 1099 4937 Mertpr.
1111 4874 1135 4922 4.

1080 4952 1122 5008 pa
