3242 5775
523 656 562 699 ne
583 656 828 701 nesomscrroma
849 658 964 701 munis.
1266 644 1329 708 525

193 816 235 868 ste
255 815 349 869 notat.
394 805 561 886 ¹'Expone‘
583 807 678 878 enim,
701 806 813 885 inquit,
837 806 1001 868 secundum
1023 807 1326 885 pristinam-conver·
1341 840 1481 895 emm,

193 906 302 969 rtionem
335 915 465 968 veterem
498 908 664 979 bominem,
702 924 763 967 non
796 908 958 969 secundum
993 907 1116 968 alicuius
1145 908 1327 970 substantiae

193 1009 283 1069 cuium.
328 1008 430 1086 Neque
457 1008 535 1068 enim
565 1026 682 1068 earnem
710 1007 856 1086 praecipit
882 1008 1081 1087 deponamus,
1116 1009 1169 1069 sed
1197 1026 1272 1087 quae
1299 1016 1330 1069 et
1342 1007 1402 1108 ,lifg-
1400 1069 1448 1113 'qq'

193 1110 225 1169 ibi
246 1109 374 1170 carnalia
397 1107 543 1179 ostendit,
567 1126 674 1185 opera,
698 1126 758 1168 non
782 1126 907 1186 corpora
930 1126 1087 1180 accusans,
1111 1109 1147 1169 de
1170 1109 1277 1187 quibus
1299 1117 1330 1169 et

193 1230 207 1270 c
226 1210 347 1280 subicit,
370 1208 559 1287 Deponentes
582 1209 766 1269 mendacium
783 1208 938 1287 loquimini
954 1209 1104 1269 veritatem
1121 1210 1326 1287 unusquisque
1339 1208 1467 1310 wlff-‘3²'

193 1310 381 1389 lproximum
405 1326 509 1376 suum,
531 1308 698 1387 ¹*quoniam
721 1309 851 1369 membra
875 1310 1047 1370 alterutrum
1071 1327 1183 1370 sumus.
1217 1308 1327 1369 lrasci-

193 1410 227 1469 ini
250 1418 367 1480 autem,
397 1417 427 1468 et
448 1409 539 1469 nolite
562 1408 743 1487 delinquere.
795 1409 846 1470 Sol
874 1428 934 1468 non
958 1410 1073 1471 occidat
1095 1427 1186 1488 super
1207 1410 1326 1471 iracun-

193 1529 233 1569 am
256 1518 393 1569 vestram.
426 1508 555 1586 ¹⁵Nequc
577 1510 719 1569 dederitis
743 1497 888 1569 ¹Gdiabolo
911 1509 1020 1569 locum·
1057 1509 1114 1582 Qui
1137 1509 1327 1582 ''iurabatur,

193 1628 214 1670 n
236 1629 295 1671 non
318 1611 448 1680 iuretur,
471 1609 562 1669 immo
577 1609 678 1687 potius
694 1609 808 1669 laboret
823 1611 973 1688 operando
990 1610 1141 1682 manibus,
1163 1610 1206 1672 uti
1221 1610 1329 1671 habeat

193 1710 336 1789 impartire
358 1709 509 1788 indigenti.
560 1708 665 1769 Omnis
688 1729 787 1770 sermo
818 1710 914 1788 turpis
941 1728 1002 1770 non
1024 1711 1166 1787 procedat
1188 1710 1250 1771 ¹⁹ex
1274 1728 1345 1772 ore.

193 1820 270 1882 cuo,
303 1810 356 1871 sed
378 1810 456 1887 ”qui
485 1809 525 1869 sit
552 1811 682 1889 optimus
711 1811 746 1870 ad
777 1811 1009 1871 aedificationem
1032 1810 1117 1881 fidei,
1150 1818 1183 1871 ut
1204 1809 1327 1889 gratim

193 1910 343 1972 odientibus
366 1918 508 1989 praestet.
561 1910 598 1970 Et
620 1911 712 1971 nolite
734 1911 912 1971 contristare
940 1911 1075 1989 spiritum
1105 1909 1151 1971 dei
1181 1920 1326 1983 sanctum,

212 2031 266 2090 quo
289 2010 395 2089 signati
419 2010 492 2070 estis
514 2010 543 2069 in
566 2010 780 2088 redemptionis
802 2012 860 2072 dic.
906 2011 1010 2072 Omnis
1039 2011 1204 2072 amaritudo
1232 2019 1262 2072 et
1282 2011 1327 2073 ira

193 2112 318 2172 elamor
340 2122 369 2171 ct
391 2110 573 2188 blasphemia
594 2111 652 2171 ²¹et
673 2112 836 2189 indignatio
860 2113 1010 2172 auferatur
1031 2111 1146 2171 anobis
1164 2111 1326 2173 cumomni

196 2212 273 2272 alitia.
305 2211 411 2272 Estote
433 2220 529 2271 autem
551 2212 581 2270 in
604 2212 776 2272 alterutrum
799 2212 934 2289 benigni,
956 2212 1184 2284 misericordes,
1208 2212 1326 2273 donan-

194 2329 209 2370 s
226 2312 364 2382 iuricem‚
398 2312 475 2372 sicut
496 2320 526 2371 ct
547 2311 620 2371 deus
641 2311 754 2371 ”vobis
783 2312 903 2373 donavit
926 2314 956 2372 in
979 2313 1106 2373 Christo.
1157 2313 1249 2391 lgitur
1276 2311 1326 2391 qui

193 2430 272 2473 unem
294 2422 424 2472 veterem
446 2412 597 2472 bominem
620 2412 805 2484 existimant,
829 2432 881 2472 cur
902 2431 962 2472 nou
985 2420 1112 2476 mortem
1135 2413 1193 2473 sibi
1213 2430 1327 2491 prope·

193 2520 234 2585 ut,
253 2521 287 2574 ut
307 2520 408 2572 vetere
429 2512 550 2572 homine
572 2512 709 2591 deposito
726 2512 890 2590 praeceptis
905 2514 1031 2591 apostoli
1048 2511 1229 2574 occurrant?
1263 2512 1326 2574 Nos

194 2612 245 2685 rim,
267 2612 317 2692 qui
339 2622 430 2673 totam
453 2613 541 2672 sidem
565 2614 594 2672 in
610 2631 697 2674 carne
712 2612 1003 2674 ”administrandam
1020 2613 1210 2686 credidimus,
1234 2613 1326 2674 immo

193 2720 219 2772 et
236 2732 289 2792 per
310 2731 445 2783 carnem,
474 2712 557 2773 cuius
581 2721 628 2772 est
650 2719 679 2772 et
701 2730 736 2772 os
759 2713 795 2772 ad
818 2712 1029 2790 proterendum
1053 2714 1196 2791 optimum
1220 2731 1326 2791 quem-

193 2831 216 2873 ιο
234 2831 404 2874 sermonem
426 2820 456 2872 et
476 2813 575 2890 lingua
597 2813 633 2872 ad
650 2831 709 2872 non
725 2812 986 2891 blasphemandum
1011 2822 1040 2874 et
1061 2832 1114 2873 cor
1134 2814 1170 2874 ad
1194 2831 1254 2874 non
1276 2813 1325 2873 in-

193 2915 333 2992 gerendum
356 2923 386 2973 et
407 2931 513 2973 manus
536 2914 570 2973 ad
595 2914 775 2992 operandum
798 2924 827 2975 et
849 2915 1047 2993 largiendum,
1071 2923 1129 2975 tam
1149 2923 1325 2978 vetustatem

193 3015 283 3076 rmiuis
305 3033 392 3094 quarn
414 3013 574 3074 novitatem
596 3015 631 3075 ad
654 3016 812 3087 moralem,
845 3032 906 3076 non
934 3017 969 3075 ad
998 3016 1238 3085 substantialem.
1266 3016 1325 3077 dil-

193 3117 307 3177 rentiam
328 3115 479 3194 pertinere
502 3115 695 3175 defendimus.
742 3116 837 3194 Atque
860 3117 899 3176 ita
923 3118 1032 3193 pariter
1054 3118 1243 3195 agnoscimus
1265 3116 1324 3176 ho-

193 3216 264 3277 iuem
285 3216 335 3294 qui
358 3214 519 3277 secundum
543 3216 697 3294 pristinam
721 3216 975 3277 conversationem
995 3226 1078 3277 vetus
1095 3218 1184 3277 luerit
1198 3216 1325 3277 eundem

203 3317 346 3394 corrumpi
363 3316 401 3375 ita
418 3315 526 3375 dictum
542 3315 704 3376 secundum
719 3316 986 3394 concupiscentiam
1003 3316 1196 3402 seductionis,
1218 3332 1325 3392 quem-

193 3415 311 3477 lmodum
346 3424 376 3476 et
408 3425 537 3475 veterem
571 3416 732 3476 secundum
766 3417 922 3493 pristinam
960 3417 1232 3484 conversationem,
1264 3431 1325 3473 non

193 3516 316 3578 scendum
339 3536 473 3588 caruem,
506 3511 733 3594 per‘inlcritum
757 3524 941 3594 perpetuum.
986 3515 1123 3575 Ceterum
1152 3533 1238 3574 carne
1266 3522 1325 3575 mm

193 3615 266 3678 irum
288 3635 375 3696 quam
399 3618 541 3690 cundem,
563 3626 666 3695 utpote
689 3616 826 3676 vitiosam
849 3615 1051 3694 disciplinam,
1081 3633 1141 3675 non
1165 3613 1325 3692 corpulen-

193 3726 394 3789 meretum.

239 3818 340 3879 'l'alem
363 3818 472 3894 ubique
488 3817 655 3895 apostolum
674 3835 883 3895 recognoscas,
906 3815 944 3875 ita
961 3816 1056 3876 carnis
1073 3835 1163 3895 opera
1179 3816 1323 3877 damnan·
1340 3832 1393 3888 cip.
1404 3832 1477 3876 serr.

194 3933 232 3990 m,
263 3926 297 3980 ut
318 3937 436 3979 carnem
459 3919 598 3978 damnare
621 3917 771 3988 videatur,
807 3917 859 3977 sed
888 3935 926 3976 ne
954 3918 993 3977 ita
1025 3918 1090 3995 quis
1121 3917 1269 3977 existimet
1290 3935 1325 3976 ex

193 4014 278 4079 ioum
300 4018 347 4080 rel
368 4019 589 4079 cohaerentium
614 4036 755 4078 sensuum
779 4025 938 4095 suggestu·
960 4026 1179 4095 procurantem.
1208 4017 1280 4077 Nam
1296 4026 1327 4077 et

195 4135 256 4179 teus
280 4119 405 4197 eosqui
429 4119 459 4178 in
491 4137 579 4179 carne
609 4119 696 4178 ¹sunt
723 4118 779 4178 deo
809 4118 925 4195 placere
953 4136 1013 4176 nou
1041 4135 1133 4195 posse
1162 4118 1259 4178 statim
1289 4116 1325 4177 dc

195 4269 383 4334 ,Exponensb
418 4270 607 4333 Exponentese.
670 4270 708 4317 14.
728 4269 850 4330 quomodo
868 4270 911 4317 AB.
972 4269 1010 4317 15.
1034 4269 1068 4317 Ne
1087 4268 1201 4317 dederitis
1219 4270 1241 4316 b.
1284 4267 1324 4318 ld.

193 4351 235 4386 :rm
253 4339 351 4387 diabolo
370 4339 420 4387 bed.
477 4337 512 4385 tt.
532 4337 655 4384 iurabatur
678 4336 834 4395 ABCnrpobcd.
856 4336 994 4385 Gorrienrir.
1030 4336 1123 4384 iuratur
1143 4336 1165 4384 (l.
1222 4334 1259 4383 18.
1278 4335 1324 4383 im·

193 4406 278 4455 nired.
322 4404 361 4453 19.
381 4405 443 4453 oen.
486 4403 526 4452 20.
546 4405 584 4466 qui
599 4405 629 4451 sit
648 4406 685 4451 ed.
706 4405 845 4452 Gorsieuris.
881 4403 1005 4465 quisllid.
1041 4404 1154 4466 qrriGmg.
1189 4403 1324 4465 siquisbs.

193 4506 197 4520 .
214 4480 237 4520 et
254 4472 386 4532 indignatio
403 4488 447 4520 om.
459 4472 550 4519 lutat.
584 4473 680 4519 Addidit
698 4473 726 4518 de
744 4473 795 4519 cod.
815 4472 847 4519 lo.
858 4470 977 4519 Clementis
993 4473 1092 4533 primurn
1111 4471 1248 4532 Gangeticis.
1284 4467 1325 4517 22.

193 4540 284 4589 rison.
301 4542 328 4589 t.
380 4537 420 4588 2³.
441 4539 656 4587 administrandum
675 4538 719 4587 AB.
772 4535 951 4586 bbetomd.

219 4606 279 4670 Cep.
299 4605 376 4654 xtvt.
414 4606 434 4655 l.
453 4615 509 4654 suut
526 4608 579 4654 led.
599 4612 645 4653 tres
666 4606 775 4654 Vaticani.
812 4605 860 4653 siut
877 4605 970 4666 reliqui.

193 4725 204 4754 ε.
223 4702 335 4770 Expone]
355 4707 405 4755 lloc
418 4715 455 4754 est
473 4707 575 4768 depone,
596 4704 628 4752 uti
640 4705 711 4765 paulo
798 4704 856 4766 Cep.
869 4704 942 4752 llbl'l.
972 4719 991 4752 a.
1010 4698 1137 4767 suggestu]
1156 4702 1324 4765 suggestione,

196 4777 278 4836 tipsa
297 4777 475 4836 iuterpretatur.
517 4774 552 4821 ct.
571 4773 661 4819 ednott.
682 4773 711 4821 od
764 4778 790 4819 ut
813 4786 865 4833 cip.
877 4771 917 4820 40.
943 4772 999 4820 dixit
1028 4786 1090 4835 „per
1114 4778 1245 4834 ruopertum
1271 4767 1324 4831 spi·

202 4843 258 4892 lili.
272 4841 363 4890 Valent.
383 4855 435 4904 cap.
446 4840 469 4889 9.
494 4838 661 4900 releuaret,
672 4839 711 4887 10.
763 4839 851 4888 ritus.“
