3242 5775
574 634 732 717 ¹suavisonus
752 672 894 718 aarum.
1253 655 1314 723 677

162 822 365 900 omnipotens,
404 830 434 883 et
464 822 557 883 sicubi
589 822 657 885 alibi
684 822 732 885 dei
765 822 975 903 omnipotentis
1003 823 1224 905 appellationem
1256 842 1316 885 non

159 932 264 1004 putant
284 922 370 983 etiarn
392 923 451 984 lilio
473 924 639 986 convenire.
682 924 772 997 Quasi
793 924 842 1005 qui
865 930 1005 986 venturus
1033 924 1100 988 ¹⁴sit
1125 944 1186 989 sors
1215 923 1314 987 omni·

159 1035 286 1104 potens,
310 1042 374 1085 cum
397 1032 425 1085 et
447 1025 523 1086 lilius
545 1024 756 1105 omnipotentis
779 1034 837 1087 tam
855 1024 1043 1105 omnipotens
1059 1024 1128 1087 ¹‘sit
1141 1043 1227 1106 mam
1242 1026 1315 1088 deus

158 1126 207 1187 dei
230 1126 318 1186 filius.

243 1227 302 1288 Sed
323 1227 398 1288 hanc
423 1225 592 1288 societatem
621 1227 772 1289 nominum
804 1235 994 1308 paternorum
1020 1226 1051 1289 in
1078 1227 1138 1289 lllio
1166 1246 1204 1291 ne
1230 1229 1314 1293 facile
1330 1243 1466 1302 coptum.

160 1329 340 1408 perspiciant
361 1328 512 1407 perturbat
534 1329 599 1390 illos
621 1329 775 1409 scriptura,
798 1329 824 1390 si
840 1329 956 1408 quando
970 1328 1086 1396 unicum
1102 1328 1189 1392 deum
1204 1330 1317 1407 statuit,

159 1429 243 1509 quasi
266 1447 325 1489 non
349 1429 448 1490 eadem
472 1438 502 1490 et
523 1429 594 1491 deos
617 1439 646 1500 et
668 1431 804 1492 dominos
828 1430 903 1492 duos
931 1430 1136 1509 proposuerit,
1168 1439 1202 1493 ut
1227 1450 1317 1513 snpra

161 1531 373 1592 ostendimur.
410 1531 488 1609 Ergo
510 1531 577 1609 quia
598 1533 673 1593 duos
696 1541 726 1593 et
745 1551 854 1606 unum,
876 1532 1026 1611 inquiunt,
1048 1532 1228 1605 invenimus,
1249 1533 1316 1596 ideo

159 1630 248 1692 ambo
269 1651 345 1693 unus
368 1640 455 1711 atquc
477 1632 570 1706 idem,
603 1645 631 1694 et
653 1633 731 1716 filins
754 1642 782 1694 ot
803 1641 896 1712 pater.
938 1634 1032 1694 Porro
1055 1651 1116 1695 nou
1136 1634 1317 1714 periclitatur

160 1733 321 1811 scriptura,
345 1745 377 1793 ut
399 1733 438 1793 illi
461 1733 498 1795 de
520 1743 567 1795 tna
589 1734 838 1813 argumentatione
854 1752 1024 1808 succurras,
1046 1752 1084 1796 ne
1098 1733 1157 1797 sibi
1172 1736 1317 1798 contraria

161 1834 302 1895 videatur.
339 1834 432 1895 Habet
452 1835 594 1895 rationem
618 1846 647 1896 et
668 1854 733 1896 eum
755 1835 872 1897 unicum
888 1837 974 1897 deum
990 1835 1092 1898 statuit
1103 1844 1135 1916 et
1149 1855 1215 1900 cum
1229 1837 1316 1914 duos,

160 1944 272 2015 patrem
296 1945 324 1996 ot
346 1936 452 2007 lilium,
476 1937 618 2008 ostendit,
642 1946 672 1998 et
692 1938 800 1999 suflicit
823 1937 888 1999 sibi.
931 1936 1035 1998 Filium
1057 1936 1202 1999 nominari
1223 1936 1260 2000 ab
1282 1956 1316 2001 ea

161 2046 287 2097 constat.
331 2037 416 2098 Salvo
439 2039 517 2099 enirn
539 2038 598 2098 filio
620 2049 698 2100 recte
720 2038 837 2100 unicum
864 2038 951 2100 deum
972 2047 1073 2117 potest
1094 2038 1316 2115 determinasse,

160 2138 244 2199 cuius
274 2146 319 2199 est
346 2139 433 2208 lilius.
483 2140 547 2200 Non
579 2140 655 2200 enirn
683 2139 792 2201 desinit
820 2158 887 2201 esse
915 2140 981 2218 ¹qui
1002 2138 1092 2201 babet
1112 2140 1219 2218 lilium,
1251 2141 1317 2222 ipse

159 2240 281 2310 unicus,
310 2259 364 2300 suo
387 2240 499 2301 scilicet
519 2241 653 2314 nomine,
686 2241 822 2319 quotiens
850 2241 915 2301 sine
942 2241 1002 2302 lilio
1017 2241 1202 2304 nominatur.
1244 2241 1316 2304 Sine

159 2341 219 2400 lilio
242 2350 337 2401 autern
360 2341 543 2415 nominatur,
566 2361 630 2403 cum
652 2341 850 2421 principaliter
868 2342 1077 2404 determinatur
1090 2351 1123 2405 ut
1136 2344 1229 2423 prima
1243 2362 1315 2423 per·

159 2460 245 2512 sona,
269 2460 341 2521 quac
363 2453 430 2504 ante
451 2443 501 2503 filii
516 2461 624 2503 nornen
640 2451 703 2503 crat
716 2443 917 2522 proponenda,
940 2444 1005 2522 quia
1019 2452 1104 2525 pater
1117 2452 1185 2506 ante
1203 2463 1315 2524 cogno-

159 2545 268 2616 scitur,
305 2552 425 2624 etpost
451 2551 563 2622 patrem
592 2543 668 2605 filius
698 2542 874 2606 nominatur.
916 2544 1008 2624 Igitur
1028 2563 1105 2606 unus
1127 2545 1200 2609 deus
1220 2553 1313 2627 pater,
1328 2558 1466 2612 secutus.

160 2653 191 2703 et
212 2644 323 2723 absque
346 2663 381 2705 eo
404 2644 477 2705 alins
501 2663 559 2705 non
582 2656 638 2707 est.
675 2645 760 2717 Quod
783 2646 847 2725 ipse
868 2645 1016 2707 ²inserens
1038 2664 1098 2707 non
1112 2646 1202 2709 lilium
1218 2653 1315 2725 negat,

158 2746 214 2805 sed
236 2745 322 2806 alium
346 2746 442 2807 deurn.
488 2745 623 2807 Ceterum
651 2746 724 2808 alius
753 2765 769 2808 a
796 2756 880 2826 patre
906 2731 981 2810 filiu's
1004 2765 1063 2808 non
1086 2755 1142 2808 est
1184 2746 1316 2827 lienique

158 2846 273 2926 inspice
294 2847 445 2927 sequentia
466 2847 635 2910 huiusmodi
656 2829 946 2929 pronuntiationum,
976 2856 1006 2910 et
1032 2848 1163 2912 invenies
1191 2849 1252 2911 lero
1279 2848 1316 2911 ad

159 2949 308 3010 idolorum
336 2948 514 3010 lactitatores
542 2959 628 3028 atque
655 2950 786 3011 cultores
815 2951 1014 3012 definitionem
1036 2969 1135 3013 earum
1155 2950 1315 3030 pertinere,

160 3060 191 3110 ut
212 3050 427 3111 multitudinem
448 3051 589 3143 falsorpm
611 3053 733 3112 deorum
761 3052 830 3113 unio
853 3052 1011 3114 divinitatis
1033 3051 1171 3133 expellat,
1203 3051 1316 3113 babens

161 3161 258 3211 tamen
281 3151 385 3224 filium,
415 3159 523 3230 quanto
544 3150 724 3213 individuum
748 3161 777 3213 et
798 3154 996 3233 inseparatum
1018 3172 1033 3214 a
1055 3162 1153 3233 patro,
1183 3160 1263 3214 tanto
1285 3153 1316 3213 in

160 3261 244 3330 patre
276 3253 485 3331 reputandum,
523 3253 579 3313 etsi
611 3272 671 3313 non
704 3254 895 3315 nominatum.
944 3254 1050 3333 Atquin
1080 3254 1105 3314 si
1133 3253 1318 3315 nominasset

160 3353 257 3427 illum,
281 3364 463 3432 separasset,
487 3354 524 3413 ita
548 3354 663 3414 dicens:
686 3354 765 3415 Alius
787 3363 903 3432 praeter
924 3373 971 3415 me
994 3373 1052 3414 non
1076 3361 1138 3426 est,
1159 3353 1218 3413 nisi
1239 3352 1316 3413 filius
1407 3416 1409 3422 s

160 3473 256 3515 meus.
299 3455 392 3516 illium
414 3455 492 3515 enim
515 3456 601 3515 etiam
623 3454 710 3515 lilium
733 3454 868 3530 lecisset,
891 3473 976 3532 quem
1000 3455 1035 3515 de
1056 3454 1120 3514 aliis
1142 3451 1316 3533 excepisset.
1391 3526 1396 3533 ι

162 3557 235 3616 Puta
264 3556 355 3616 solem
384 3557 495 3626 dicere,
528 3556 589 3634 Ego
619 3555 679 3628 sol,
712 3563 742 3616 et
768 3554 842 3616 alius
871 3565 988 3634 praeter
1010 3572 1056 3615 me
1078 3571 1137 3615 non
1160 3560 1224 3628 est,
1258 3552 1317 3614 nisi

161 3658 262 3717 radius
284 3676 382 3718 meus:
406 3676 504 3717 nonne
525 3656 716 3718 ³denotasses
737 3656 906 3729 vanitatem,
929 3655 1013 3736 quasi
1034 3673 1094 3715 non
1116 3663 1145 3717 et
1165 3654 1264 3716 radius
1285 3654 1316 3717 iu

162 3760 226 3819 sole
248 3759 424 3838 deputetur?
461 3760 561 3837 ltaque
583 3758 716 3837 'praetor
738 3759 929 3838 semetipsum
952 3776 1011 3818 non
1034 3775 1102 3819 esse
1116 3756 1204 3840 alium
1219 3756 1315 3830 deum,

161 3862 217 3920 boc
240 3870 359 3939 propter
380 3860 573 3920 idololatriam
597 3870 652 3919 tam
671 3859 822 3920 nationum
837 3879 924 3938 quarn
938 3857 1072 3933 lsrailis3
1094 3858 1179 3920 etiam
1194 3867 1317 3939 propter

160 3963 341 4031 lraerotioos,
370 3962 435 4039 urii,
464 3963 538 4022 siout
567 3962 703 4021 nationes
731 3960 883 4034 manibus,
919 3962 957 4022 ita
985 3970 1015 4022 et
1041 3960 1097 4040 ipsi
1119 3960 1215 4022 verbis
1237 3960 1316 4023 idola

161 4062 353 4134 fabricantur,
377 4063 405 4122 id
429 4072 474 4123 cst
495 4064 581 4124 aliurn
601 4063 690 4138 deuna
714 4062 850 4123 stolium
874 4061 1032 4123 Christum.
1070 4062 1159 4141 lgitur
1180 4063 1228 4124 ‘et
1248 4080 1314 4124 cum
1389 4088 1395 4101 r

161 4183 193 4223 se
215 4183 304 4224 uuum
326 4164 546 4242 pronuntiabat,
569 4164 628 4223 lilio
651 4171 733 4243 palor
754 4162 944 4243 procurabat,
966 4182 1004 4224 ne
1025 4162 1061 4223 ab
1083 4163 1138 4223 alio
1154 4163 1209 4224 deo
1225 4163 1311 4225 Cbri·
1349 4197 1392 4242 m,

161 4274 225 4324 stus
248 4265 363 4326 vonisse
385 4265 534 4337 credatur,
558 4267 609 4326 sed
632 4266 667 4325 ab
689 4266 738 4325 illo
755 4265 803 4344 qui
819 4264 1010 4344 praedixerat,
1031 4263 1093 4343 Ego
1108 4263 1180 4324 deus
1195 4263 1313 4326 elalius
1327 4249 1452 4353 ffissffi

166 4451 202 4499 ll.
221 4452 252 4500 sit
271 4467 317 4501 ooo
337 4452 488 4514 omnipotens
506 4468 554 4513 epo.
591 4467 636 4500 ooo
655 4453 686 4500 sit
703 4451 898 4515 omnipoteosd,
918 4466 967 4501 com
975 4451 1054 4500 Fuluio
1066 4449 1155 4500 llrsioo.
1189 4451 1220 4500 sit
1237 4451 1314 4500 omui-

164 4529 247 4580 poteus
266 4520 350 4570 adala.
386 4529 433 4567 tarn
453 4523 603 4582 omnipotens
621 4522 651 4568 sit
669 4521 731 4569 leid.
794 4519 832 4570 15.
858 4523 889 4568 sit
911 4533 982 4583 quam
1007 4518 1065 4567 deus
1088 4518 1126 4567 dei
1149 4517 1211 4569 fllins
1235 4520 1266 4580 cl,
1286 4535 1314 4569 ero

163 4590 273 4635 emendat.
292 4590 355 4636 Folo.
370 4589 454 4636 llrsioi.
489 4588 518 4635 sit
536 4588 573 4635 dei
593 4588 654 4636 lilius
673 4602 743 4651 quiam
761 4587 820 4635 deus
839 4587 876 4636 dei
895 4587 957 4636 illius
973 4585 1059 4637 Allobo.
1077 4587 1139 4636 leid

229 4656 287 4717 Cap.
307 4655 383 4703 lll'lll.
428 4655 450 4703 l.
475 4655 537 4717 quod
561 4659 585 4703 Α.
605 4656 668 4705 leid.
725 4653 747 4703 2.
773 4657 881 4704 inserens
903 4654 1026 4703 anlon
1086 4652 1110 4704 3.
1133 4653 1272 4704 denotasses
1291 4653 1314 4701 d.

162 4720 299 4771 denotasset
319 4724 402 4773 Allobo.
423 4724 483 4771 leid.
535 4721 558 4770 l.
578 4738 620 4784 per
636 4724 679 4772 lla.
698 4724 760 4772 Laid.
813 4723 836 4771 5.
855 4736 908 4771 cum
926 4723 989 4772 etl.
1008 4722 1071 4772 laid.

198 4889 255 4953 Cap.
274 4891 353 4941 lll'lll.
388 4908 409 4941 a.
427 4907 499 4955 supra
518 4885 686 4956 ostendimus]
704 4890 781 4954 Supra
799 4905 852 4954 cap.
864 4888 902 4940 13.
