3242 5775
316 661 381 726 480
468 667 477 675 ‘
571 676 674 728 ournrr
697 674 828 718 ssrrruu
850 673 1014 717 rconunrrs
1036 647 1234 716 rsnrauuoru

318 836 414 901 etant,
448 844 524 906 quae
553 824 583 886 in
613 825 700 886 deum
729 832 866 904 sperant,
900 823 992 902 ‘quae
1019 822 1206 885 honorantur
1226 821 1263 884 ab
1286 822 1354 896 illo,
1385 841 1419 903 qu

317 918 479 993 subvenit?
510 926 613 988 husim
635 926 750 1000 dicere,
774 925 800 986 si
824 925 897 986 haec
918 924 999 985 carni
1023 941 1081 984 non
1097 924 1292 997 accidissent,
1315 924 1419 1005 henigr

318 1030 427 1111 gratia,
449 1026 669 1100 misericordia,
694 1027 792 1088 omnis
815 1026 859 1088 vis
881 1025 928 1087 dei
952 1013 1081 1086 henaim
1102 1024 1278 1086 ⁹vacuisset,

99 1181 102 1186 .
211 1132 299 1191 caux.
331 1143 334 1151 ·
402 1129 501 1192 Tenes
530 1127 693 1209 scripturas
722 1126 830 1206 quibua
859 1146 928 1189 caro
957 1125 1135 1199 infuscatur,
1169 1134 1236 1187 tene
1265 1127 1356 1188 etiam
1384 1146 1419 1207 qu

316 1232 500 1294 inlustratur.
545 1228 633 1308 begis
656 1228 741 1290 ¹cum
763 1227 900 1307 quando·
923 1227 1108 1306 deprimitur,
1130 1227 1214 1306 adige
1236 1227 1339 1289 oculos
1362 1229 1419 1290 et¹

182 1331 435 1414 10.‚xu‚7,quando
456 1330 632 1392 ’revelatum
667 1329 773 1391 Omnia
788 1347 857 1390 caro
873 1330 1002 1389 loeuum.
1048 1328 1115 1388 Non
1136 1327 1212 1389 ⁴hoc
1234 1329 1332 1390 solum
1357 1348 1419 1409 prot

176 1459 300 1512 mres.
319 1433 401 1497 tiarit
421 1431 543 1504 Esaias,
566 1431 619 1493 sed
642 1439 687 1504 et,
711 1429 817 1492 Omnis
840 1448 908 1490 caro
931 1428 1041 1490 videbit
1062 1430 1189 1490 salutare
1211 1430 1270 1490 dei.
1314 1429 1419 1493 Notati

178 1561 302 1611 acarna.
319 1534 426 1597 Genesi
448 1528 551 1596 dicens
572 1529 679 1603 ⁸deus,
703 1531 769 1591 Non
793 1529 923 1591 manebit
937 1529 1060 1608 spiritus
1077 1548 1161 1591 meus
1181 1531 1210 1590 in
1227 1530 1419 1592 hominibusi

188 1662 302 1714 norunt.
317 1637 384 1717 quia
406 1653 474 1698 caro
498 1642 577 1696 sunt.
621 1632 682 1693 Sed
704 1639 734 1693 et
754 1632 873 1726 auditur
899 1650 954 1711 per
976 1630 1101 1721 loelem:
1133 1631 1288 1692 Effundam
1318 1632 1356 1693 de
1383 1652 1419 1713 sp

317 1755 385 1800 meo
408 1736 439 1798 in
462 1751 580 1796 omnem
602 1751 731 1795 carnem.
768 1731 943 1811 Apostolum
966 1751 1085 1812 quoquo
1108 1752 1145 1794 ue
1168 1731 1204 1794 de
1226 1751 1287 1793 uuo
1310 1732 1380 1795 stilo
1399 1752 1418 1795 n

164 1857 376 1918 rennuunquo
399 1854 516 1899 carnem
538 1834 712 1914 plerumque
735 1832 916 1912 compungit.
964 1834 1036 1895 Nam
1059 1834 1133 1895 ⁸etsi
1157 1842 1245 1913 negat
1266 1834 1401 1896 hahitare

125 1965 127 1972 ·
164 1938 472 2018 connuncupandum
500 1933 531 1996 in
559 1953 647 1998 carne
676 1953 746 2006 sua,
779 1934 837 1994 etsi
865 1934 1000 1995 adlirmat
1027 1954 1079 1996 eos
1108 1935 1157 2014 qui
1187 1937 1218 1995 in
1240 1954 1330 1997 carne
1351 1937 1416 1997 sint

187 2065 303 2116 cunm.
316 2039 433 2120 placere
454 2055 516 2098 non
538 2054 645 2115 posse,
676 2038 743 2115 quia
766 2035 956 2113 concupiscat
978 2035 1119 2097 adversus
1149 2036 1303 2115 spiritum,
1334 2045 1365 2098 et
1387 2037 1416 2098 si

316 2139 372 2202 alia
393 2139 432 2199 ita
454 2136 540 2219 ponit
561 2144 594 2197 ut
614 2136 712 2197 carnis
734 2155 795 2198 non
819 2145 915 2197 tamen
938 2136 1121 2210 substantia,
1145 2138 1198 2198 sed
1219 2145 1303 2199 actus
1325 2138 1419 2199 inhon

317 2227 381 2315 tur,
403 2238 536 2302 dicemus
559 2237 678 2318 quidem
700 2237 789 2299 atthis
811 2237 883 2300 nihil
906 2237 1028 2317 proprie
1051 2237 1132 2298 carni
1155 2238 1327 2318 exprobrari
1351 2258 1419 2319 opor

316 2341 376 2404 nisi
397 2341 427 2404 in
450 2339 564 2401 animae
588 2338 839 2417 suggillationem,
862 2357 937 2418 quae
959 2357 1077 2399 carnem
1093 2340 1261 2400 ministerio
1278 2340 1336 2401 sibi
1351 2340 1419 2402 ⁷sul

186 2449 300 2502 (hl-lta·
314 2441 423 2503 Verum
446 2439 565 2501 interim
587 2438 635 2500 ‘et
654 2439 685 2500 in
707 2439 764 2501 illia
785 2439 893 2501 litteris
909 2439 1018 2501 Paulus
1040 2445 1113 2512 est‘,
1137 2460 1203 2502 cum
1226 2441 1364 2520 stigmata
1379 2441 1419 2504 Ch

187 2534 294 2636 mffflg,
313 2543 343 2603 in
366 2558 492 2619 corpore
515 2558 571 2600 suo
594 2548 707 2619 portat,
731 2558 797 2601 cum
819 2539 947 2621 'corpus
970 2548 1107 2601 nostrum
1123 2550 1156 2602 ut
1170 2541 1217 2602 dei
1232 2542 1375 2621 templum
1390 2542 1418 2604 vi

162 2647 409 2714 incuterent,
443 2657 509 2701 cum
532 2657 658 2720 corpora
680 2648 783 2702 nostra
805 2641 938 2703 membra
961 2641 1071 2701 Christi
1098 2642 1181 2717 lacit,
1215 2661 1281 2703 cum
1304 2651 1409 2704 monet

175 2750 296 2819 nauum.
315 2741 378 2803 lere
399 2750 429 2803 et
449 2740 637 2819 magnificare
659 2740 746 2802 deum
769 2740 799 2803 in
822 2760 950 2821 corporo
971 2751 1087 2804 nostro.
1137 2744 1238 2822 ltaque
1260 2743 1285 2804 si
1307 2743 1419 2822 ignomi

315 2842 412 2906 carnis
434 2840 683 2905 resurrectionem
705 2841 769 2904 eiua
792 2842 956 2923 expellunt,
978 2862 1031 2905 cur
1053 2862 1113 2904 non
1137 2844 1294 2924 dignitates
1316 2844 1418 2925 potius

314 2943 450 3006 ducent?
494 2942 669 3016 ¹⁰Quoniam
687 2943 748 3005 ,deo
771 2944 864 3022 magia
887 2946 1022 3023 congruit
1044 2946 1074 3006 iu
1097 2945 1221 3007 salutem
1243 2946 1380 3026 redigere
1408 2968 1419 3026 c

312 3042 482 3125 reprobarit
511 3044 675 3117 interdum,
712 3062 800 3127 quam
829 3044 860 3105 in
888 3044 1087 3123 perditionem
1117 3047 1252 3109 ”dedere
1285 3047 1365 3126 quod
1400 3067 1416 3108 e

314 3145 496 3227 ''aliquando
518 3144 664 3227 probavit.
1415 3170 1418 3175 ·

195 3265 295 3323 oapxr.
398 3247 558 3326 Hucusque
581 3245 617 3308 de
639 3247 798 3326 praeconio
821 3247 917 3308 carnis
933 3246 1075 3309 adversus
1092 3248 1228 3310 inimicos
1250 3259 1280 3310 et
1294 3247 1419 3309 nihilom

312 3347 510 3411 amicissimos
526 3347 601 3408 eius.
634 3347 727 3408 Nemo
750 3347 829 3408 enim
854 3357 912 3409 tam
934 3349 1090 3410 carnaliter
1112 3349 1178 3410 vivit
1201 3368 1288 3428 quam
1311 3349 1362 3429 qui
1378 3369 1417 3411 ne

313 3449 410 3511 carnis
425 3448 686 3511 resurrectionem.
717 3449 866 3527 Negantes
890 3449 985 3511 ¹enim
1008 3457 1133 3529 poenam
1150 3449 1320 3528 despiciunt
1342 3460 1373 3512 et
1395 3451 1419 3512 di

311 3549 432 3630 plicam.
486 3547 529 3610 [le
567 3549 675 3629 quihus
709 3549 874 3611 luculenter
908 3558 938 3611 et
970 3549 1154 3619 'Paracletus
1187 3568 1242 3629 per
1277 3552 1417 3630 propheti

311 3649 458 3711 Priscam:
481 3649 593 3711 Carnes
616 3658 702 3722 suut,
725 3658 755 3712 et
776 3669 895 3712 carnem
918 3650 1055 3712 oderunt.
1107 3651 1203 3723 Quam
1226 3651 1252 3711 si
1275 3660 1356 3713 tanta
1379 3672 1418 3717 au

310 3749 383 3812 ritas
408 3750 503 3811 munit
523 3759 631 3829 quanta
653 3749 694 3811 illi
716 3751 751 3810 ad
776 3751 914 3812 meritum
936 3752 1041 3812 salutis
1062 3750 1241 3830 patrocinari
1257 3753 1373 3830 possit,
1397 3774 1417 3815 n

311 3850 381 3930 quid
403 3851 492 3912 etiam
513 3849 560 3910 dei
583 3849 678 3928 ipsius
700 3852 865 3929 potentiam
883 3861 912 3913 et
925 3859 1103 3930 potestatem
1120 3859 1149 3912 et
1163 3851 1311 3914 licentiam
1328 3872 1418 3916 recen

311 3967 335 4018 8.
359 3983 421 4031 quac
445 3967 596 4016 honorantur
618 3969 669 4018 bed.
710 3976 734 4018 at
758 3969 908 4020 honorantur
924 3972 949 4020 B.
991 3971 1140 4020 honorantur
1164 3972 1257 4037 religni.
1317 3972 1342 4022 u.
1367 3988 1419 4024 raet

312 4036 394 4086 Gobcd.
430 4035 674 4098 taurinensem.

378 4101 437 4163 Cap.
456 4102 483 4150 Χ.
520 4101 542 4150 l.
561 4116 614 4150 cum
634 4117 690 4151 caro
708 4103 851 4166 deprimitur
869 4104 1061 4163 d.‚.cumFoleio
1074 4105 1163 4155 Ursino.
1208 4104 1232 4154 2.
1251 4114 1301 4154 tum
1319 4108 1419 4162 tcum!

310 4168 405 4231 quando
423 4168 527 4218 Accam
545 4176 591 4218 tres
613 4169 721 4219 Vaticani.
758 4185 812 4218 cum
832 4185 888 4219 caro
907 4172 939 4231 d,
960 4187 1010 4221 cum
1029 4173 1109 4221 Fuluio
1122 4173 1211 4223 Urrirro.
1256 4172 1279 4221 3.
1299 4174 1419 4225 revelatur

313 4236 421 4285 Vaticani.
474 4235 498 4284 l.
517 4237 564 4286 hoc
581 4239 674 4287 onte.
733 4237 757 4286 5.
776 4239 836 4285 deus
854 4241 948 4287 onnob.
1006 4239 1029 4288 6.
1048 4240 1068 4287 si
1089 4241 1113 4288 ll.
1174 4240 1196 4288 i.
1216 4241 1304 4289 subicit
1322 4244 1347 4292 Α.
1371 4243 1419 4293 Voti

308 4302 381 4351 subiit
399 4303 423 4351 d.
476 4302 500 4352 8.
518 4310 542 4352 et
559 4319 603 4354 om.
615 4306 652 4354 ob.
710 4303 735 4352 9.
760 4308 959 4368 corpuacm.cd.
1020 4307 1059 4355 10.
1086 4308 1209 4370 quomodo
1229 4308 1270 4357 AB.
1333 4309 1374 4360 il.
1395 4312 1419 4361 dt

308 4372 361 4418 edit.
381 4370 477 4419 Semleri
493 4373 584 4421 citiore.
648 4369 687 4420 12.
712 4370 842 4434 aliqnando
871 4375 980 4435 probauit
1008 4377 1054 4435 cd,
1081 4391 1110 4424 ec
1127 4391 1172 4425 uno
1196 4376 1362 4426 Vaticanorann.
1411 4394 1419 4428 a

307 4437 402 4499 quando
422 4436 530 4499 probarit
547 4439 571 4487 Α.
608 4438 716 4500 probarit
735 4439 828 4503 reliqui.

320 4569 346 4618 Η
374 4504 432 4619 Cap3
451 4504 489 4554 lli.
538 4504 559 4554 l.
578 4505 672 4557 eiust.
713 4506 777 4555 onim
796 4508 848 4556 eins
867 4509 902 4556 cd.
922 4509 968 4558 duo
991 4509 1101 4567 Vaticani,
1126 4509 1308 4559 trstel'omelio.
1368 4500 1419 4578 Ἡ

306 4585 377 4620 cros
431 4607 438 4619 .

340 4646 399 4735 Cap,
417 4670 443 4719 lt
480 4686 501 4718 a.
519 4671 589 4733 Legis
603 4687 656 4722 com
669 4669 777 4738 qnando]
796 4674 872 4736 legia
952 4691 972 4725 ο.
992 4683 1015 4724 et
1033 4677 1056 4725 in
1074 4677 1123 4724 illia
1143 4677 1229 4726 litteris
1248 4678 1337 4728 Paulus
1357 4676 1408 4746 est]

305 4753 358 4788 cum
383 4738 513 4801 aliquando
538 4754 593 4788 caro
619 4741 769 4804 deprimitur.
811 4743 864 4792 lton
917 4752 962 4802 ast,
990 4751 1014 4791 et
1040 4745 1063 4792 iu
1093 4743 1142 4807 illis
1168 4747 1305 4808 scripturas
1336 4750 1419 4799 testim

305 4820 367 4869 opus
386 4813 437 4854 erat
455 4806 613 4856 correctione.
917 4809 983 4858 Pauli
1004 4825 1045 4860 ror
1065 4811 1167 4861 auditur.
1187 4813 1293 4875 (Rigalt.)

338 4873 362 4922 h.
381 4867 451 4938 alibi]
470 4873 535 4924 lnlra
554 4889 605 4939 cap.
623 4874 661 4926 ld.
