3242 5775
306 591 369 654 tto
568 604 671 654 errari
694 603 827 645 serrum
849 603 1018 647 recasurus
1038 601 1238 646 mmmm

171 777 296 832 capitu.
390 756 569 817 Perductum
593 754 671 814 enim
693 753 774 814 illum
796 752 834 812 ad
855 752 981 814 Pilatum
1002 771 1128 814 oum
1154 761 1322 833 oecpuunt
1347 751 1413 832 quvi

167 836 408 935 ¹⁸⁶1·‚¹2¹¹¹¹·regem
431 856 541 916 diceret
564 855 730 920 Christum.
766 855 832 914 sine
859 853 951 914 dubio
978 853 1026 914 dei
1053 853 1163 922 etin.
1195 871 1353 916 maurum
1372 851 1408 915 al

307 959 467 1018 dextetam.
511 956 648 1016 Ceterum
671 955 729 1014 alio
752 973 821 1015 eum
850 955 935 1015 titulo
965 964 1157 1033 mussent,
1193 955 1300 1016 incerti
1325 955 1413 1018 εΗ

307 1058 355 1119 dei
378 1077 411 1118 se
432 1057 572 1122 dixisset.
603 1056 677 1116 ¹nisi
707 1056 764 1116 l'os
793 1056 892 1118 dicitis
920 1056 966 1116 sic
991 1057 1233 1135 pronuntiasset,
1267 1056 1326 1118 boc
1350 1073 1413 1118 aet

186 1171 294 1218 ottae.
308 1158 388 1239 quod
412 1159 554 1218 dicerent.
599 1157 693 1218 Pilato
716 1175 836 1236 qunque
857 1155 1068 1236 interroganti,
1090 1156 1137 1218 'l'u
1160 1175 1196 1218 ee
1216 1154 1376 1219 Christus?
1397 1169 1413 1238 p

308 1261 394 1330 inde,
418 1260 462 1320 Tu
485 1258 574 1326 dieis.
608 1276 645 1318 ne
668 1268 748 1318 metu
770 1257 928 1336 potestatis
949 1257 1099 1318 rideretur
1125 1257 1256 1337 mplius
1278 1255 1413 1337 respod

309 1361 496 1422 Constitutus
519 1370 566 1419 est
588 1360 677 1436 igitur
697 1359 836 1419 dominus
855 1359 886 1418 in
902 1357 1021 1420 iudicio.
1047 1357 1090 1418 Et
1113 1359 1219 1420 statuit
1240 1359 1271 1420 in
1292 1357 1413 1440 iuditia}

309 1461 410 1541 pulum
433 1479 529 1522 suum.
573 1460 641 1538 lpse
663 1459 803 1520 dominas
825 1460 856 1520 in
878 1459 1019 1520 iudicium
1040 1459 1138 1520 'venit
1160 1479 1228 1521 cum
1250 1457 1413 1540 presbyteri

184 1543 291 1647 ffl'ffi'*
310 1561 502 1624 archontibus
525 1559 642 1640 populi,
666 1559 829 1620 secundum
845 1560 971 1622 Esaiam.
1003 1563 1098 1640 Atque
1112 1561 1221 1622 exinde
1236 1579 1326 1622 omne
1339 1559 1412 1642 sulti

171 1663 462 1745 r·.rt.1.q.passionis
485 1680 557 1723 suae
579 1660 720 1739 implerit.
754 1660 960 1722 Tumultuatae
981 1669 1052 1722 sunt
1072 1660 1183 1722 ibidem
1203 1663 1357 1734 nationes,
1375 1667 1412 1740 el:

311 1765 371 1846 puli
395 1763 525 1825 meditati
554 1771 625 1822 sunt
652 1761 760 1822 inania.
814 1760 980 1822 Astitemnt
1005 1779 1093 1840 reges
1122 1772 1238 1837 tetrae,
1270 1773 1301 1824 et
1326 1761 1412 1824 arcbu

312 1863 479 1943 eottgregati
503 1863 624 1923 suntin
647 1880 737 1922 uuum
759 1861 904 1922 adversus
932 1862 1085 1923 dominum
1118 1871 1148 1922 et
1168 1863 1313 1926 adversus
1334 1861 1412 1926 ebrie

312 1967 385 2026 eius.
430 1964 585 2034 Nationes,
620 1962 746 2023 Romani
773 1963 824 2042 qui
852 1982 919 2025 orm
946 1963 1040 2024 Pilato
1073 1966 1206 2036 fuerant¹
1238 1964 1356 2044 populi,
1384 1961 1412 2026 ttl

312 2065 450 2136 israelis,
480 2082 581 2142 reges,
617 2063 646 2124 in
674 2062 809 2137 Herode,
837 2063 1030 2134 'archontes,
1062 2065 1093 2125 in
1121 2064 1248 2126 summis
1268 2063 1412 2128 sacerdoti

170 2161 298 2258 ¹¹}anst
313 2166 385 2228 Nam
409 2174 439 2226 et
460 2164 571 2225 llerodi
595 2164 674 2223 relut
695 2181 802 2225 munus
823 2183 840 2225 a
861 2164 956 2225 Pilato
983 2165 1095 2226 missus
1120 2165 1220 2227 ⁴0see
1246 2166 1368 2228 vocibus
1392 2165 1412 2228 Ι

186 2279 299 2326 uecto-
314 2267 451 2329 reddidit.
496 2266 537 2326 lle
559 2264 678 2325 Christo
702 2264 780 2325 enim
802 2266 1048 2344 prophetaverat:
1076 2266 1112 2326 Et
1132 2267 1264 2328 vinctum
1288 2287 1356 2330 eum
1376 2267 1411 2330 da

173 2361 448 2456 testiinonium
471 2367 543 2444 regi.
589 2365 754 2426 Delectatus
777 2375 826 2427 est
846 2365 974 2446 denique
994 2366 1130 2428 llerodes
1151 2366 1218 2428 riso
1239 2369 1327 2438 lesu,
1354 2385 1407 2431 uatt

174 2443 304 2558 “ephibi
315 2487 377 2529 cem
401 2467 487 2527 uliam
510 2465 546 2526 ab
569 2484 605 2526 eo
628 2465 748 2527 audivit
798 2466 950 2546 Tanquam
977 2485 1072 2546 agnus
1100 2466 1179 2528 enim
1206 2485 1308 2530 cora·
1335 2467 1411 2532 toni

229 2545 261 2564 '¹
311 2567 356 2626 sic
378 2584 437 2626 nun
460 2566 575 2643 aperuit
598 2584 632 2626 os
655 2584 757 2637 suurn,
779 2567 848 2645 quia
870 2567 1010 2628 dominus
1032 2567 1154 2628 dederat
1175 2567 1216 2629 illi
1242 2567 1411 2647 tinguant

313 2664 425 2744 plinae,
449 2673 482 2724 ut
504 2664 594 2723 sciret
614 2668 765 2741 quomodo
788 2683 856 2726 eum
878 2675 1032 2744 oporteret
1046 2667 1183 2744 prolerre
1196 2685 1384 2742 ammonent,
1401 2665 1411 2732 Ι

174 2778 299 2829 rente.
315 2765 427 2826 scilicet
449 2765 577 2842 linguam
599 2783 686 2842 quam
708 2765 739 2825 in
761 2765 876 2844 psalmo
898 2765 1106 2844 adglutinatam
1127 2767 1239 2845 gutturi
1254 2787 1311 2830 suo
1328 2778 1411 2850 tenet

315 2865 403 2926 habat
430 2883 490 2925 non
520 2864 678 2943 loquendo.
730 2866 767 2927 lit
794 2865 937 2928 Barrabas
963 2867 1082 2946 quidem
1109 2869 1342 2932 nocentissimus
1367 2869 1411 2933 ritt

315 2966 412 3026 liunus
436 2966 578 3035 donatur,
602 2966 738 3028 Christus
760 2985 832 3029 vero
854 2968 1037 3030 iustissimus
1059 2978 1093 3029 ut
1111 2969 1259 3031 homicida
1283 2972 1411 3035 mortio

315 3068 449 3127 stulatur.
494 3067 551 3128 Sed
574 3075 602 3127 et
625 3066 684 3127 duo
707 3067 825 3130 scelesti
854 3069 1093 3147 cirwmdguntur
1119 3070 1177 3143 illi,
1207 3079 1240 3131 ut
1268 3073 1347 3134 inter
1366 3070 1411 3133 ἰή

164 3161 429 3270 ιξξξιῆξὲᾞίεοίϋοεῑ
459 3168 658 3247 deputaretur.
710 3169 855 3230 Vestitum
884 3170 969 3248 plane
995 3169 1080 3232 'eius
1113 3188 1131 3231 a
1158 3171 1302 3234 militibus
1331 3172 1411 3235 'divit

313 3268 419 3347 partim
443 3278 526 3330 sorte
548 3287 741 3341 concessum,
768 3270 900 3331 llarcion
928 3270 1064 3341 abstulit,
1096 3272 1263 3351 respiciens
1285 3270 1411 3353 psalmi}

163 3370 458 3451 murumphetism:
482 3368 635 3448 ltispertiti
658 3369 713 3430 sibi
738 3380 808 3431 sunt
830 3371 1004 3431 vestimenta
1020 3388 1100 3445 mea,
1123 3372 1206 3434 etin
1230 3374 1366 3436 vestitum
1385 3390 1410 3435 ι

314 3481 426 3532 sortem
449 3470 603 3532 miseruut.
648 3470 737 3531 luter
757 3471 847 3550 igitur
868 3479 900 3531 et
923 3470 1078 3532 u’crucem
1108 3472 1215 3551 ipsam.
1259 3474 1340 3536 ldem
1370 3474 1410 3537 ‘ia

176 3566 296 3671 fflffi
317 3572 448 3648 psalmus
471 3570 508 3629 de
530 3589 566 3629 eo
589 3589 649 3630 non
672 3579 762 3631 tacet:
792 3571 944 3631 Foderunt
971 3589 1076 3632 manus
1099 3590 1181 3633 meas
1209 3583 1240 3634 et
1259 3574 1368 3654 ’pedes
1386 3588 1410 3637 Ι

222 3649 226 3659 ’
316 3669 409 3731 Totus
432 3671 461 3731 in
485 3669 534 3729 illo
557 3670 652 3731 exitus
674 3671 789 3749 legitur.
834 3671 1098 3733 Circumdederunt
1125 3691 1173 3733 me
1201 3692 1310 3750 canes,
1340 3692 1410 3756 syna

315 3770 515 3830 maleficorum
544 3770 770 3832 circumvallavit
796 3790 859 3833 me:
896 3790 1001 3833 omnes
1034 3773 1086 3852 qui
1115 3774 1291 3853 spectabant
1317 3794 1378 3849 me,
1403 3790 1410 3837 t

316 3869 480 3929 irridebant
502 3887 565 3930 me:
594 3870 683 3933 locuti
705 3881 776 3933 sunt
797 3872 900 3945 labiis,
929 3881 959 3933 et
985 3873 1081 3951 capita
1103 3884 1276 3938 moverunt:
1305 3870 1410 3957 sperati

166 3967 298 4063 imin·
316 3967 419 4042 deum.
442 3970 548 4030 liberet
562 3989 640 4031 eum.
678 3973 746 4044 Quo
769 3972 827 4034 iam
849 3972 1052 4033 testimonium
1076 3973 1371 4039 ¹⁰vestimentnruml
1397 3972 1410 4039 l

316 4068 381 4129 talei
404 4069 444 4131 tui
467 4070 622 4148 praedam3
659 4080 740 4133 totus
768 4073 901 4152 psalmus
930 4072 1105 4135 vestimenta
1134 4084 1206 4136 sunt
1231 4076 1366 4141 Christi·
1402 4072 1410 4137 Ι

383 4252 529 4317 Capilli.
568 4254 589 4302 l.
609 4255 653 4303 nisi
672 4256 739 4306 obed.
774 4257 794 4307 si
814 4258 857 4306 tte.
909 4258 932 4306 2.
951 4259 1027 4308 veniet
1045 4276 1065 4309 e.
1115 4258 1139 4309 3.
1159 4261 1289 4312 archontae
1307 4263 1332 4314 l.
1379 4260 1409 4315 b.

316 4320 350 4379 8.,
371 4323 560 4384 quentodmodum
579 4323 644 4369 solet.
707 4324 729 4371 5.
748 4325 819 4373 xenio
843 4323 867 4372 ll.
883 4341 913 4373 m.
924 4341 961 4389 pr.
1013 4324 1038 4373 b.
1057 4327 1110 4374 eius
1130 4328 1247 4378 militibus
1263 4331 1288 4379 d.
1317 4326 1409 4407 'Ul

316 4391 412 4447 partim.
432 4390 518 4449 purtim
538 4395 603 4436 sorte
622 4403 764 4438 concessum
785 4392 897 4439 latinius.
921 4392 1003 4441 Probet
1013 4392 1050 4442 l'r.
1062 4394 1150 4443 letoius.
1194 4394 1241 4444 Ἡ).
1259 4404 1339 4447 tamen
1357 4396 1409 4461 ipa

316 4452 339 4502 8.
360 4463 438 4503 tamen
458 4454 512 4503 ltcd.
535 4455 655 4503 Vaticanus
672 4464 776 4520 uterque.
818 4458 882 4505 enim
899 4460 992 4521 reliqui.
1050 4459 1075 4509 il.
1094 4460 1169 4523 pedet
1188 4477 1256 4512 meos
1274 4466 1310 4515 ed.
1331 4464 1409 4515 lotio!

317 4521 383 4572 niter.
419 4522 493 4584 pedes
512 4521 605 4583 reliqui.
661 4521 698 4572 ld.
717 4525 913 4573 vestimentorum
932 4525 1007 4573 babes
1025 4527 1140 4577 latinius.

352 4654 410 4715 Cap.
429 4652 497 4701 llll.
540 4668 561 4699 a.
586 4660 649 4702 totus
674 4656 783 4719 psalmus
808 4658 879 4706 resti·
932 4658 1021 4715 monia,
1040 4659 1153 4711 hecsolo
1172 4662 1202 4711 de
1220 4664 1367 4714 vestimentis
1383 4660 1409 4713 alt

318 4728 397 4767 menta
422 4728 478 4769 suut
502 4716 603 4781 Christi}
634 4722 686 4779 Quo
711 4724 774 4782 iam,
792 4724 878 4786 inquit,
932 4725 980 4772 rari
998 4733 1021 4772 te
1039 4726 1145 4788 voluisti,
1164 4729 1278 4789 llareion.
1305 4728 1409 4793 eranfltll

318 4787 380 4835 inter
398 4794 433 4836 tot
450 4803 478 4836 ac
495 4795 560 4837 tanta
584 4787 630 4835 alia
648 4788 678 4837 de
696 4789 791 4841 Christo
810 4791 880 4840 teeti·
931 4789 968 4839 bis
985 4805 1062 4855 super
1078 4808 1108 4843 aa
1125 4792 1225 4851 aratia?
1257 4796 1324 4851 llate
1346 4810 1406 4849 aaa·
