3242 5775
289 657 353 724 ιω
539 664 642 719 omnm
664 662 796 707 snrrmr
817 659 984 705 recrearis
1007 658 1205 703 ranrmnraar

290 821 437 888 cruciatur
459 818 491 878 in
513 816 628 894 lingua,
651 823 681 875 et
702 812 740 874 de
761 812 852 891 digito
874 811 991 872 animae
1012 809 1155 872 felicioris
1173 807 1315 888 implorat
1330 807 1457 869 solatiam

289 922 380 984 roris.
412 916 574 997 Imaginem
596 914 748 977 existimas
770 914 881 974 exitum
904 910 985 971 illum
1007 910 1149 989 pauperis
1170 907 1308 970 laetantis
1324 917 1356 971 et
1370 907 1459 970 divitia

291 1017 480 1086 maerentis?
503 1027 533 1079 et
554 1016 624 1095 quid
646 1014 706 1076 illic
721 1014 851 1075 ¹Lazari-
862 1024 999 1084 nomem,
1022 1011 1047 1073 si
1071 1029 1132 1072 non
1147 1009 1317 1071 inveritate
1332 1029 1384 1072 rea
1399 1006 1460 1071 ceti

292 1121 351 1186 Sed
374 1121 431 1182 etsi
453 1119 550 1197 imago
573 1115 720 1178 credenda
743 1124 806 1182 cst,
842 1111 1044 1175 testimonium
1067 1112 1125 1172 erit
1145 1110 1291 1173 veritatis.
1335 1110 1370 1172 Si
1392 1110 1463 1172 enin

194 1261 198 1268 -
292 1240 354 1284 oon
375 1220 498 1282 baberet
520 1217 616 1279 anima
645 1234 771 1296 corpus,
806 1232 867 1275 non
895 1221 1014 1292 caperat
1040 1212 1137 1291 imago
1166 1211 1281 1273 animae
1311 1211 1463 1290 imaginem
1516 1219 1519 1262 t

293 1322 446 1401 corporis,
470 1337 527 1381 nec
547 1318 724 1378 mentiretur
745 1316 783 1376 de
800 1305 1011 1393 'corporalibus
1026 1313 1169 1374 membris
1186 1311 1346 1392 scriptura,
1370 1312 1464 1374 sinon
1517 1397 1519 1404 Ι

293 1430 387 1486 mant
421 1420 500 1493 Quid
522 1426 570 1480 est
590 1427 688 1478 autem
711 1416 782 1477 illud
804 1416 884 1495 quod
907 1414 943 1475 ad
959 1415 1074 1475 inferna
1090 1415 1267 1475 translertur
1281 1421 1356 1492 post
1371 1412 1465 1474 divor·
1517 1417 1519 1496 j

295 1523 369 1584 tium
390 1519 543 1599 corporis,
566 1517 646 1598 quod
667 1516 819 1578 detinetur
839 1514 931 1588 'illic‚
955 1516 1034 1595 quod
1055 1515 1087 1575 in
1110 1515 1188 1576 diem
1211 1515 1313 1576 iudicii
1333 1530 1465 1575 reserva-
1517 1537 1519 1584 ς

294 1629 359 1694 tur,
391 1621 428 1681 ad
450 1619 528 1699 quod
552 1627 582 1679 ct
603 1617 740 1679 Christus
764 1615 920 1677 moriendo
949 1614 1126 1677 descendit?
1169 1616 1262 1688 Puto,
1290 1614 1329 1676 ad
1358 1613 1467 1676 animae

294 1720 537 1802 patriarcharum.
568 1718 646 1779 'Sed
668 1716 876 1797 quamobrem,
900 1717 925 1777 si
947 1717 1020 1778 nibil
1042 1717 1139 1778 anima
1159 1716 1233 1777 ⁴sub
1249 1713 1367 1778 terris?
1395 1711 1468 1776 llibil

296 1822 391 1894 enim,
413 1822 441 1883 si
462 1838 524 1882 non
545 1820 685 1898 corpusl.
718 1817 947 1897 incorporalitas
969 1817 1067 1879 ‘crrim
1090 1816 1125 1877 ab
1144 1816 1224 1877 omui
1241 1834 1354 1895 genere
1369 1825 1467 1878 msto·

296 1921 363 1989 diac
383 1919 492 1982 ⁸libero
514 1929 576 1993 est,
598 1917 756 1980 ’immunis
780 1927 809 1980 et
831 1936 846 1978 a
869 1936 965 1997 poena
981 1927 1010 1979 et
1025 1938 1042 1978 a
1056 1916 1187 1978 ⁸lovella.
1222 1917 1281 1978 Per
1295 1916 1380 1996 quod
1395 1914 1470 1978 enim

208 2067 217 2084 .
296 2020 417 2101 punitur
438 2029 489 2081 aut
511 2022 642 2092 foretur,
675 2020 734 2080 boc
762 2019 818 2080 erit
840 2037 961 2098 corpus.
1006 2017 1138 2079 Reddam
1161 2018 1197 2079 de
1219 2018 1279 2079 isto
1302 2016 1422 2096 plenius
1442 2023 1471 2077 et

296 2120 522 2200 ’opportunius
565 2119 660 2198 lgitur
681 2120 707 2180 si
730 2119 799 2198 quid
823 2119 963 2180 tormenti
993 2118 1055 2179 sire
1085 2118 1207 2181 ¹⁰solatii
1236 2118 1334 2180 anima
1358 2118 1472 2197 ¹¹prae·

297 2220 391 2299 cerpit
414 2219 469 2282 Ιἰιι
492 2239 610 2282 carcere
632 2238 687 2282 seu
709 2220 874 2282 diversorio
897 2220 1041 2292 inferum,
1064 2219 1094 2279 in
1110 2218 1169 2298 igni
1185 2219 1230 2280 rel
1245 2220 1276 2281 in
1292 2218 1364 2280 sinu
1378 2218 1472 2279 Abra·

296 2319 368 2393 bac,
402 2320 525 2399 probata
548 2322 605 2383 crit
632 2322 826 2400 corporalitas
856 2322 981 2382 animae.
1031 2320 1261 2401 Incorporalitas
1290 2320 1373 2380 cuim
1400 2316 1473 2380 nihil

296 2422 422 2501 patitur,
451 2439 513 2482 non
535 2422 647 2483 babens
670 2440 725 2501 por
745 2423 826 2501 quod
848 2422 908 2500 pati
931 2421 1044 2501 possit,
1076 2430 1126 2482 aut
1149 2422 1174 2482 oi
1197 2421 1301 2491 babet,
1335 2420 1397 2479 boc
1415 2418 1474 2478 crit

297 2540 419 2602 corpus.
453 2521 487 2583 ln
509 2530 650 2601 quantum
674 2522 753 2583 enim
777 2540 866 2583 omne
887 2522 1042 2600 corporale
1063 2521 1205 2602 passibile
1227 2528 1290 2590 est,
1312 2518 1345 2579 in
1361 2525 1474 2580 tantum

298 2621 377 2699 quod
399 2620 542 2698 passibile
563 2633 608 2683 est
631 2621 786 2700 corporale
809 2630 865 2680 est.

163 2749 281 2807 mam,
381 2718 546 2797 Abruptum
568 2719 699 2797 alioquin
723 2728 752 2780 et
778 2718 940 2780 absurdum
968 2717 1078 2778 idcirco
1107 2717 1177 2796 quid
1205 2716 1241 2777 dc
1271 2718 1474 2797 corporalium

298 2819 427 2881 eximere
456 2836 549 2880 cerrsu
581 2818 648 2898 quia
676 2819 784 2879 ceteris
815 2818 1019 2898 corporalibus
1048 2818 1191 2898 exemplis
1225 2836 1285 2878 nou
1316 2819 1473 2899 adaequet.

299 2920 353 2980 ¹m
380 2919 431 2981 ubi
456 2919 671 2999 proprietatum
700 2919 811 2998 privata
841 2919 1027 2989 discrimina,
1061 2937 1115 2997 per
1147 2939 1222 2998 quae
1257 2920 1474 2998 magnificentia

299 3020 430 3081 auctoris
459 3038 494 3081 ex
523 3037 648 3098 operum
678 3018 842 3080 eorundem
873 3019 1043 3080 diversitate
1075 3019 1225 3098 signatur,
1263 3029 1295 3082 ut
1323 3022 1388 3083 sint
1414 3032 1474 3085 ῑιιιι

299 3118 445 3182 ¹discreta
466 3139 554 3199 quam
575 3119 672 3198 paria,
697 3130 754 3181 tam
777 3119 869 3180 amica
890 3137 976 3198 quam
994 3129 1023 3180 et
1037 3119 1175 3182 aemula?
1204 3122 1357 3200 Siquidem
1373 3134 1403 3185 et
1418 3123 1477 3202 ipsi

298 3219 471 3302 pbilosophi
505 3238 539 3281 ex
570 3220 726 3282 contrariis
761 3220 897 3281 universa
930 3230 1068 3281 constare
1101 3220 1278 3282 condicunt·
1310 3224 1475 3285 secundnm

299 3320 456 3383 amicitiam
479 3329 510 3382 et
535 3321 718 3382 inimicitiam
745 3307 981 3399 'Empedoclile
1032 3321 1081 3383 Sic
1109 3322 1197 3400 igitur
1224 3321 1280 3383 etsi
1309 3323 1477 3403 corporalia

298 3421 553 3503 ‘incorporalibus
575 3423 728 3496 obiacent,
750 3423 817 3501 ipsa
839 3439 957 3501 quoquc
977 3421 1018 3482 ita
1040 3422 1117 3482 inter
1138 3441 1172 3483 se
1187 3421 1344 3496 differunt,
1367 3432 1400 3485 ut
1415 3423 1477 3485 dil-

367 3574 425 3639 Cap.
445 3575 492 3625 vlt.
534 3577 556 3623 1.
577 3575 678 3625 eleazari
696 3577 722 3625 Α.
776 3573 798 3623 2.
818 3574 984 3624 illiorum.
1037 3573 1061 3623 ³.
1082 3573 1129 3623 Sed
1148 3574 1408 3637 quamobremoocl.
1450 3575 1476 3626 4.

297 3641 388 3695 detinet
405 3643 450 3692 sub
470 3643 527 3693 Boo.
580 3643 604 3692 5.
623 3645 687 3693 enim
706 3644 787 3692 coci¹
847 3640 872 3690 o.
891 3642 954 3690 euim
974 3642 1036 3690 liber
1054 3644 1131 3692 esti.
1194 3642 1217 3690 l.
1237 3643 1353 3692 immunia
1371 3644 1476 3705 etuti).

298 3716 322 3759 et
338 3713 389 3773 lup.
424 3710 537 3759 immonis
556 3710 629 3760 licei.
681 3709 705 3760 8.
725 3710 811 3760 lorello
831 3709 875 3759 AB.
917 3708 994 3758 loreia
1012 3711 1104 3773 reliqui.
1157 3708 1182 3759 a.
1200 3710 1346 3773 oportunius
1365 3712 1388 3760 b.
1434 3711 1475 3760 to.

298 3775 382 3825 solarii
399 3777 441 3837 λβ.
498 3776 536 3824 ll.
556 3778 680 3840 praecepit
698 3777 775 3839 (Afllb.
841 3774 880 3824 12.
900 3774 923 3824 in
942 3791 1039 3825 carcere
1059 3777 1113 3826 t'ob.
1155 3791 1252 3826 carcere
1277 3777 1300 3825 in
1326 3790 1432 3841 corpore
1449 3778 1477 3829 B.

298 3842 322 3890 in
341 3856 384 3890 cor
402 3856 445 3890 oro
462 3843 487 3891 l.

367 3857 425 3970 Cep.
443 3906 502 3956 lllll.
554 3908 575 3957 1.
594 3917 619 3958 et
636 3911 676 3958 ubi
694 3912 753 3971 Apu.
798 3911 838 3958 ubi
863 3912 954 3973 reliqui.
1008 3908 1031 3958 ².
1050 3911 1179 3961 discretam
1197 3914 1222 3962 A.
1275 3911 1300 3961 3.
1319 3911 1480 3978 Empedoclis

298 3977 376 4023 oar.l.
429 3973 453 4022 4.
472 3974 667 4038 incorporalibus
682 4002 716 4011 —
735 4003 767 4014 -
785 3986 811 4026 ut
829 3977 877 4027 sint
895 3977 1032 4040 corporalia
1051 3994 1096 4028 om.
1112 3984 1137 4027 Α.

332 4106 391 4170 Cap.
409 4107 456 4155 llll.
493 4123 513 4157 a.
533 4109 614 4159 Lazari
633 4106 734 4175 nomen]
759 4111 785 4160 la
804 4110 859 4160 cod.
910 4112 988 4161 atinus
1008 4112 1049 4159 lib.
1065 4113 1083 4161 ll
1102 4113 1131 4161 de
1150 4113 1237 4161 Genesi
1256 4112 1285 4161 ad
1305 4113 1352 4162 litt.
1370 4113 1416 4164 aab
1435 4116 1478 4165 lla.

298 4172 417 4235 Agobardi
436 4176 522 4235 legitor
538 4177 654 4226 Eleorori.
684 4177 796 4228 Ceteram
815 4193 859 4226 eo·
911 4187 992 4229 notat:
1011 4178 1137 4242 „lienique
1148 4179 1313 4229 Tertullianus
1322 4194 1415 4244 corpur
1424 4182 1478 4232 ani·

298 4241 352 4290 dena
377 4255 404 4290 ex
424 4243 522 4292 historia
542 4244 622 4293 lazari
647 4255 789 4306 argomento
808 4246 859 4294 lre-
912 4261 975 4295 mam
993 4261 1048 4295 ossa
1073 4247 1183 4305 credidit,
1208 4261 1255 4295 noo
1280 4248 1312 4296 ob
1337 4248 1406 4298 alind
1430 4249 1479 4300 alai

298 4322 373 4357 naeus
392 4310 454 4359 circa
474 4325 617 4374 corporeum
629 4312 748 4376 quendam
765 4313 860 4363 animan
911 4315 975 4377 qood
995 4329 1047 4363 eam
1066 4316 1234 4377 incorpoream
1247 4316 1416 4375 cogitarem
1431 4330 1477 4382 pa-

296 4374 404 4424 lrabitum
428 4378 536 4427 ciusdem
560 4394 614 4428 cam
633 4380 750 4442 Septimio
774 4389 859 4429 nostro
911 4383 964 4440 tait,
994 4390 1017 4431 et
1040 4381 1094 4430 ideo
1121 4383 1199 4430 timuit
1225 4396 1255 4431 na
1273 4382 1334 4431 nibil
1352 4391 1430 4445 ακι,
1455 4383 1480 4433 ai

296 4445 431 4493 tententiae
456 4459 511 4494 ceso
535 4446 636 4507 ridetur,
661 4447 703 4496 lib.
714 4448 744 4507 ll,
763 4463 816 4511 cap.
826 4445 859 4496 62
911 4463 960 4498 non
979 4464 1069 4512 corpus
1088 4455 1171 4499 esset·
1191 4457 1246 4498 cett.
1264 4449 1376 4512 (lligalt.)

296 4509 378 4626 3⁰63.
409 4510 858 4644 grtadtgmqerralodwLizqdiguffilsasrfiffr'a
944 4548 1073 4613 cw'vm‘
1106 4565 1126 4598 ⁸¹
1147 4548 1288 4614 mmm]
1308 4550 1480 4602 ‘mmmm’

296 4644 427 4694 notabilem
446 4663 472 4696 oe
490 4648 554 4696 lecit.
572 4648 679 4709 (Rigalt.)
723 4651 859 4700 Eleazarum
910 4616 946 4667 CL
966 4619 1058 4667 ἠοω
1077 4618 1107 4666 ⁸d
1125 4618 1211 4682 smp'
1231 4632 1284 4681 ὤμ’
1297 4618 1336 4668 ¹4¹

296 4710 361 4761 banc
379 4714 494 4764 Lazarum
522 4715 629 4778 appellat
653 4718 724 4766 etiam
743 4718 858 4768 Paulinus
943 4719 967 4767 b.
986 4718 1114 4768 amicitiam
1142 4726 1166 4767 et
1183 4717 1333 4768 inimicitiam
1354 4720 1479 4784 Empedo-

295 4777 372 4842 Epist.
392 4780 433 4830 ³1.
910 4781 976 4851 clio]
996 4785 1032 4835 cl.
1053 4785 1122 4847 lliog.
1141 4786 1219 4834 baert
1234 4785 1345 4843 Vlll‚'l'l.
1376 4790 1479 4837 aristot.

330 4849 353 4896 b.
372 4848 436 4898 Nihil
455 4850 528 4910 anim,
547 4850 567 4899 si
586 4864 634 4900 non
652 4847 762 4916 corpus]
776 4851 857 4914 toga-
909 4852 943 4902 lla
962 4855 1072 4903 Generat.
1092 4861 1116 4903 et
1133 4853 1246 4916 corrupt.
1265 4852 1331 4915 lbb.
