3242 5775
293 668 356 733 710
426 728 434 736 ,
549 673 650 728 onmrr
672 669 804 717 snrrtrm
825 665 988 712 rnoannrrs
1011 663 1208 708 rnnructum

294 836 326 899 in
345 829 510 896 humilitate
530 823 713 889 condicionis
742 820 887 883 humanae
909 815 1112 880 constitutum.
1156 816 1327 882 Hieremias
1357 820 1466 900 inquit:

144 933 422 1000 101.1rrr.o.¹’flomo
445 921 511 1003 est,
528 937 559 989 et
579 926 645 1008 quis
667 928 829 1004 cognoscet
848 916 954 982 illum?
976 917 1045 997 quia
1065 924 1095 978 et
1114 919 1299 983 nativitatem
1315 922 1401 996 eius,
1423 923 1468 984 in·

158 1003 284 1105 “diditi
299 1035 363 1120 qnit
382 1031 501 1105 Esaias,
523 1028 590 1109 quis
612 1021 811 1088 ¹³enarrahit?
843 1021 893 1083 Sic
914 1027 944 1081 et
964 1018 1041 1098 apud
1062 1018 1233 1083 Zachariam
1256 1022 1318 1084 ¹⁴in
1340 1042 1470 1104 persona

208 1108 257 1148 Μ’
298 1136 407 1218 ipsius,
430 1134 520 1195 immo
542 1129 624 1191 etin
645 1126 741 1208 ipsius
763 1122 894 1186 nominis
917 1129 1119 1194 sacramento,
1143 1122 1353 1187 ¹‘verissimus
1370 1144 1468 1187 sacer-

299 1239 355 1302 dos
375 1234 469 1317 patris
485 1233 620 1295 Christus
644 1227 765 1309 ¹⁰ipsius
787 1223 896 1305 duplici
918 1222 1021 1284 habitu
1042 1223 1074 1284 in
1096 1221 1172 1285 duos
1194 1225 1351 1288 adventus·
1369 1227 1391 1259 ¹⁷
1399 1227 1470 1291 ddi·

269 1389 271 1397 .
298 1340 405 1404 niatur.
447 1336 548 1398 Primo
571 1328 736 1412 “sordibus
758 1327 879 1390 indutus
907 1335 971 1398 est,
1004 1323 1034 1386 id
1065 1333 1112 1386 est
1140 1326 1236 1389 carnis
1263 1328 1426 1408 passibilis
1446 1339 1474 1390 et

299 1438 433 1506 mortalis
456 1434 643 1515 indignitate,
666 1450 733 1494 cum
755 1437 786 1491 et
806 1427 940 1491 diabolus
962 1426 1171 1490 adversabatur
1194 1429 1237 1501 ei,
1261 1438 1373 1491 auctor
1395 1430 1473 1493 scili-

300 1550 349 1608 cet
368 1539 457 1603 iudae
479 1534 648 1607 traditoris,
680 1532 731 1613 qui
760 1550 828 1593 eum
856 1530 943 1598 etiam
965 1536 1037 1609 post
1062 1529 1241 1610 baptismum
1265 1540 1475 1611 temptaverat

300 1642 414 1706 Dehinc
439 1637 583 1720 spoliatus
612 1633 764 1715 ¹⁹prictina
790 1632 898 1705 sorde,
931 1638 1090 1692 axomatus
1121 1631 1234 1711 podere
1268 1642 1300 1695 et
1328 1634 1424 1697 mitra
1449 1646 1479 1697 et

301 1727 420 1818 vadari
441 1739 565 1811 munda,
587 1737 617 1800 id
639 1744 687 1798 est
707 1733 829 1796 secundi
851 1732 1010 1807 adventus,
1032 1732 1170 1813 quoniam
1186 1733 1312 1814 gloriam
1330 1745 1366 1798 et
1380 1737 1476 1798 hono·

301 1864 374 1912 rem
390 1843 515 1924 adeptus
548 1839 778 1902 demonstratur.
830 1834 892 1896 Nec
918 1835 1055 1915 poteritis
1083 1834 1357 1899 eum²¹10sedsch
1390 1838 1478 1900 filium

301 1947 416 2021 dicero,
438 1942 488 2025 qui
510 1940 588 2005 nulla
611 1938 732 2001 omnino
754 1945 836 1999 veste
857 1936 993 2010 sordida,
1017 1936 1070 1999 sed
1085 1955 1203 2017 semper
1224 1938 1414 2002 sacerdotali
1428 1940 1478 2001 tuit

303 2053 478 2120 exornatus,
511 2059 723 2121 necunquam
751 2038 928 2102 sacerdotati
953 2056 1076 2100 munere
1104 2038 1245 2118 privatus.
1300 2040 1368 2103 Sed
1399 2042 1479 2104 iesus

303 2148 413 2210 ”rista
427 2146 573 2217 Christus,
596 2142 643 2205 dei
664 2141 757 2224 patris
780 2139 889 2202 summi
911 2139 1062 2224 sacerdos,
1085 2140 1134 2218 qni
1151 2139 1254 2219 primo
1272 2140 1411 2206 adventu
1426 2162 1479 2205 suo

302 2250 431 2314 humana
451 2248 547 2309 torma
568 2252 598 2307 et
615 2242 763 2325 passibilis
783 2242 865 2303 venit
885 2240 915 2303 in
937 2240 1100 2302 hnmilitate
1122 2259 1216 2321 usque
1237 2243 1276 2304 ad
1292 2246 1481 2323 passionem,

291 2349 400 2442 ,J'ipse
421 2348 509 2412 etiam
531 2348 653 2409 edoctus
676 2343 773 2415 hostia
795 2361 849 2423 per
871 2342 970 2404 omnia
992 2361 1047 2421 pro
1064 2342 1201 2404 omnihus
1216 2344 1321 2417 nohis,
1348 2348 1403 2426 qui
1418 2354 1479 2427 post

307 2450 556 2516 resurrectionem
577 2465 661 2510 snam
683 2445 804 2508 indutus
826 2443 996 2524 ”poderem
1023 2444 1164 2506 sacerdos
1192 2445 1223 2507 in
1251 2454 1418 2511 aeternum
1438 2448 1478 2511 dei

193 2551 301 2659 153qu
309 2547 402 2636 p'atris
423 2557 609 2632 nuncupatus
629 2557 685 2611 est.
729 2546 780 2609 Sic
800 2545 879 2607 enim
900 2554 931 2608 et
951 2546 1077 2608 duorum
1097 2545 1263 2619 hircorum,
1292 2550 1348 2627 qui
1373 2552 1479 2614 ieiunio

277 2633 284 2648 ⁸
310 2653 525 2727 offerebantur,
548 2650 650 2714 faciam
671 2648 954 2728 interpretationem.
999 2647 1105 2710 Nonne
1126 2655 1156 2709 et
1176 2647 1219 2709 itii
1241 2656 1412 2732 utrumque
1433 2671 1480 2714 or·

308 2756 408 2820 dinem
429 2752 559 2839 nominis
581 2750 706 2826 Christi,
737 2750 788 2832 qui
816 2749 874 2811 iam
900 2749 995 2822 venit,
1024 2748 1209 2811 ostendunt?
1240 2770 1333 2829 pares
1366 2754 1479 2834 quidam

309 2865 396 2941 atque
418 2854 587 2918 consimiles
608 2861 731 2935 propter
752 2850 880 2915 eundern
908 2848 1020 2915 domini
1047 2859 1257 2932 conspectum,
1291 2851 1399 2935 ²‘quin
1425 2872 1477 2919 non

310 2961 343 3022 in
363 2957 447 3020 ²‘alia
468 2963 610 3019 venturus
632 2962 679 3016 est
698 2955 808 3028 torma,
843 2963 876 3015 ut
901 2952 980 3034 ¹'qui
1007 2954 1128 3034 agnosci
1156 2954 1244 3016 hahet
1273 2975 1290 3017 a
1319 2958 1433 3036 quihus
1452 2965 1479 3018 et

309 3061 409 3124 laesus
430 3065 487 3120 est.
526 3055 609 3118 Urius
630 3064 729 3117 autem
750 3073 853 3117 eorum
874 3055 1070 3118 circumdatus
1092 3055 1229 3130 coccino,
1252 3057 1433 3122 maledictus
1452 3067 1478 3120 ct

311 3167 505 3243 consputatus
528 3168 557 3221 et
577 3156 737 3220 convulsus
760 3164 791 3218 et
811 3165 1023 3237 compunctus,
1051 3177 1067 3220 a
1095 3158 1205 3238 populo
1228 3167 1311 3219 extra
1336 3161 1476 3222 civitatem

311 3259 490 3328 ahim'ehatur
511 3258 541 3320 in
563 3258 776 3339 perditionem,
809 3258 974 3320 manifestis
1001 3259 1147 3320 ²'notatus
1176 3258 1350 3338 insignibus
1375 3260 1476 3325 Christi

230 3401 232 3406 ·
310 3363 477 3448 passionis,
506 3347 555 3442 ‹jui
578 3361 713 3423 coccinea
736 3359 934 3422 circumdatus
955 3369 1037 3422 veste
1059 3368 1089 3422 ot
1110 3368 1304 3439 consputatus
1329 3372 1364 3425 et
1385 3361 1476 3424 omni-

314 3466 370 3530 hus
392 3463 576 3527 contumeliis
597 3462 723 3525 afflictus
745 3470 826 3524 extra
847 3461 993 3523 civitatem
1015 3461 1171 3524 crucifixus
1194 3472 1248 3523 est.
1294 3463 1382 3527 tttsr
1401 3482 1478 3535 vero,

312 3587 367 3651 pro
397 3566 511 3630 delictis
540 3565 656 3629 oblatus
685 3564 745 3626 ”et
772 3562 975 3625 sacerdotibus
1010 3570 1122 3625 tantum
1151 3563 1250 3643 templi
1280 3565 1310 3625 in
1343 3566 1477 3647 pahuium

255 3707 260 3718 ·
314 3671 410 3753 datus,
433 3668 580 3730 secundae
601 3664 884 3748 repraesentationis
907 3672 1077 3744 argumenta
1093 3664 1236 3744 signabat,
1259 3665 1349 3746 ”qua
1368 3667 1477 3731 delictis

316 3768 454 3833 omnihus
482 3767 636 3848 ³⁰expiatis
666 3766 837 3829 sacerdotes
864 3767 965 3847 tempti
993 3765 1149 3846 spiritatis,
1185 3766 1215 3827 id
1248 3777 1297 3829 est
1330 3770 1479 3839 ecciesiae,

315 3871 480 3935 dominicae
501 3868 610 3947 gratim
631 3871 714 3947 quasi
736 3869 930 3931 visceratione
951 3867 1092 3948 quadam·
1113 3870 1297 3942 fruerentur,
1321 3871 1478 3933 ieiunanti-

315 3973 372 4036 hus
394 3970 502 4033 ceteris
525 3988 541 4030 a
562 3969 665 4032 salute.
709 3970 800 4050 dgitur
822 3970 960 4049 quoniam
985 3969 1099 4050 primus
1128 3969 1271 4032 adventus
1294 3979 1325 4032 et
1347 3956 1480 4052 piurimis

317 4073 418 4154 figuris
441 4070 614 4133 obscuratus
636 4079 666 4132 et
687 4072 768 4134 omni
789 4072 975 4135 inhonestate
989 4080 1156 4152 prostratus
1175 4071 1352 4148 canebatur,
1376 4092 1480 4137 sccun-

320 4175 375 4236 dus
397 4191 466 4234 vero
489 4182 518 4234 et
539 4173 711 4235 manifestus
741 4180 771 4236 et
791 4174 848 4237 deo
877 4174 1058 4253 condignus,
1092 4172 1198 4234 idcirco
1228 4193 1316 4251 quem
1345 4176 1429 4238 tacite
1456 4184 1482 4237 et

322 4327 361 4377 12.
379 4327 406 4375 Ει
425 4328 496 4376 homo
514 4329 550 4379 cd.
595 4326 633 4376 13.
652 4329 769 4378 enarravit
785 4323 892 4385 thiddoh.
936 4327 973 4377 lh
993 4329 1025 4377 ait
1043 4328 1121 4377 inat.
1165 4327 1203 4376 15.
1223 4328 1366 4379 verissimus
1379 4326 1480 4390 (111311.

319 4409 389 4446 verns
407 4410 514 4445 summus
532 4397 623 4459 reticui.
682 4395 719 4445 16.
739 4396 816 4460 ipsius
834 4391 941 4455 (tithei.
988 4397 1055 4445 iesus
1080 4398 1171 4460 reticui.
1235 4396 1273 4443 tt.
1293 4396 1432 4447 detineatur
1449 4398 1479 4446 cd

320 4462 495 4514 declinaturd.
549 4462 588 4511 18.
605 4462 710 4513 sordidis
729 4466 764 4514 cd.
826 4464 863 4514 19.
900 4465 981 4514 ristina
1000 4458 1111 4513 sordah.
1154 4465 1268 4526 pristims
1287 4466 1481 4530 sordesveh'puc

320 4530 361 4583 tn.
380 4531 478 4580 cidarim
497 4530 610 4580 mnndum
628 4531 671 4580 tr.
717 4530 758 4581 tt.
777 4531 864 4596 ioseph
881 4480 940 4582 {aa
981 4532 1043 4581 211).
1063 4534 1108 4580 ista
1126 4534 1205 4581 ovet.
1253 4531 1294 4580 22.
1314 4533 1369 4596 ipse
1387 4535 1481 4583 effectos

321 4609 358 4650 est
375 4600 452 4648 hostia
470 4600 494 4648 t.
538 4598 579 4648 23.
597 4598 750 4661 poderctcd.
791 4600 832 4650 21.
851 4602 890 4665 qni
908 4595 930 4650 1.
975 4600 1016 4650 25.
1035 4599 1146 4649 heliact.
1191 4599 1230 4649 26.
1268 4601 1481 4663 uiacognoscitt.

321 4668 361 4718 tt.
375 4660 697 4786 fynufflhizmw'm·
733 4668 795 4718 notis
814 4667 906 4728 (Aidoh.
952 4668 992 4718 28.
1013 4677 1049 4718 ast
1066 4670 1090 4717 t.
1136 4667 1176 4716 29.
1194 4668 1235 4732 qui
1250 4616 1293 4718 h.
1343 4669 1385 4720 ³0.
1405 4671 1480 4734 expia·

320 4744 358 4787 tos
409 4771 415 4783 .
450 4742 536 4798 expiata
570 4770 577 4783 .
879 4784 885 4795 ⁴
975 4769 982 4779 .

354 4837 411 4901 Cap.
430 4836 484 4885 xlv.
517 4851 539 4885 a.
557 4837 625 4900 qnasi
642 4836 797 4888 visceratione
815 4853 875 4903 qun·
927 4837 1016 4897 etesiis,
1034 4839 1089 4888 h.e.
1107 4837 1225 4897 tidoiihus,
1245 4838 1403 4898 Christianis,
1420 4838 1487 4904 qnasi

316 4901 386 4971 dam]
404 4903 576 4955 Eucharistiam
594 4905 719 4968 significat,
737 4905 816 4956 dnum
834 4921 875 4958 cc·
908 4908 950 4969 ¹in
969 4907 1150 4958 visceratiencm
1169 4915 1193 4957 ct
1210 4907 1335 4972 pahntnnr.
1355 4909 1462 4972 (Rigalt.)
