3242 5775
322 642 384 705 234
574 655 676 707 curura
700 656 831 698 ssrrrrnr
853 653 1019 697 rnoannms
1042 621 1238 697 rmrumaar

169 805 307 908 staffili
322 808 480 870 modorum
503 823 626 869 suorum
648 824 751 878 eausa,
786 805 942 884 iungentes
969 799 1096 866 domum
1118 803 1155 865 ad
1182 801 1323 877 domum,
1360 812 1393 865 ut
1417 821 1465 885 qm

322 908 448 989 proximi
472 915 544 970 sunt
563 907 730 980 auferrent,
753 906 913 968 clamantes
935 906 1093 986 populum,
1115 911 1250 966 amantes
1271 923 1411 979 munera,
1428 917 1465 972 'tt

322 1017 436 1073 cuntes
458 1008 700 1081 retributionem,
723 1008 899 1087 diripientes
922 1007 1047 1069 iudicata
1067 1024 1247 1087 pauperum,
1270 1006 1315 1067 uti
1336 1017 1418 1069 esset
1433 1005 1465 1070 fl

322 1110 408 1172 vidua
430 1111 461 1171 in
482 1109 614 1190 rapinam
638 1118 667 1171 et
687 1109 818 1190 pupillus
841 1109 870 1170 in
892 1110 1043 1189 praedam.
1086 1107 1129 1169 lle
1150 1106 1259 1187 quibus
1280 1106 1361 1169 idem
1375 1106 1465 1172 doda

183 1209 380 1306 ¹¹,lffmllae
403 1209 452 1290 qui
474 1210 572 1273 valent
592 1209 865 1283 in¹⁶Hierusalem3
888 1218 918 1271 et
932 1228 1051 1272 rursus:
1075 1209 1132 1282 Qui
1147 1227 1202 1269 ros
1216 1208 1386 1288 postulant,
1408 1209 1465 1272 ¹'dt

220 1311 283 1360 ΠΜ·
321 1313 472 1374 minantur
494 1311 593 1402 uestri.
632 1311 690 1384 Qui
712 1312 807 1391 magis
830 1330 917 1390 quam
939 1310 1013 1390 legis
1035 1309 1201 1403 doctores?
1235 1309 1272 1371 lli
1287 1311 1316 1372 si
1332 1309 1465 1374 elffii!

321 1412 530 1493 displicebant,
563 1421 597 1474 ut
618 1412 665 1473 sui
687 1412 891 1493 displicebant.
935 1412 1054 1474 Alienae
1076 1411 1155 1475 euim
1176 1411 1250 1492 legis
1271 1411 1410 1475 doctmm
1426 1425 1465 1474 ιι

169 1515 444 1597 g„0,11‚47,omnino
467 1513 626 1593 pulsasset.
671 1513 730 1575 Cnr
752 1523 850 1576 autem
872 1515 931 1576 Vae
952 1513 1076 1575 audiunt
1097 1514 1184 1575 etiam
1206 1514 1286 1593 quod
1308 1514 1465 1578 setinum

152 1624 154 1627 ’
322 1615 477 1696 prophetis
500 1614 682 1676 monimenta
710 1615 898 1695 interemptis
926 1633 942 1675 a
970 1614 1104 1694 patribus
1127 1633 1247 1688 eorum,
1279 1614 1367 1677 laude
1391 1613 1465 1696 pofl

321 1717 418 1797 digni,
441 1717 492 1796 qui
514 1735 549 1777 ex
570 1717 627 1777 isto
651 1735 743 1796 opere
764 1717 883 1797 pietatis
899 1715 1084 1778 testabantur
1101 1734 1210 1777 senon
1225 1713 1465 1780 consentircld

321 1829 453 1900 patrum,
483 1818 509 1879 si
531 1836 593 1878 non
616 1826 679 1878 erat
700 1818 829 1890 zelotes,
863 1818 978 1896 qualem
1007 1825 1134 1896 arguunt
1154 1817 1361 1890 Marcionitae,
1387 1818 1465 1882 tuta

320 1930 436 2001 patrum
459 1919 496 1981 de
517 1919 585 1980 liliis
609 1920 773 1998 erigentem
804 1937 901 1997 usque
929 1920 959 1980 in
987 1928 1120 1998 quartam
1148 1920 1355 1983 nativitatem?
1396 1919 1465 1994 01

320 2040 391 2084 rero
414 2021 522 2082 clavem
544 2020 690 2082 habehant
711 2020 940 2100 legisdoctores
960 2020 1019 2083 nisi
1041 2011 1314 2100 interpretationem
1336 2011 1465 2102 legisti

169 2123 404 2204 g„0,11‚52,cuius
426 2122 605 2184 intellectum
627 2140 724 2202 nequo
753 2122 810 2201 ipsi
839 2121 972 2196 adibant,
1011 2140 1071 2183 non
1099 2122 1254 2184 credentes
1283 2123 1395 2186 seilicet
1413 2115 1465 2196 (ΙΝ

321 2225 400 2286 enim
423 2223 623 2296 credideritis,
645 2241 706 2284 non
728 2223 934 2303 intellegetis),
957 2241 1054 2302 neque
1071 2224 1145 2285 alios
1160 2224 1368 2296 admittebant,
1390 2223 1465 2306 utiq

321 2326 489 2387 ¹'docentes
511 2334 665 2405 praecepta
693 2324 793 2406 potius
820 2333 851 2386 ot
876 2324 1026 2386 doctrinas
1054 2325 1218 2386 hominum.
1264 2327 1323 2399 Qui
1344 2315 1465 2407 ergo'at

319 2430 403 2507 ipsos
425 2426 611 2488 introeuntes
633 2445 689 2488 nec
711 2426 776 2488 aliis
798 2426 908 2488 aditum
930 2435 1117 2507 praestantes
1134 2427 1320 2508 increpabat,
1342 2427 1465 2498 obtreotfl¹

322 2537 369 2589 tor
389 2527 545 2589 habendus
568 2535 614 2588 est
634 2526 707 2605 legis
729 2546 766 2589 an
788 2525 911 2589 lautor?
938 2527 971 2589 Si
994 2528 1192 2603 obtrectator,
1214 2529 1332 2608 placere
1345 2527 1465 2590 debeb!

320 2636 350 2688 et
371 2627 577 2707 praeclusores
599 2627 691 2707 legis,
714 2629 739 2689 si
762 2629 877 2701 fautor,
906 2627 964 2689 iam
986 2647 1047 2689 non
1070 2636 1100 2689 et
1121 2629 1255 2690 aemulus
1278 2629 1389 2710 ¹⁰logis.

319 2730 392 2791 haec
414 2727 512 2788 omnia
534 2728 798 2791 ad.inluscandum
821 2737 984 2791 creatorem
1006 2729 1173 2808 ingerebat,
1206 2738 1239 2792 ut
1261 2749 1394 2806 saevum,
1418 2727 1465 2812 al

231 2892 233 2897 .
319 2849 407 2911 ‹ytrem
430 2829 635 2908 delinquentes
659 2829 715 2892 Vae
741 2829 871 2892 habituri
900 2840 1012 2893 essent.
1055 2830 1093 2893 Et
1119 2831 1187 2910 quis
1209 2849 1328 2894 sacrum
1351 2821 1465 2913 nonpd

319 2933 378 2994 tius
401 2931 518 2992 timeret
538 2949 700 3010 provocare
722 2930 914 2993 ”deficiendo
937 2932 973 2993 ab
996 2930 1057 2993 eol
1109 2933 1205 2994 'lanto
1227 2935 1322 3013 magio
1343 2952 1412 3013 ergo
1430 2928 1465 2995 dt·

319 3032 492 3094 merendum
515 3031 640 3093 docebat
661 3051 749 3111 quem
771 3032 935 3094 timendum
958 3033 1119 3112 ingerebat.
1156 3034 1206 3096 Sic
1228 3034 1384 3115 oportebat
1401 3030 1465 3095 (llll

319 3143 399 3196 stum
420 3132 573 3196 creatoris.
661 3164 666 3174 ·
977 3146 980 3153 ·

167 3258 318 3317 ewam-111,
404 3234 508 3296 blerito
532 3233 629 3313 itaque
652 3252 712 3295 non
734 3234 870 3314 placebat
890 3235 933 3296 illi
954 3235 1122 3316 hypocrisis
1143 3235 1384 3316 pharisaeorum,
1404 3230 1465 3325 lab!⁸

166 3371 300 3421 „mm
320 3337 433 3400 scilicet
454 3335 614 3398 amantium
636 3335 740 3407 deum,
771 3354 831 3397 non
860 3337 959 3399 cordo.
1004 3337 1125 3410 Caveto,
1157 3338 1253 3425 inquit
1280 3338 1442 3420 discipulis,
1452 3332 1465 3391 l

318 3441 466 3502 termento
488 3437 727 3518 pharisaeorum,
750 3436 900 3516 quod'cst
921 3438 1099 3518 hypocrisis,
1121 3456 1182 3499 non
1204 3440 1385 3519 praedicatio
1405 3440 1465 3501 ord

321 3541 405 3603 toris.
450 3540 522 3601 Odit
542 3547 731 3601 contumaees
753 3537 846 3617 patris
869 3538 964 3612 filius,
994 3557 1055 3600 non
1082 3540 1143 3600 vult
1170 3559 1245 3601 suos
1268 3540 1342 3603 talos
1361 3540 1465 3603 exin!

319 3640 349 3701 iu
372 3639 469 3714 illum,
492 3658 552 3700 non
575 3639 604 3700 in
627 3639 732 3713 aliurn,
754 3638 784 3698 in
807 3657 895 3717 quem
918 3639 1085 3719 hypocrisis
1108 3641 1215 3702 luisset
1238 3642 1385 3717 admissa,
1405 3638 1465 3705 oti

319 3740 484 3817 exemplum
507 3759 523 3800 a
545 3739 700 3819 discipulis
722 3748 883 3801 caveretur.
914 3740 957 3801 lta
979 3740 1203 3821 pharisaeorum
1219 3742 1465 3822 ¹prohtbetess=

318 3842 410 3921 plum.
454 3841 488 3900 ln
511 3859 578 3900 eum
601 3841 777 3919 prohibebat
798 3840 870 3902 illud
892 3840 1007 3902 admitti
1029 3841 1059 3902 in
1082 3860 1170 3921 quem
1198 3843 1396 3905 admittebant
1412 3840 1465 3923 ᾖ

318 3940 418 4002 risaei.
462 3941 555 4019 lgitur
576 3943 715 4020 quoniam
738 3941 918 4022 hypocrisim
941 3959 1044 4003 eorum
1066 3950 1195 4018 taxaret,
1226 3943 1329 4024 otique
1349 3936 1465 4007 oolanfl¹

319 4040 433 4102 occulta
455 4041 555 4102 cordis
578 4050 607 4103 et
628 4042 842 4105 incredulitatis
864 4052 979 4104 sacrem
992 4041 1246 4123 'superficialibus
1262 4043 1369 4107 ollioiis
1383 4043 1465 4107 ob·

318 4140 468 4215 brantem,
501 4160 576 4222 quae
604 4141 714 4203 clavem
744 4142 904 4222 agnitionis
932 4143 1047 4205 habens
1078 4162 1137 4206 neo
1160 4142 1245 4224 'ipsa
1272 4140 1465 4217 inhoirotnl

165 4251 298 4304 tuemur.
318 4242 392 4303 alios
416 4241 543 4315 sineret,
565 4243 633 4304 ideo
656 4245 760 4316 adicit,
782 4243 861 4305 Nihil
882 4253 981 4306 autem
998 4253 1150 4324 opertum,
1173 4245 1254 4324 quod
1268 4263 1330 4308 non
1344 4244 1465 4327 ⁴patafl

318 4350 347 4402 et
362 4342 434 4403 nihil
449 4342 672 4416 absconditum,
695 4344 774 4424 quod
790 4362 852 4404 non
867 4345 1073 4419 ”dinoscetur3
1095 4364 1134 4407 ne
1148 4345 1216 4425 quis
1239 4347 1390 4409 existimet
1410 4344 1465 4411 illd

319 4461 352 4510 10
378 4461 527 4511 llierusalem
546 4463 829 4514 cdl'otieomrumuoua.
857 4464 971 4515 lsraelem
980 4466 1007 4515 B.
1035 4464 1142 4514 israhele
1154 4465 1177 4515 o.
1213 4464 1305 4516 tenete
1321 4482 1346 4518 a.
1380 4462 1458 4519 laud

318 4528 357 4578 Π.
376 4529 530 4607 dominentur
547 4531 569 4580 b.
623 4529 802 4582 turonenses
827 4533 895 4583 abed.
942 4532 1061 4584 docebant
1083 4533 1127 4584 BG.
1181 4531 1222 4583 19.
1240 4531 1303 4596 legis
1319 4532 1407 4585 md.
1447 4526 1465 4599 Ι,

316 4596 558 4728 delp'gleplldllllllll.
596 4665 617 4713 l.
636 4665 749 4727 prohibet
766 4664 1065 4731 Bed.tottcosoeorerqoe.
1102 4652 1213 4731 perhibet
1231 4667 1277 4717 reli
1312 4669 1326 4720 '.
1361 4664 1465 4735 2⁸⁸1!

316 4732 434 4781 llcialibua
452 4734 528 4791 obed,
549 4733 670 4783 llheaoaos
687 4735 712 4781 ia
729 4748 801 4796 moro.
820 4733 856 4783 ed.
873 4736 948 4798 princ.
984 4734 1107 4797 supernati
1125 4734 1215 4784 talibus
1234 4733 1259 4785 0.
1309 4736 1416 4786 dania.
1448 4748 1465 4785 Ι

315 4799 534 4919 pegffluffiboklt.
586 4797 610 4849 3.
628 4799 681 4865 ipsa
699 4801 732 4862 d,
751 4801 885 4917 Phliasios.
920 4801 945 4852 in
963 4801 1016 4867 ipss
1035 4801 1122 4853 Beato.
1173 4801 1199 4852 l.
1216 4802 1317 4867 patefiat
1331 4802 1360 4855 Ι.
1403 4800 1465 4885 M
