3242 5775
655 662 693 706 ΙΙΕ
715 661 809 707 CARNE
831 663 959 709 (ΙΙΙΙΙΒΤΙ.
1214 616 1228 630 .
1324 653 1389 717 443

214 811 324 891 quibiu
346 809 484 892 displicet
505 821 624 888 nostra,
646 821 698 875 aot
718 812 870 876 “eandem
893 823 1056 895 agnoscant
1076 815 1162 896 “qua
1183 819 1272 880 etiam
1292 818 1391 884 ⁸'oae-

215 914 302 977 leatis
326 913 434 975 melior
456 932 607 976 essenon
630 915 735 995 potuit.
790 907 930 996 Legimus
960 918 1063 998 plane,
1095 917 1214 981 Primus
1241 919 1529 992 inmoderantia

217 1025 315 1078 terrae
337 1015 427 1089 limo,
450 1016 597 1079 secundus
620 1017 711 1077 homo
727 1015 763 1078 de
778 1018 872 1079 eaelo.
899 1018 970 1080 ’Non
993 1026 1089 1081 nmen
1112 1020 1149 1081 ad
1171 1020 1311 1083 materiae
1332 1023 1392 1086 dil·

218 1117 375 1180 lerentiam
398 1103 527 1197 spectat,
550 1118 603 1180 sed
620 1127 730 1180 tanturn
746 1127 882 1181 terrenae
897 1129 977 1181 retro
994 1119 1177 1184 substantiae
1192 1122 1289 1185 carnia
1303 1123 1392 1203 primi

218 1220 368 1292 hominis,
401 1218 461 1280 ³⁷id
484 1226 530 1280 eat
550 1219 646 1292 Adae,
675 1220 832 1282 caelestem
855 1221 891 1282 de
914 1221 1019 1300 spiritu
1048 1222 1244 1287 substantiam
1266 1225 1392 1306 opponit

220 1321 341 1384 amnti
365 1319 511 1393 hominis,
534 1320 564 1382 id
586 1329 632 1382 est
653 1320 772 1383 Christi.
816 1322 855 1383 Ει
874 1322 976 1384 ”adeo
1000 1323 1036 1385 ad
1058 1324 1212 1404 spiritum,
1240 1344 1302 1388 non
1323 1325 1392 1390 ”ad

221 1440 335 1484 mruem
360 1421 516 1484 caelestem
538 1422 688 1484 hominem
711 1425 817 1495 refert.
840 1431 874 1485 ut
893 1423 999 1504 ⁴⁰quos
1021 1425 1047 1487 ei
1064 1435 1215 1507 comparat
1228 1436 1346 1491 constat
1359 1429 1391 1491 in

221 1523 271 1586 hae
291 1524 411 1585 “carne
433 1534 551 1585 terrena
573 1524 716 1585 caelestes
739 1521 819 1597 lieri,
848 1525 953 1605 spiritu
976 1526 1097 1589 scilicet.
1143 1527 1258 1601 Quodsi
1280 1547 1390 1593 seeun-

223 1625 287 1688 dum
318 1643 437 1687 mem
466 1644 584 1704 quoque
612 1625 748 1687 caelestis
776 1626 929 1698 Christus,
963 1646 1024 1688 uon
1051 1627 1321 1711 “compararentur
1347 1631 1391 1696 itti

223 1744 277 1788 non
301 1728 464 1790 seeundum
488 1745 605 1789 carnem
628 1728 781 1789 caelestes.
816 1727 849 1789 Si
866 1728 964 1807 ⁴³ergo
981 1730 1031 1808 qui
1046 1730 1121 1790 liunt
1134 1731 1291 1805 caelestes,
1313 1751 1390 1813 qua-

223 1827 253 1891 lis
267 1829 327 1891 “et
344 1828 496 1903 Christus,
519 1837 666 1890 terrenam
682 1828 778 1891 earnis
794 1829 990 1891 substantiam
1007 1838 1138 1911 gestant,
1160 1831 1258 1894 “hinc
1271 1850 1391 1913 quoquae

225 1931 412 1992 confirmatur
425 1932 522 2010 ipsum
539 1931 626 1992 etiam
640 1931 790 1993 Christum
812 1931 842 1993 in
866 1950 954 1994 earne
975 1941 1094 1994 terrena
1115 1933 1209 1995 luisse
1223 1934 1390 2011 caelestem,

225 2030 295 2095 sinat
315 2032 365 2093 “ii
388 2041 459 2095 sunt
481 2033 530 2112 qui
554 2032 581 2094 ei
603 2033 812 2112 adaequantur.

302 2134 528 2196 Praetendimus
551 2134 647 2196 adhne
668 2134 740 2195 nihil
763 2134 843 2215 quod
867 2154 901 2197 ex
923 2134 980 2195 alio
996 2144 1148 2215 acceptum
1164 2137 1218 2209 sit,
1240 2146 1273 2200 ut
1294 2138 1390 2201 ¹aliud
1406 2148 1505 2209 tanta„

226 2235 258 2297 sit
278 2254 368 2316 mam
390 2236 420 2296 id
443 2236 479 2297 de
501 2256 559 2315 quo
583 2237 623 2297 sit
644 2245 815 2315 acceptum,
846 2237 885 2297 ita
906 2236 1002 2298 'aliud
1024 2256 1093 2298 esse
1115 2245 1228 2300 utnon
1251 2249 1391 2321 suggerat

225 2337 296 2398 mde
319 2339 361 2399 ait
382 2346 545 2417 acceptum.
601 2338 706 2400 Omnis
728 2337 851 2400 materia
879 2338 945 2399 sine
972 2340 1144 2401 testimonio
1173 2341 1297 2420 originis
1319 2360 1390 2405 suae

228 2447 367 2509 nonest,
391 2438 447 2500 etsi
470 2440 637 2501 demutetur
659 2440 688 2501 in
712 2439 1061 2519 novarn‘proprietatem.
1094 2441 1195 2521 Ipsum
1218 2451 1298 2505 certe
1319 2461 1389 2504 oor·

226 2556 274 2618 pus
294 2539 452 2602 ’nostrum
475 2542 547 2613 hoc,
576 2542 655 2620 quod
683 2541 719 2602 de
740 2542 811 2602 lirno
835 2541 1001 2621 ‘figulatum
1024 2543 1110 2604 etiam
1133 2543 1169 2605 ad
1192 2544 1305 2607 fabulas
1333 2559 1389 2607 na·
1466 2531 1480 2554 ⁹

227 2640 331 2704 tionum
355 2641 464 2703 veritas
488 2643 667 2713 transmisit,
703 2644 873 2723 ⁵utriusque
896 2643 1040 2723 originem
1062 2645 1199 2707 elementi
1222 2646 1389 2722 confltetur,

226 2739 322 2805 ⁸carrae
345 2752 473 2816 terram,
495 2744 659 2823 ⁷sanguin‘e
681 2762 796 2823 aquam.
834 2744 906 2806 Nam
929 2745 998 2806 licet
1019 2745 1090 2807 'alia
1114 2748 1154 2807 sit
1175 2747 1292 2827 species
1313 2765 1389 2828 qua·

223 2842 321 2919 itatis,
358 2846 416 2907 hoo
438 2845 585 2925 estquod
608 2864 643 2907 er
666 2845 723 2907 alio
746 2846 823 2908 aliud
852 2847 899 2920 lit,
934 2856 1064 2911 ceterum
1093 2848 1162 2929 quid
1193 2857 1239 2912 est
1267 2850 1388 2929 sanguis

224 2965 304 3025 quam
327 2948 441 3010 rubens
463 2946 595 3008 humori
617 2947 686 3026 quid
709 2967 777 3010 earo
800 2968 887 3028 quam
909 2958 987 3011 terra
1002 2949 1050 3011 ”in
1066 2950 1158 3029 figura
1174 2948 1270 3013 sua·?
1308 2951 1388 3013 Con-

224 3050 317 3125 sidera
340 3050 472 3129 singulas
496 3049 660 3128 qualitates,
683 3050 836 3111 musculos
853 3059 885 3112 ut
900 3051 1038 3130 ¹⁰glebas,
1061 3071 1132 3113 ossa
1148 3061 1181 3114 ut
1196 3071 1275 3127 sana,
1300 3053 1390 3116 etiam

226 3151 333 3212 emtum
366 3150 490 3232 papillas
531 3150 657 3212 calculos
698 3151 874 3230 quosdaml.
929 3153 1036 3232 Aspice
1074 3173 1232 3215 nervorum
1271 3163 1389 3218 tenaces
1423 3223 1426 3229 ¹

224 3301 263 3352 dd.
280 3303 378 3354 eandem
398 3313 530 3367 agnoscant
546 3307 588 3354 ld.
629 3305 708 3353 omnin
733 3312 879 3365 cognoscant
897 3304 921 3353 ll.
964 3318 1017 3354 eam
1042 3313 1188 3366 cognoscant
1211 3306 1303 3369 reliqui.
1346 3306 1388 3358 35.

222 3374 322 3436 quaed.
376 3372 417 3422 36.
437 3373 547 3422 caelestis
565 3374 661 3433 Addita
678 3375 834 3434 marplodcd.
870 3372 1030 3422 scolastico.
1074 3371 1115 3421 37.
1134 3372 1157 3421 id
1175 3378 1212 3420 eat
1229 3372 1293 3421 ldaa
1310 3376 1409 3424 orn.d.'

221 3438 258 3490 id.
277 3441 307 3489 ab
328 3454 359 3489 eo
377 3458 437 3504 sang.
481 3440 521 3490 39.
541 3441 569 3489 ad
589 3445 667 3491 ontl.
710 3441 750 3489 to.
770 3455 830 3502 quoa
849 3441 869 3488 ci
888 3441 967 3501 (ddld.
1003 3441 1128 3502 qnoadot
1164 3452 1224 3504 quoa
1242 3440 1387 3504 aioreiigati.

221 3508 258 3558 tt.
277 3509 378 3557 materis
397 3510 419 3559 C.
460 3507 501 3558 42.
520 3509 885 3572 compararenturlddtdllotcd.
921 3508 1148 3570 compar-coturltp.
1184 3507 1388 3570 comparareutd.

221 3575 258 3626 43.
277 3591 336 3638 crgo
356 3576 396 3640 qui
417 3578 607 3638 tinnttldiodcd.
642 3582 858 3639 ergmnuntnp.
894 3590 950 3636 ergo
969 3576 1028 3623 liunt
1045 3576 1138 3638 religni.
1180 3574 1221 3625 44.
1239 3575 1316 3626 eald.
1351 3582 1389 3625 ant

214 3646 310 3709 religni.
364 3645 406 3694 45.
425 3645 619 3708 lrincdonrgtcd.
654 3645 771 3694 liedda.
806 3643 886 3693 ethic
905 3643 927 3691 0.
977 3642 1018 3692 to.
1037 3643 1051 3691 ii
1070 3641 1165 3703 tunt.)
1183 3643 1297 3692 nnntld.
1332 3650 1390 3694 aunt

219 3714 258 3762 reli
276 3714 309 3762 εἰ

260 3729 404 3844 qCapill.
450 3779 471 3828 1.
490 3779 553 3828 alind
573 3788 800 3843 --acceptom
820 3779 850 3827 ita
869 3779 950 3828 ond.
1009 3776 1032 3827 2.
1051 3778 1116 3828 aliod
1141 3791 1201 3837 esse¹
1219 3785 1310 3828 utnon
1328 3794 1388 3843 sog·

220 3856 283 3910 gent
300 3849 345 3898 ld.
380 3848 404 3897 in
423 3855 498 3896 totum
518 3847 582 3896 aliud
601 3857 638 3896 est
656 3849 692 3896 cui
712 3863 760 3907 pon
778 3854 891 3908 suggerat
910 3847 996 3897 Clinia.
1041 3847 1072 3895 ito
1098 3847 1121 3895 io
1145 3854 1220 3896 totum
1245 3846 1309 3896 alind
1334 3862 1388 3899 esse

220 3916 453 4035 tltt‘tnln
473 3923 506 4032 i?
531 3915 814 4047 tts'ssttld'tlnzt
829 3922 1023 4044 qltntttl
1037 3915 1208 4033 itl‘lttn.
1222 3913 1389 4036 ditant

220 4052 342 4115 uelatum
362 4060 399 4101 est
417 4054 488 4100 etism
505 4054 596 4116 reliqui.
638 4051 761 4113 figulatum
780 4059 825 4108 est,
844 4060 866 4100 et
884 4051 930 4100 iam
950 4052 1062 4110 latinius,
1081 4051 1119 4100 Fa.
1133 4051 1222 4101 laniat.
1264 4050 1388 4113 figulatum

221 4135 272 4170 esse
292 4123 364 4170 ctiam
383 4121 448 4170 Folo.
460 4120 562 4169 Ursinus.
616 4119 639 4168 5.
659 4121 783 4183 utriusque
801 4120 917 4181 originem
937 4118 1048 4167 elementi
1066 4119 1107 4169 ld.
1144 4126 1271 4182 auramque
1288 4120 1389 4183 originis

220 4188 365 4238 elementum
383 4189 490 4237 acone.
542 4187 565 4236 6.
585 4203 656 4236 earne
675 4195 762 4236 terram
780 4188 823 4237 dd.
858 4202 930 4237 carne
948 4195 1067 4236 terrentur
1085 4185 1174 4236 nocte.
1209 4201 1306 4236 carnem
1324 4196 1388 4239 terra

221 4272 276 4320 ng.
313 4271 388 4306 carne
412 4264 533 4304 terrenum
552 4256 735 4304 Facinllrrinaa.
793 4254 816 4303 t.
841 4255 956 4315 sanguino
979 4268 1074 4318 aquam.
1104 4253 1163 4302 Nam
1187 4253 1229 4304 ld.
1272 4256 1389 4317 sanguina

221 4337 336 4388 equanam
356 4326 379 4382 (a
391 4324 539 4387 quomod)
557 4322 663 4373 deodc.
698 4323 839 4384 sanguinem
859 4338 928 4387 aqna.
951 4322 1010 4371 Nam
1030 4321 1068 4371 hic
1085 4337 1145 4385 sang.
1179 4323 1295 4384 sangnine
1313 4338 1389 4388 aquo·

221 4393 477 4442 tentatationes.
518 4391 541 4441 8.
561 4392 606 4440 alia
624 4392 656 4440 sit
673 4391 856 4454 speciasllssld.
891 4390 936 4438 alia
955 4390 1110 4453 speeiesltp.
1146 4387 1192 4438 alia
1212 4391 1285 4440 lucica
1302 4391 1389 4441 uiroc.

221 4459 263 4509 alia
282 4461 314 4511 ait
333 4461 408 4510 iacies
431 4462 524 4524 reliqui.
584 4459 608 4509 9.
634 4460 657 4508 in
681 4460 756 4521 figura
780 4474 824 4509 sua
842 4462 867 4509 l.
914 4472 1027 4508 conversa
1056 4457 1079 4506 in
1104 4458 1192 4519 ligurus
1215 4473 1273 4509 suaa
1296 4460 1389 4524 reliqui.

222 4527 258 4578 ld.
276 4529 360 4580 elebat
379 4529 404 4578 A.

251 4630 358 4695 capta.
386 4631 599 4695 a.qnamtcrraiu
615 4623 778 4693 figuranti]
863 4628 887 4678 b.
906 4627 1012 4678 calculos
1034 4623 1172 4692 quondam]
1199 4631 1325 4677 lttrectats
1344 4640 1388 4690 pa·

220 4699 293 4759 Οειω
320 4699 351 4749 de
375 4698 435 4748 limo
460 4699 552 4748 scilicet
575 4698 684 4747 formarit
710 4697 778 4746 dens.
829 4697 887 4760 piiln
912 4696 1042 4759 Septimius
1073 4695 1191 4758 grumulis
1221 4693 1388 4757 glandularum

219 4767 323 4832 (Rigalt.)
347 4768 448 4818 Terram
468 4783 520 4816 cum
540 4768 781 4829 corporaconicruut
830 4765 976 4814 duriuacnlis
999 4764 1094 4828 impleri
1118 4764 1164 4814 sibi
1189 4776 1283 4811 manum
1302 4774 1388 4809 senaa-

221 4837 287 4887 tliam
305 4838 394 4886 l'itrur.
413 4835 510 4895 vitta.
555 4835 646 4884 Seneca
673 4835 780 4893 nutent.
831 4839 876 4881 rat.
905 4833 947 4882 Sic
966 4832 1143 4882 inducitur.
1157 4830 1177 4880 ΙΙ
1196 4821 1311 4893 [capll]
1330 4826 1387 4881 dian

219 4901 277 4955 liatt
295 4906 339 4968 lli,
354 4904 393 4956 15.
830 4900 922 4961 „obem
940 4899 1112 4966 lapilliscere.“
1130 4898 1236 4961 (Rigalt)
1263 4895 1342 4945 Locus
1360 4908 1388 4945 ex
