3242 5775
302 631 365 695 306
402 691 406 703 ,
556 644 658 697 ouum
680 642 812 687 eaerum
833 639 999 686 rxoaunrrs
1022 594 1219 686 amancium

176 808 288 860 rosexv.
302 795 378 859 oculi
401 802 609 857 momentaneo
631 802 724 854 motu.
774 791 902 872 Oportet
928 790 1008 852 enim
1036 788 1240 869 corruptivum
1268 787 1343 861 hoc,
1372 796 1478 849 tenens

193 861 276 903 Μ’
303 896 404 975 utique
425 913 543 957 carnem
567 912 650 955 suam
673 892 789 954 dicebat
816 890 988 983 apostolus,
1017 889 1141 952 iuduere
1168 888 1421 968 incorruptelam,
1449 896 1479 949 et

303 996 428 1060 mortale
451 996 509 1057 boc
529 994 794 1065 immortalitatem,
824 1000 858 1054 ut
879 990 991 1053 scilicet
1017 990 1123 1053 babilis
1145 989 1312 1051 substantia
1335 989 1482 1051 elliciatur

189 1095 285 1190 ¹¹3th
302 1116 395 1177 reguo
418 1096 476 1157 dei.
531 1095 650 1156 Erimus
673 1095 751 1155 euim
774 1093 851 1154 sicut
872 1091 978 1170 angeli.
1029 1091 1109 1153 llaec
1138 1092 1195 1153 erit
1223 1090 1387 1151 demutatio
1411 1108 1480 1152 car·

150 1174 367 1272 canuaninis,
401 1197 453 1258 sed
480 1197 684 1257 resuscitatae.
730 1194 786 1255 dut
807 1192 832 1253 si
854 1192 933 1253 nulla
956 1192 1028 1267 crit,
1061 1191 1212 1271 quomodo
1240 1191 1346 1252 induet
1372 1190 1477 1252 iuoor·

300 1297 444 1377 ruptelam
467 1304 497 1356 et
518 1278 793 1357 immortalitatem?
835 1292 921 1353 aliud
948 1292 1038 1371 igitur
1066 1295 1141 1355 laeta
1167 1311 1222 1374 per
1244 1292 1479 1354 demutationem

254 1453 256 1457 ,
303 1406 373 1460 tunc
393 1404 593 1476 consequetur
614 1395 661 1456 dei
684 1411 825 1472 regnum,
848 1393 906 1454 iam
928 1411 988 1455 uon
1004 1412 1073 1455 caro
1088 1412 1145 1456 nec
1166 1394 1303 1472 sanguis,
1327 1393 1382 1454 sed
1399 1392 1481 1472 quod

152 1492 345 1566 icocxnao'illi
367 1515 477 1576 corpus
499 1495 602 1557 ²’deus
624 1494 749 1556 dederit.
783 1494 821 1554 Et
842 1494 909 1555 ideo
930 1503 1011 1556 recle
1026 1495 1195 1574 apostolus:
1219 1495 1295 1556 Caro
1312 1502 1342 1555 et
1355 1493 1482 1573 sanguis

299 1617 424 1677 reguum
447 1597 493 1657 dei
516 1615 577 1657 non
599 1595 862 1673 ²³cousequentur,
885 1594 1080 1656 demutationi
1102 1595 1173 1657 illud
1188 1595 1380 1669 adscribens,
1404 1613 1482 1674 quae

301 1698 414 1762 accedit
433 1697 657 1760 resurrectioni.
708 1696 740 1757 Si
763 1705 861 1756 autem
883 1703 954 1756 tuuc
981 1696 1033 1757 liet
1053 1696 1193 1770 verbum,
1225 1697 1306 1776 quod
1333 1697 1484 1776 scriptum

152 1800 349 1897 ffi‘ffigbest
370 1799 448 1879 apud
476 1805 656 1870 creatorem,
686 1796 742 1858 Ubi
771 1805 833 1869 est,
862 1814 961 1870 mors,
995 1795 1144 1858 ”victoria
1175 1807 1224 1859 tua
1252 1798 1299 1859 rel
1326 1797 1484 1860 contentio

190 1883 196 1894 ’
256 1880 379 1962 ’Μή
421 1898 476 1960 Ubi
500 1906 561 1971 est,
584 1916 681 1970 mors,
705 1897 825 1958 aculeus
849 1895 943 1959 tuus?
971 1898 1107 1973 (verbum
1130 1906 1227 1960 aulem
1256 1898 1316 1959 hoc
1336 1900 1486 1962 creatoris

305 2008 353 2063 est
373 2018 428 2080 per
449 1999 656 2079 prophetam),
679 1998 743 2060 eius
766 1999 824 2059 erit
845 2007 875 2059 et
895 2016 964 2069 res,
987 1998 1017 2059 id
1039 2007 1085 2060 est
1101 2017 1241 2079 regnum,
1265 1999 1350 2060 cuius
1368 2007 1400 2060 et
1413 2018 1485 2062 rer-

304 2102 375 2163 bum
397 2100 448 2160 liet
469 2099 499 2160 in
522 2118 625 2178 regno.
659 2099 720 2160 Nec
741 2098 790 2159 alii
812 2099 869 2159 deo
892 2099 1001 2177 gratias
1017 2099 1103 2174 dicit,
1127 2099 1206 2179 quod
1223 2098 1310 2161 nobis
1325 2100 1487 2163 victoriam

304 2201 405 2281 utique
427 2200 464 2261 de
487 2209 582 2260 morte
603 2201 715 2261 relcrre
736 2199 934 2278 praestiterit,
958 2218 1045 2278 quam
1067 2200 1109 2261 illi
1124 2219 1140 2261 a
1156 2219 1214 2279 quo
1238 2199 1362 2263 verbum
1384 2201 1486 2264 insul·

305 2302 444 2364 tatorium
466 2301 504 2361 de
526 2309 622 2361 morte
644 2309 674 2361 et
695 2300 955 2379 triumphatorium
977 2301 1100 2380 accepit.

189 2428 290 2487 mn,
394 2402 461 2463 'Ur
483 2420 669 2462 srrsruur
691 2420 861 2463 secunus
887 2420 929 2461 ru
953 2419 1195 2464 conrnruros.
1240 2401 1273 2462 Si
1295 2402 1373 2463 deus
1396 2422 1485 2465 com·

153 2522 396 2575 scor.xr,ar.mune
418 2502 593 2564 vocabulum
614 2505 722 2564 lactum
745 2510 792 2564 est
814 2502 885 2563 vitio
907 2504 1020 2564 erroris
1043 2502 1179 2574 humani,
1201 2502 1364 2583 'quatenus
1380 2505 1487 2584 plures

306 2605 353 2665 dei
376 2603 516 2664 dicuntur
543 2612 630 2683 atque
658 2604 819 2665 creduntur
845 2602 876 2664 iu
906 2603 1041 2677 saeculo,
1075 2603 1249 2665 benedictus
1279 2612 1379 2666 umen
1409 2604 1486 2670 deus

226 2702 233 2716 ‘
306 2703 419 2765 domiui
445 2702 560 2764 'nostri
588 2703 655 2764 lesu
676 2703 801 2765 ‘Christi
829 2723 890 2765 non
919 2705 995 2766 alius
1022 2722 1110 2783 quam
1139 2713 1257 2766 creator
1284 2704 1488 2787 intellegetur,

175 2824 293 2878 ceam
307 2804 357 2884 qui
380 2812 410 2864 et
432 2804 568 2864 universa
590 2803 755 2878 benedixit,
777 2804 869 2866 babes
892 2804 1050 2879 Genesim,
1077 2814 1109 2866 el
1128 2805 1165 2866 ab
1187 2805 1334 2868 universis
1357 2806 1487 2872 benedi·

192 2927 292 2972 uranx.
307 2906 405 2979 citur,
433 2904 525 2967 habes
547 2905 708 2967 Danielem.
761 2907 890 2968 Proinde
919 2906 945 2967 si
973 2915 1058 2985 pater
1084 2916 1184 2985 potest
1212 2907 1269 2969 dici
1300 2909 1415 2973 sterilis
1439 2910 1492 2974 dei

168 3027 293 3080 neceas.
307 3005 416 3067 nullius
439 3005 533 3083 magis
555 3006 675 3067 nomine
698 3026 785 3086 quam
800 3007 961 3080 creatoris,
983 3007 1255 3069 misericordiarum
1278 3016 1377 3072 tamen
1401 3022 1496 3092 pater

306 3107 386 3167 idem
409 3105 466 3166 erit
487 3106 536 3185 qui
559 3108 729 3169 misericors
752 3116 783 3169 et
803 3096 1014 3169 miserator'et
1028 3108 1250 3170 misericordiae
1267 3110 1418 3188 plurimus
1441 3121 1500 3177 eat

164 3211 293 3264 ¹⁰n·¹¹¹·¹⁰·
308 3207 414 3268 dictus.
452 3206 549 3268 llabes
571 3207 648 3286 apud
670 3207 772 3269 lonam
795 3226 862 3268 cum
884 3209 951 3287 ipso
974 3194 1195 3270 misericordiae
1217 3211 1372 3291 exemplo,
1396 3230 1504 3294 quan

178 3294 293 3400 ,Um
307 3306 445 3370 Ninivitis
469 3307 659 3368 exorantibus
686 3308 849 3385 praestitit,
882 3307 992 3369 ‘facilis
1022 3316 1052 3369 et
1073 3309 1215 3370 Ezechiae
1243 3310 1365 3373 fletibus
1395 3315 1504 3389 flecti,

196 3413 264 3464 tuer-
308 3417 340 3468 et
358 3407 473 3481 llebab,
496 3408 602 3469 marito
625 3406 820 3481 ⁵¹’lezabelis,
855 3407 1024 3487 deprecanti
1047 3410 1221 3488 sanguinem
1243 3411 1403 3489 ignoscere
1424 3414 1505 3479 lla·

155 3463 294 3517 manag.

208 3515 294 3614 liges-³¹·-
309 3508 432 3581 butbae,
455 3516 485 3569 et
499 3508 590 3570 David
613 3508 784 3587 agnoscenti
807 3507 947 3570 delictum
969 3509 1068 3570 statim
1090 3509 1259 3588 indulgere,
1284 3512 1400 3578 malem
1424 3515 1508 3579 aci·

167 3615 297 3716 nnffiuss·
308 3608 377 3668 licet
398 3608 607 3686 paenitentiam
623 3608 788 3688 peccatoris
804 3627 891 3688 quam
907 3618 1050 3681 mortem,
1073 3611 1174 3689 utique
1191 3611 1244 3672 lex
1260 3614 1516 3678 misericordiae

307 3707 441 3769 'affectu
485 3708 517 3768 Si
539 3708 609 3788 quid
634 3709 689 3770 tale
711 3707 870 3770 Marcionis
891 3709 966 3771 deus
995 3710 1087 3773 edidit
1116 3712 1160 3772 rel
1188 3713 1296 3785 edixit,
1325 3732 1518 3795 agnoscam

309 3817 421 3887 patrem
451 3808 731 3871 misericordiarum.
782 3810 814 3871 Si
845 3829 915 3871 vcro
943 3829 1036 3871 exeo
1061 3812 1436 3890 temporelruuctitulum
1468 3812 1516 3903 ⁰⁵.

308 3906 451 3968 adscribit
472 3926 531 3985 quc
547 3909 708 3984 revelatus,
731 3910 814 3990 quasi
838 3911 943 3971 exinde
964 3911 1005 3973 sit
1025 3920 1116 3990 patin¹
1129 3914 1403 3979 misericordiarum
1424 3928 1515 3997 quo

307 4007 434 4068 liberare
460 4007 588 4070 instituit
615 4029 709 4089 genus
736 4011 914 4084 humanum,
947 4013 1048 4091 atquin
1077 4022 1107 4075 et
1134 4033 1189 4076 uos
1218 4033 1256 4077 ex
1284 4035 1320 4078 eo
1349 4026 1513 4099 lemnon

309 4125 450 4186 negamus
472 4107 553 4169 iUum
576 4128 610 4170 ex
633 4130 691 4188 quo
714 4111 820 4172 dicitur
841 4111 999 4173 revelatus.
1048 4112 1116 4176 Non
1138 4124 1238 4194 potest
1260 4116 1351 4194 igitur
1372 4108 1512 4199 utquid

311 4209 338 4269 ci
359 4207 530 4270 adscribere
552 4229 639 4288 quem
662 4220 734 4272 tuuc
755 4212 888 4273 ostendit
902 4231 968 4274 cum
983 4212 1111 4292 'aliquid
1126 4215 1153 4275 ei
1168 4216 1321 4279 adscribit.
1355 4217 1388 4279 Si
1402 4212 1512 4280 enin

309 4308 394 4388 prius
424 4318 575 4371 constaret
601 4330 669 4373 eum
696 4330 781 4385 esso,
816 4320 886 4373 tuuc
913 4321 943 4375 et
969 4313 1098 4375 adscribi
1126 4315 1153 4376 ei
1176 4325 1285 4394 potest.
1339 4318 1513 4380 aeonem

311 4424 352 4475 22.
370 4426 409 4474 dai
428 4427 470 4476 BC.
522 4427 561 4478 23.
581 4438 761 4492 consequentur
777 4430 832 4480 aaa.
855 4432 1013 4482 Vatieaaoram
1030 4434 1096 4483 alter.
1132 4443 1297 4498 consequetur
1313 4437 1406 4502 religni.
1452 4420 1517 4480 Ἀ·

312 4494 408 4541 victoria
428 4502 467 4541 tna
486 4495 521 4542 rel
540 4499 661 4544 contentio
681 4505 719 4543 tua
738 4500 773 4546 cd.
796 4499 954 4548 l'otieanorum
971 4515 1041 4549 anus.
1083 4502 1179 4550 virturis
1206 4503 1240 4551 rel
1266 4508 1388 4553 contentio
1411 4504 1529 4562 (ab

311 4561 412 4622 temptio
431 4561 467 4614 a.»
486 4571 524 4610 tua
543 4563 586 4612 BC.
621 4559 740 4612 victoria?
765 4564 807 4613 Ubi
827 4569 949 4614 courtentio
968 4575 1007 4615 tua
1026 4584 1058 4628 a,
1077 4584 1108 4617 ee
1125 4570 1253 4620 Gorsienai.
1506 4566 1516 4579 '

379 4627 438 4689 cap.
456 4627 494 4676 lll.
533 4629 553 4678 l.
574 4629 673 4678 Titulum
690 4632 772 4693 capitis
788 4648 837 4682 noa
853 4634 921 4683 babet
938 4635 962 4683 d.
1014 4633 1036 4683 2.
1055 4635 1169 4697 quicelinus
1188 4637 1212 4686 t'.
1259 4633 1284 4686 3.
1302 4637 1380 4686 nostrl
1397 4616 1526 4685 Md·

310 4693 449 4743 Gorrieasis.
486 4697 531 4743 mei
552 4696 576 4745 C.
620 4696 644 4745 4.
664 4697 751 4746 Christi
771 4707 839 4760 pater
856 4715 904 4748 nou
923 4701 985 4749 alius
1003 4703 1035 4762 d,
1055 4704 1119 4751 l'olr.
1132 4703 1237 4754 Ursinus.
1283 4703 1306 4752 b.
1327 4680 1529 4752 uestro-1⁶·

310 4760 490 4877 {b'l‘lffladss
508 4764 543 4812 ea.
566 4763 807 4815 unicalamum.
849 4767 1053 4832 renouasque.
1105 4768 1130 4818 a.
1147 4778 1172 4820 er
1188 4771 1231 4820 uc.
1284 4769 1309 4821 a.
1326 4772 1438 4820 incarn
1477 4744 1529 4799 θ·

329 4843 401 4877 ‚ltu
453 4864 459 4877 .
