3242 5775
322 659 386 726 08⁰
572 670 674 723 cumn
695 670 828 716 surrmt
848 671 1014 716 ruossnrvs
1035 660 1233 720 rusrnnuanv

320 822 477 905 inprimis
503 821 569 903 ipse
596 820 695 883 stetim
721 821 866 902 praefatio
887 821 1008 885 loannis
1036 822 1276 902 evangelizatoris
1305 822 1492 888 demonstrat

182 925 392 1007 vo.1‚r·qq.quid
412 932 493 987 retro
515 922 604 985 tuerit
624 923 675 1002 qui
696 941 764 986 cero
791 923 856 986 lieri
882 923 1017 986 habebat
1065 924 1100 985 lu
1119 924 1264 1004 unumpio
1288 936 1354 987 eret
1377 944 1490 1001 sermo,

320 1034 350 1090 st
371 1042 471 1088 sermo
494 1032 558 1086 erat
578 1024 654 1104 apud
676 1023 781 1097 deum,
808 1033 840 1086 et
860 1024 934 1087 deus
956 1032 1020 1104 erat
1047 1043 1165 1100 sermm
1193 1025 1242 1088 hio
1262 1035 1327 1088 eret
1349 1027 1382 1088 in
1402 1028 1489 1107 prio·

319 1128 396 1208 cipio
418 1126 496 1207 apud
518 1125 622 1200 desum
645 1126 744 1187 omnia
764 1144 820 1206 per
841 1127 938 1206 ipsum
960 1127 1036 1188 lacte
1057 1136 1144 1200 suut,
1167 1136 1198 1189 et
1217 1128 1282 1190 sine
1297 1128 1364 1207 ipso
1381 1130 1490 1192 lectum

320 1237 368 1292 est
388 1224 471 1290 nihil.
503 1226 577 1289 Nam
599 1226 626 1288 si
647 1226 721 1288 haec
741 1245 803 1288 non
824 1227 909 1289 aliter
930 1227 1023 1307 accipi
1042 1227 1111 1289 licet
1132 1245 1217 1307 quam
1233 1230 1387 1309 quomodo
1408 1231 1488 1293 scri·

318 1339 368 1414 pta
390 1338 476 1403 sunt,
497 1326 696 1390 indubitanter
716 1327 791 1390 alius
814 1328 981 1391 ostenditur
1002 1327 1051 1408 qui
1072 1328 1162 1390 luerit
1183 1347 1199 1390 a
1220 1330 1384 1410 principio,
1414 1332 1488 1395 alius

318 1431 396 1512 apud
417 1448 505 1511 quem
527 1428 596 1504 iuit3
624 1419 713 1491 alium
735 1443 904 1493 sermonem
927 1429 1008 1503 ¹dei,
1037 1430 1126 1492 alium
1148 1430 1234 1492 deum
1257 1431 1337 1507 (lieet
1359 1443 1390 1494 et
1412 1433 1487 1495 deus

320 1551 437 1605 sermo,
458 1530 513 1594 sed
533 1549 590 1612 qua
611 1530 658 1593 dei
680 1530 774 1606 filios,
797 1549 858 1594 uon
880 1549 937 1611 que
957 1540 1069 1612 pater),
1091 1530 1179 1592 alium
1200 1549 1254 1611 per
1271 1551 1360 1611 quem
1377 1534 1487 1609 omnia,

319 1635 448 1696 alium
475 1650 534 1713 quo
562 1631 672 1694 omnia.
724 1632 820 1694 Alium
849 1641 946 1694 eutem
973 1631 1121 1711 quomodo
1150 1631 1280 1694 dicemus
1308 1653 1402 1715 saepe
1429 1636 1488 1697 iam

319 1734 475 1800 edidimus.
526 1733 592 1807 Quo
619 1732 707 1795 ulium
735 1732 884 1807 dicamus,
913 1751 1036 1795 necesse
1063 1740 1112 1795 est
1131 1731 1210 1795 ²uon
1230 1735 1394 1811 eundem⁸3
1422 1756 1487 1800 noo

279 1875 283 1882 ·
319 1837 443 1901 undem
469 1843 583 1909 eutem,
616 1852 678 1896 nou
705 1833 790 1913 quasi
818 1842 1002 1915 separatum
1035 1832 1251 1913 'dispositione
1284 1835 1392 1911 alium,
1425 1856 1488 1900 nou

317 1937 475 2000 divisione.
518 1935 572 1998 llic
593 1953 664 2015 ergo
685 1935 779 1997 tomus
801 1945 847 1998 est
868 1954 951 2009 earo,
985 1953 1047 1997 nou
1075 1936 1140 2014 ipse
1168 1935 1252 1998 cuius
1281 1944 1345 1999 erat
1373 1957 1486 2002 sermo.

215 2037 416 2101 ¹⁰·t1tfloius
437 2037 530 2117 gloria
551 2037 614 2098 visa
635 2046 684 2098 est
703 2045 842 2117 tanquam
863 2036 942 2099 unici
963 2055 981 2098 s
1001 2044 1100 2115 patre,
1129 2055 1190 2098 non
1219 2045 1356 2117 tunquam
1379 2041 1486 2119 patris.

318 2139 374 2204 ilio
392 2139 499 2201 ‘unius
521 2138 620 2201 sinum
642 2137 734 2217 petris
756 2137 915 2211 disseruit,
937 2155 998 2199 nou
1021 2137 1120 2199 sinum
1143 2156 1229 2200 suom
1250 2148 1345 2218 pater.
1389 2142 1485 2204 Prae·

220 2240 401 2306 ¹⁰·¹»¹⁸·eedit
420 2239 514 2304 enim:
536 2240 630 2303 lleum
651 2257 739 2301 nemo
761 2239 835 2301 vidit
855 2257 993 2319 uuquam.
1036 2238 1124 2301 ‘lude
1146 2249 1176 2300 et
1197 2239 1223 2301 si
1245 2258 1337 2319 eguus
1359 2242 1407 2304 dei
1429 2243 1486 2306 ‘alr

216 2340 309 2395 Μ’·
322 2343 433 2406 Ioanne
458 2342 645 2423 designatur,
673 2360 735 2403 uon
756 2340 820 2421 ipse
848 2341 932 2403 cuius
960 2349 1005 2402 est
1026 2340 1175 2402 dilectum
1220 2341 1304 2403 Certe
1331 2341 1409 2405 lilius
1434 2343 1485 2407 dei

320 2462 455 2526 semper,
478 2443 532 2507 sed
554 2461 616 2506 uon
637 2444 718 2522 ipse,
742 2443 826 2505 cuius
849 2450 896 2503 est
917 2441 1005 2504 filios.
1048 2441 1113 2503 Ηοο
1132 2442 1216 2504 ⁷eum
1238 2442 1399 2505 Nathsueel
1419 2453 1486 2506 sta·

220 2525 312 2630 gilfil,
324 2547 379 2610 tim
399 2545 510 2618 sensit,
541 2544 617 2607 sicut
639 2553 670 2606 et
690 2543 759 2607 olibi
779 2544 902 2606 Petrus:
935 2542 980 2605 Tu
1009 2561 1041 2604 es
1071 2542 1146 2605 filius
1175 2544 1232 2606 dei.
1275 2544 1340 2607 Ηοο
1361 2555 1392 2607 et
1419 2546 1486 2626 ipse

216 2646 309 2699 ¹⁰·¹·⁶⁰·
322 2654 404 2710 recte
425 2646 559 2708 sensisse
579 2645 646 2707 illos
660 2644 824 2719 coufirmat,
845 2643 1035 2706 'Nathauaeli
1057 2643 1173 2724 quidem
1188 2647 1385 2725 respondens,
1409 2646 1487 2720 Quia

139 2761 144 2784 ¹
219 2728 310 2834 {iffi
322 2747 416 2821 'diri,
437 2746 496 2809 vidi
517 2755 547 2809 te
567 2745 623 2809 sub
645 2745 717 2821 ficu,
739 2746 806 2808 ideo
828 2745 941 2820 oredis;
961 2745 1080 2808 Petrum
1097 2763 1167 2807 vero
1182 2745 1298 2809 beatum
1314 2748 1486 2825 adfirmans,

321 2850 371 2914 eui
392 2866 453 2912 nou
474 2867 542 2911 cero
564 2866 660 2929 neque
681 2847 802 2926 sanguis
830 2846 1005 2921 revelasset,
1037 2847 1116 2927 quod
1144 2857 1173 2910 et
1199 2857 1310 2928 patrem
1339 2860 1486 2927 senserat,

322 2953 376 3016 sed
396 2959 481 3032 pater
501 2950 551 3030 qui
572 2950 604 3012 in
625 2949 712 3012 melis
734 2957 791 3011 est.
836 2949 903 3022 Quo
925 2949 1003 3011 dieto
1024 2950 1179 3028 utriusque
1202 2969 1349 3030 personae
1370 2953 1486 3015 consti·

320 3052 377 3116 tuit
404 3051 638 3124 distinctionem,
671 3043 702 3112 e't
728 3049 780 3111 filii
808 3049 839 3111 in
867 3051 971 3123 terris,
1005 3069 1092 3130 quem
1113 3050 1217 3113 Petrus
1249 3062 1409 3130 agnoverat
1435 3054 1487 3117 dei

320 3154 430 3228 filium,
460 3161 490 3215 et
509 3152 603 3232 patris
625 3151 676 3232 quui
697 3151 728 3212 in
750 3150 855 3225 caelis,
884 3151 934 3232 qui
955 3151 1042 3213 Petro
1070 3152 1248 3214 revelaverat
1273 3153 1352 3232 quod
1374 3154 1484 3219 Petrus

202 3252 306 3307 ¹⁰·¹¹·¹⁸r
319 3263 479 3337 agnoverat
499 3253 548 3316 dei
570 3254 662 3316 lilium
683 3253 844 3329 Christum.
894 3253 967 3315 Cum
994 3252 1026 3315 iu
1054 3254 1193 3333 templum
1221 3254 1347 3326 introiit,
1376 3254 1485 3319 aedem

318 3356 411 3439 putris
433 3355 575 3437 appellat,
598 3364 631 3416 ut
650 3354 738 3417 filius.
782 3354 854 3417 Cum
876 3355 913 3416 ad
933 3353 1124 3417 Nicodemum
1146 3356 1230 3418 dicit:
1254 3356 1311 3426 lta,
1333 3354 1483 3434 ⁰¹’inquit

320 3459 420 3523 dilexit
448 3459 521 3520 deus
548 3457 706 3532 muudum,
740 3456 891 3518 utilium
919 3474 1006 3518 suum
1035 3457 1152 3519 unicum
1181 3456 1305 3528 dederit,
1338 3454 1484 3536 inquom

320 3561 417 3623 omnis
439 3561 490 3640 qui
512 3558 669 3621 crediderit
696 3576 757 3619 uon
783 3565 902 3638 pereat,
932 3558 986 3619 sed
1014 3557 1119 3620 hebeat
1145 3557 1232 3619 vitam
1259 3556 1484 3637 sempiternam.

231 3657 308 3767 {3¹33
321 3660 358 3725 Et
378 3678 498 3724 rursus:
520 3661 587 3722 Non
609 3660 688 3722 euim
709 3658 792 3721 misit
812 3659 885 3721 deus
907 3658 997 3720 lilium
1019 3678 1106 3721 suum
1125 3658 1326 3732 inmundum,
1348 3668 1381 3720 ut
1402 3659 1484 3723 iudi·

318 3771 365 3826 oet
386 3760 544 3834 mundum,
566 3761 619 3822 sed
642 3770 673 3822 ut
695 3761 793 3822 salvus
817 3759 858 3821 sit
877 3759 1006 3821 muudus
1023 3778 1078 3841 per
1092 3780 1175 3835 eum;
1197 3759 1245 3840 qui
1268 3760 1430 3823 crediderit
1451 3760 1499 3823 iu·

317 3863 415 3936 illum,
438 3879 500 3923 non
515 3861 676 3935 iudicatum
697 3862 746 3940 qui
768 3879 830 3924 uon
852 3861 1010 3922 crediderit
1024 3862 1054 3923 in
1069 3863 1164 3935 illum,
1188 3861 1245 3923 iem
1262 3860 1407 3924 indiculus
1424 3872 1482 3936 est,

318 3964 468 4043 quianon
490 3961 613 4025 credidit
634 3963 664 4023 iu
686 3962 807 4025 nomine
835 3962 913 4024 unici
943 3962 994 4024 filii
1023 3963 1078 4024 dei.
1132 3963 1257 4032 loannes
1286 3972 1387 4025 eutem
1415 3981 1482 4026 eum

167 4079 309 4135 ruinosos.
319 4064 550 4143 interrogaretur
574 4063 671 4143 ¹⁰quid
692 4064 730 4126 de
751 4064 819 4125 lesu
842 4062 1053 4144 contingeret‘l
1083 4063 1185 4136 Pater,
1207 4063 1320 4142 iuquit,
1351 4063 1484 4126 ¹¹dilexit

386 4183 520 4246 centxt.
557 4183 579 4233 l.
597 4185 645 4243 dei,
663 4184 736 4234 ulium
755 4184 826 4233 deum
844 4185 979 4235 Fcloeisr.
1014 4184 1061 4239 dei.
1080 4185 1152 4233 alium
1171 4183 1293 4232 domiuum
1311 4184 1399 4243 illude.
1416 4185 1481 4237 leid.

317 4266 380 4310 esse,
399 4248 471 4301 alium
490 4252 560 4301 deum
579 4254 611 4313 d.,
631 4253 696 4302 Folo.
713 4253 818 4302 desum.
877 4250 901 4300 2.
926 4267 972 4301 uon
998 4253 1108 4307 eundem,
1134 4266 1181 4300 nou
1206 4251 1308 4299 eundern
1333 4260 1413 4301 eutem
1432 4268 1481 4315 ego.

317 4334 364 4368 noo
382 4321 483 4370 eundem
503 4328 580 4369 sotem
598 4321 685 4370 Adule.
704 4321 767 4369 leid.
801 4334 850 4370 non
868 4320 986 4379 euudem;
1004 4320 1076 4369 elium
1093 4329 1170 4368 autem
1191 4320 1223 4378 d.,
1235 4334 1285 4368 cem
1295 4319 1377 4370 Fulvio
1389 4321 1480 4369 Ursino.

316 4385 340 4436 3.
358 4388 401 4436 sed
419 4388 578 4451 dispositione
595 4391 627 4449 d.,
647 4404 698 4438 eum
714 4388 794 4437 Fuluio
815 4388 904 4437 Ursino.
965 4387 990 4437 4.
1009 4402 1070 4436 uuus
1089 4388 1126 4439 ed.
1183 4386 1208 4435 5.
1226 4386 1291 4435 ldem
1311 4395 1334 4435 et
1351 4402 1427 4448 eguus
1445 4388 1477 4447 d.,

315 4470 366 4506 cum
382 4456 564 4506 Folriollrrino.
617 4455 641 4506 6.
660 4470 672 4504 r
690 4456 797 4505 iohanne
814 4458 839 4505 Α.
858 4456 921 4505 leid.
973 4455 998 4504 l.
1016 4470 1069 4504 eum
1090 4455 1160 4505 asco.
1178 4455 1251 4513 leid,
1269 4460 1292 4503 et
1309 4456 1478 4505 trerl'aticosr'.

316 4523 379 4572 euim
396 4525 433 4572 ud.
452 4524 518 4573 Gerr.
570 4523 900 4574 &mammotrectus
952 4523 975 4573 9.
994 4523 1050 4572 dixit
1069 4523 1094 4572 B.
1152 4522 1200 4573 do.
1218 4523 1296 4587 inquit
1312 4524 1400 4574 omcd.
1437 4521 1475 4570 10.

316 4590 373 4655 quid
390 4590 443 4640 lesu
461 4591 673 4653 Percurremus,
692 4599 713 4642 et
730 4592 768 4641 Fr.
778 4593 866 4640 leuior.
920 4590 959 4641 11.
978 4591 1055 4653 diligit
1071 4593 1107 4642 cd.

349 4692 373 4741 b,
391 4706 490 4741 necesse
509 4699 609 4742 estnon
628 4687 742 4758 eundem]
760 4692 817 4743 Scil.
833 4692 870 4741 di·
955 4708 975 4743 ο
994 4706 1042 4742 οοο
1067 4693 1118 4756 ipsa
1142 4693 1210 4741 cuius
1235 4699 1271 4741 est
1288 4683 1399 4753 dilectus]
1421 4687 1475 4738 Non

315 4774 405 4810 arnus.
455 4758 550 4821 Vulgata
581 4761 700 4812 distinctio
724 4769 774 4810 eret
804 4774 870 4825 „qud
921 4760 973 4824 ipse
992 4761 1129 4822 designatur
1146 4761 1214 4811 cuius
1232 4768 1270 4810 est
1285 4758 1393 4809 dilectus.

315 4829 387 4881 elium
406 4829 513 4878 dicamus
531 4839 684 4892 neeesseest,
702 4843 750 4880 nou
768 4830 871 4880 eundem
955 4828 978 4878 d.
1002 4843 1056 4879 eum
1081 4831 1269 4891 interrogaretur
1294 4825 1350 4891 quid
1374 4826 1404 4875 de
1421 4825 1476 4874 lesu

315 4897 412 4946 sutem“
431 4904 486 4948 cett.
921 4892 1080 4963 contingeret]
1095 4930 1100 4935 -
1115 4897 1150 4947 lte
1180 4911 1208 4946 ex
1236 4908 1354 4962 responso
1380 4892 1476 4945 loconis
