3242 5775
307 1544 814 1666 ADVERSUS
869 1542 1458 1660 MARCIONEM

680 1772 816 1824 lellll
850 1771 1098 1824 SECUNDUS.

746 1979 1042 1991 ————-—-———

197 2181 282 2240 capr.
389 2154 521 2247 Occasio
543 2180 726 2246 reformandi
748 2179 883 2261 opusculi
910 2178 1015 2253 huius,
1049 2179 1095 2241 cui
1124 2180 1195 2259 quid
1217 2180 1358 2242 acciderit
1378 2181 1480 2262 primo
1515 2181 1521 2223 ¹

298 2284 465 2347 ‘numum
485 2284 749 2364 praelatisumus,
780 2281 839 2342 boc
860 2298 978 2360 quoquo
1000 2280 1125 2342 contulit
1151 2280 1256 2354 nobis,
1291 2281 1334 2343 uti
1356 2281 1478 2343 duobus
1516 2285 1521 2341 ἶ1

299 2384 363 2446 deis
385 2386 527 2447 adversus
541 2383 721 2445 Marcionem
743 2380 938 2444 retractandis
961 2399 1049 2441 suum
1071 2382 1176 2461 cuique
1196 2380 1315 2443 titulum
1337 2391 1368 2443 et
1389 2382 1479 2444 rolu-

297 2467 376 2545 men'
389 2483 642 2561 distingueremus
662 2502 717 2561 pro
741 2483 882 2543 materiae
896 2481 1060 2554 divisione,
1083 2480 1208 2543 alterum
1223 2482 1311 2544 deum
1327 2482 1478 2558 delinien·
1516 2491 1521 2531 Ξ

297 2593 345 2647 tes
368 2583 490 2644 omnino
512 2601 574 2644 non
596 2601 680 2655 esse,
704 2580 829 2643 alterum
850 2582 1043 2644 defendentes
1064 2581 1152 2660 digne
1173 2582 1261 2644 deum
1284 2601 1371 2657 esse,
1400 2601 1478 2663 qua·
1511 2589 1521 2632 ἱ

297 2692 386 2748 tenus
407 2684 447 2745 ita
462 2683 587 2744 Pontico
609 2682 718 2761 placuit
739 2683 864 2744 alterum
885 2684 1044 2756 inducere,
1066 2683 1191 2745 alterum
1206 2683 1373 2745 exdudero.
1407 2682 1477 2745 Non
1515 2715 1519 2730 =

298 2786 377 2847 enim
398 2791 516 2864 poterat
537 2783 691 2844 aedificare
712 2783 899 2845 mendacium
921 2784 987 2846 sine
1002 2783 1194 2844 demolitione
1209 2783 1355 2845 veritatis.
1388 2782 1483 2846 Aliud.
1511 2795 1520 2833 t

220 2939 224 2947 .
297 2886 443 2948 subruere
470 2903 595 2947 necesse
615 2882 733 2958 babuit,
770 2894 804 2946 ut
824 2886 904 2964 quod
925 2883 1014 2947 vellet
1035 2893 1212 2947 exstrueret
1267 2884 1318 2945 Sic
1340 2882 1480 2947 aedificat
1513 2900 1521 2937 ²·

296 2986 348 3067 qui
367 2985 490 3066 propria
511 2994 650 3064 paratura
671 2985 780 3046 careth.
815 2985 998 3064 Oportuerat
1018 2994 1116 3047 autem
1138 2985 1170 3047 io
1184 2986 1242 3046 hoc
1257 2985 1357 3046 solum
1372 2984 1490 3047 disce·.
1513 3018 1518 3041 ι

296 3095 415 3168 plesse,
437 3087 517 3165 quod
539 3103 627 3146 nemo
650 3086 691 3145 sit
711 3085 785 3146 deus
807 3086 856 3148 ille
878 3087 928 3166 qui
951 3086 1077 3148 creatori
1093 3085 1317 3166 superducitur,
1341 3095 1375 3146 ut
1397 3085 1478 3147 falso
1515 3110 1521 3150 ι

297 3187 354 3249 deo
376 3188 501 3267 depulso
523 3185 633 3265 regulis
656 3185 745 3247 certis
773 3198 802 3248 et
824 3187 940 3248 unicam
962 3195 993 3248 et
1012 3189 1175 3267 perlectam
1195 3185 1478 3266 praescribentibus
1504 3208 1521 3265 ,ι

264 3370 266 3373 ¹
296 3287 477 3350 divinitatem
499 3287 573 3349 nihil
595 3287 652 3347 iam
668 3294 861 3366 quaereretur
877 3287 907 3348 in
924 3288 1012 3349 deurn
1027 3307 1140 3360 verum,
1164 3305 1251 3367 quem
1266 3294 1379 3366 quanto
1396 3304 1479 3348 con-
1514 3309 1520 3353 ι

297 3397 391 3451 staret
411 3408 481 3450 esse
503 3388 547 3450 sic
567 3406 685 3468 quoque
707 3386 776 3448 dum
798 3389 887 3449 alium
903 3407 1048 3450 essenon
1069 3395 1198 3461 constat,
1222 3395 1321 3449 tanto·
1336 3387 1476 3467 qualem·
1513 3422 1521 3461 ,ς

297 3509 412 3569 ermque
435 3490 500 3550 sine
521 3488 725 3549 controversia
745 3487 849 3549 haberi
871 3488 1005 3562 deceret,
1037 3486 1219 3549 adorandum
1240 3486 1360 3568 ’potius
1383 3505 1520 3568 (pronon

296 3587 502 3660 iudicandum,
536 3595 566 3648 et
587 3589 799 3650 demerendum
820 3589 913 3667 magis
936 3608 1023 3667 quam
1044 3579 1278 3661 retractandum,
1310 3587 1356 3649 rel
1385 3604 1479 3668 quam
1512 3622 1520 3661 ι

296 3688 459 3750 timendum
483 3687 521 3747 ob
544 3689 744 3749 severitatem.
781 3688 858 3761 Quid
882 3690 961 3750 enim
983 3689 1109 3768 amplius
1131 3689 1245 3749 homini
1266 3689 1476 3752 necessarium

297 3808 385 3870 quam
407 3807 477 3851 cura
498 3788 529 3849 in
551 3787 639 3848 deum
660 3806 779 3863 verum,
810 3789 841 3850 in
870 3808 975 3869 quem,
1012 3799 1046 3852 ut
1072 3790 1113 3852 ita
1141 3788 1283 3863 dixerim,
1315 3788 1480 3865 inciderat,
1511 3770 1521 3808 ¹

297 3890 365 3970 quia
388 3890 464 3950 alius
486 3888 561 3949 deus
583 3906 645 3949 nou
667 3888 755 3951 erat?

183 4001 278 4060 capu.
379 3989 417 4050 At
437 4006 518 4049 nunc
537 3989 689 4067 negotium
710 3989 840 4070 patitur·
860 3991 935 4052 deus
951 3989 1158 4068 omnipotens,
1180 3986 1327 4052 dominus
1342 3998 1372 4052 et
1394 4009 1477 4053 oon·
1513 4002 1521 4083 j

294 4089 373 4151 ditor
394 4089 606 4151 universitatis.
654 4090 725 4152 ldeo
748 4099 862 4153 tantum
885 4091 1008 4171 opinor,
1036 4091 1105 4170 quia
1127 4110 1144 4151 a
1165 4091 1331 4171 primordio
1361 4091 1479 4155 ¹notus
1512 4120 1521 4149 ι

363 4274 422 4339 Cep.
441 4275 459 4325 l.
497 4275 520 4324 l.
538 4274 699 4338 libellulod,
722 4276 844 4327 Vaticanus
861 4292 929 4328 unus.
964 4274 1048 4326 libello
1065 4279 1159 4342 reliqui.
1210 4277 1235 4327 2.
1255 4278 1332 4340 magis
1347 4277 1393 4328 ln.

363 4342 421 4406 Cap.
440 4343 470 4392 ll.
508 4342 530 4391 1
548 4350 619 4392 natus
636 4343 701 4403 tto)

280 4533 285 4543 ·
330 4475 388 4538 Cap.
408 4475 426 4523 l.
468 4491 490 4525 a
513 4472 634 4537 libellulo]
658 4475 692 4525 nd
710 4475 773 4525 Natt.
791 4476 854 4536 1,20
940 4493 960 4527 o.
980 4493 1051 4542 quem
1069 4485 1159 4542 quanto
1177 4504 1210 4513 —
1227 4503 1262 4514 —
1279 4473 1359 4543 tanto]
1387 4478 1477 4529 Notis·

296 4551 429 4605 „quantum
447 4544 541 4606 aperire
559 4544 709 4606 potuerimus
722 4545 855 4606 epuuculis
904 4546 966 4595 sima
984 4547 1138 4609 comparativi
1156 4547 1230 4608 mucis
1249 4546 1353 4608 ellipsis.
1378 4546 1416 4595 Cl.
1426 4547 1478 4597 od·

295 4612 348 4660 istis
365 4610 508 4660 libellulir.“
905 4620 965 4662 nott
983 4614 1012 4662 ad
1032 4614 1066 4662 lle
1084 4614 1149 4662 Test
1167 4611 1265 4661 Animae
1285 4628 1336 4676 cap.
1348 4612 1372 4661 2.

329 4679 352 4726 b.
371 4679 411 4741 qni
429 4679 528 4742 proprie
546 4685 659 4741 paratura
677 4675 854 4740 ceret.]ldest
939 4681 997 4743 Cap
1016 4680 1046 4729 ll
1082 4696 1103 4730 a.
1123 4681 1243 4741 negotium
1258 4675 1359 4744 potitur]
1378 4680 1419 4729 Sic
1432 4659 1521 4730 [lo

295 4746 461 4794 materiatione
479 4745 696 4796 adsedisscaudurn
706 4754 853 4811 comparata.
904 4747 965 4808 lira.
983 4747 1080 4797 lleland
1100 4762 1153 4809 cap.
1167 4746 1178 4795 1
1199 4748 1366 4838 „Propriqm
1360 4762 1408 4796 mm
1427 4762 1479 4796 oe·

295 4813 455 4874 (iniurius.)
760 4880 765 4886 ,
903 4817 990 4878 polium
1004 4830 1089 4878 possus
1100 4828 1168 4864 meae
1177 4815 1308 4879 opinionis
1311 4814 1386 4866 cett.
1406 4814 1475 4864 ltem
