3242 5775
534 628 681 672 inmusus
704 627 918 672 nusuocsnsu.
1255 618 1318 681 349

133 798 205 842 nc
225 797 291 842 uec
311 778 427 841 malum
449 777 576 840 dicimus
596 786 766 858 competere
787 776 845 852 illi,
879 778 946 859 quia
973 797 1029 841 ner
1056 756 1169 841 ‘subici
1197 800 1232 843 ex
1261 782 1318 845 hoc

137 881 243 963 posdt,
280 880 367 961 qnod
389 878 584 941 nullomodo
606 864 705 959 potest
727 878 839 951 subici,
873 880 940 958 quia
963 888 1115 942 aeternum
1139 888 1196 943 est
1240 882 1316 945 ‘Sed

139 1001 195 1045 u
214 982 296 1044 alias
321 1000 474 1043 summum
497 980 607 1042 bonum
630 988 747 1043 constet
770 998 838 1041 esse
860 981 939 1059 quod
961 980 1001 1041 sit
1015 989 1169 1043 aeternum
1185 991 1218 1043 ut
1232 982 1317 1059 deus,

141 1101 185 1166 ps·
202 1083 291 1165 qnod
315 1083 403 1144 solus
424 1090 472 1143 est
494 1080 584 1156 deus,
615 1082 684 1143 dum
713 1090 854 1143 aeternus
884 1090 945 1155 est,
979 1089 1008 1143 et
1037 1082 1076 1143 ita
1099 1081 1212 1158 bonus,
1245 1084 1315 1147 dum

146 1183 217 1258 ins,
241 1182 407 1264 quomodo
428 1183 569 1244 materiae
591 1183 681 1243 inerit
702 1182 828 1255 malum,
850 1201 937 1261 quam
953 1191 985 1243 ut
999 1191 1150 1244 aeternam
1166 1203 1316 1247 summum

145 1283 242 1348 imm
268 1284 355 1357 credi
379 1300 503 1346 necesse
535 1282 607 1346 est?
649 1283 707 1345 Aut
734 1283 760 1344 si
788 1282 867 1362 quod
893 1292 1046 1345 aeternnm
1074 1292 1121 1345 est
1146 1286 1258 1365 poterit
1287 1297 1316 1349 et

148 1387 197 1449 nti
219 1405 319 1466 cupax
345 1404 430 1459 esse,
452 1385 562 1465 poterit
584 1386 642 1446 hoc
664 1393 694 1446 et
714 1384 745 1444 in
768 1383 856 1445 deum
872 1384 969 1458 credi,
992 1393 1021 1445 et
1037 1385 1103 1446 sine
1118 1404 1205 1447 causa
1220 1388 1315 1465 gesti-

147 1489 308 1551 umatum
335 1506 352 1548 a
375 1486 432 1548 deo
455 1487 633 1559 transferre,
667 1485 694 1546 si
721 1485 862 1564 competit
890 1493 920 1545 et
945 1494 1084 1557 aeterno,
1118 1487 1314 1567 competendo

150 1591 284 1652 neriae.
327 1588 390 1649 lam
412 1605 483 1648 vero
506 1587 532 1647 si
554 1587 633 1666 (prod
655 1594 808 1647 aeteruum
831 1593 879 1646 est
899 1586 1008 1647 malum
1029 1595 1132 1666 potest
1145 1588 1242 1661 credi,
1265 1589 1314 1650 in-

149 1688 268 1752 visibile
291 1696 328 1749 et
349 1687 551 1767 insuperabile
572 1687 628 1748 erit
650 1687 759 1747 malum
782 1696 813 1747 ut
836 1695 1007 1759 aeternum,
1031 1695 1059 1747 et
1079 1686 1160 1748 ‘tum
1175 1707 1233 1749 nos
1248 1690 1313 1750 lru·

105 1860 108 1869 ,
151 1800 193 1852 tn
212 1791 397 1852 laboramus
420 1786 457 1849 de
478 1788 639 1850 auterendo
669 1787 745 1849 malo
775 1806 811 1847 ex
834 1786 922 1848 nobis
949 1787 1040 1865 ipsis,
1066 1774 1154 1848 ‘'tum
1186 1797 1216 1849 et
1241 1787 1459 1862 deusscorrns.

151 1887 206 1964 {loc
227 1893 348 1953 trustra
372 1889 491 1950 mandat
513 1899 543 1950 st
558 1888 719 1970 praecipit,
741 1888 833 1948 immo
856 1895 886 1949 et
907 1888 1047 1950 iudicium
1069 1889 1178 1949 trustra
1200 1890 1314 1950 consti-

105 2039 114 2080 .⁴
151 1993 187 2054 ἢ
206 1993 307 2064 deus,
338 1989 500 2051 'iniustitia
528 1991 629 2069 ntique
657 1989 826 2068 puniturus.
880 1989 1023 2061 ¹⁰Quodsi
1044 1997 1146 2050 contra
1169 1989 1225 2050 erit
1246 1990 1314 2051 mali

105 2144 115 2183 ὲ
149 2091 196 2155 his
217 2111 291 2155 curm
318 2109 444 2171 praeses
466 2091 530 2152 eius
553 2089 688 2151 diabolus
721 2088 827 2149 abierit
849 2090 879 2150 in
902 2090 999 2168 ignem
1022 2109 1110 2169 quem
1133 2078 1427 2180 praeparavitss'fffl

105 2225 115 2280 3
145 2190 269 2256 {deus
296 2201 330 2253 et
352 2191 465 2270 angelis
487 2193 564 2265 eius,
594 2190 678 2270 prius
700 2189 729 2249 in
752 2198 873 2268 puteum
897 2191 997 2270 abyssi
1020 2191 1212 2268 '¹relegatus‚
1246 2210 1462 2266 commoturus.

105 2340 110 2377 ,
140 2296 274 2358 rerelatio
300 2293 432 2353 liliorum
456 2291 503 2353 dei
520 2290 681 2353 redemerit
694 2291 895 2352 conditionem
919 2292 1055 2363 amalo·‚
1077 2291 1179 2371 utique
1201 2291 1313 2353 ''rani-

138 2397 178 2457 fli
199 2396 377 2458 subiectam
387 2394 411 2466 Β,
439 2412 505 2454 cnm
534 2392 670 2453 restituta
699 2382 869 2452 innocentia
893 2401 922 2453 et
943 2392 1112 2470 integritate
1133 2392 1313 2453 conditionis

133 2513 238 2576 peoora
271 2494 490 2555 ¹’condixerint
516 2493 647 2565 bestiis·‚
679 2492 735 2553 ¹⁴et
761 2493 876 2572 parvuli
907 2495 944 2554 de
967 2493 1155 2573 serpentibus
1176 2492 1462 2570 luserintnesnsoqq.

133 2617 192 2660 nm
216 2609 312 2678 pater
333 2595 395 2655 lilio
417 2594 551 2674 posuerit
572 2593 709 2674 inimicos
731 2593 787 2653 snb
809 2594 919 2673 pedes,
943 2595 1043 2674 utique
1062 2595 1217 2674 operarios
1233 2596 1438 2669 melisseus.

132 2729 169 2744 -
190 2699 329 2776 ¹‘itaque
354 2695 380 2755 si
403 2696 472 2755 linis
495 2695 571 2755 malo
593 2694 749 2774 competit,
773 2714 899 2755 necesse
922 2703 969 2755 est
983 2696 1169 2774 competierit
1185 2696 1311 2770 initium,

134 2799 185 2864 'tt
208 2800 269 2860 erit
293 2797 418 2857 materia
440 2795 554 2856 babens
569 2796 702 2868 initium,
725 2795 861 2857 babendo
877 2807 908 2857 et
921 2797 1009 2858 finem
1025 2797 1104 2858 mali.
1136 2797 1219 2869 Quae
1234 2800 1312 2859 enim

134 2904 207 2964 nalo
230 2902 434 2979 deputantur,
459 2898 621 2959 secundum
643 2897 711 2957 mali
735 2906 843 2959 statum
868 2898 1095 2978 ¹⁷competunt⁴¹.

216 3005 283 3081 lige
306 3019 387 3061 nunc
408 3000 513 3059 malam
536 3018 571 3061 ac
585 2999 744 3087 pessimam
760 3000 914 3061 credamus
936 3019 1004 3061 esse
1019 3001 1189 3073 materiam,
1212 3003 1315 3081 utique
1333 3024 1440 3082 capxn.

138 3115 253 3175 utura,
288 3102 366 3162 sieut
388 3101 476 3161 deum
497 3100 608 3161 bonum
632 3109 661 3161 et
683 3100 826 3178 optimum
849 3101 1013 3176 credimus,
1048 3103 1174 3181 proinde
1196 3111 1312 3164 natura.

214 3205 233 3237 ο

106 3258 107 3281 l
140 3255 204 3304 len
223 3256 274 3303 boc
293 3253 370 3302 subici
390 3254 415 3301 l.
457 3253 481 3300 5.
499 3252 546 3301 Sed
566 3253 643 3301 cml.
686 3251 709 3300 6.
729 3254 1025 3301 tumnosFulo.tlrsinus.
1062 3254 1092 3300 itu
1111 3268 1156 3302 nos
1175 3256 1198 3302 d.
1234 3262 1313 3303 tamen

142 3323 288 3373 manate.
326 3329 418 3368 tantum
439 3335 485 3367 non
505 3321 541 3368 Fr.
555 3321 642 3368 lunius.
695 3319 718 3367 t,
737 3327 787 3367 tum
807 3323 838 3379 d,
859 3336 909 3369 snm
927 3321 1007 3368 Fulvio
1027 3320 1118 3367 Ursino.
1154 3322 1210 3382 quin
1230 3327 1252 3368 et
1271 3322 1315 3370 io-

143 3392 248 3438 t‘nituet
268 3389 406 3438 fnlunim.
442 3403 513 3449 quarn
533 3388 611 3437 cul.
648 3401 701 3435 eum
721 3387 832 3435 etBnbc.
877 3387 900 3434 8.
920 3388 1008 3434 liustru
1028 3387 1116 3434 hoel.
1160 3385 1184 3433 9.
1204 3387 1314 3434 iniusti-

144 3458 275 3506 bldslc.
332 3455 370 3504 10.
391 3455 483 3512 Quodsi
502 3462 583 3501 contra
603 3470 652 3516 epo.
697 3454 914 3512 erodsituncd.,
934 3470 984 3501 eum
1002 3454 1081 3500 Fuluio
1102 3453 1191 3500 Ursino.
1228 3452 1315 3514 quibus

146 3532 219 3572 antra
236 3524 326 3573 Ababa.
383 3522 615 3582 ltretigorusltt.
671 3519 708 3568 ll.
727 3521 837 3568 vanitatis
856 3519 971 3567 abiectam
991 3520 1118 3577 (obiectum
1136 3520 1171 3576 ll.)
1188 3519 1232 3567 AB.
1276 3519 1314 3567 13.

148 3591 417 3640 uusiucrintlutinius.
484 3590 521 3637 ll.
541 3588 645 3637 nuelli,
708 3588 747 3636 15.
772 3590 852 3650 itaquo
877 3587 962 3636 Allobo.
1010 3588 1090 3649 utique
1115 3587 1147 3645 d,
1167 3601 1217 3635 sum
1234 3587 1315 3636 Fulvio

149 3656 229 3708 ῑπίιο.
286 3657 324 3706 16.
344 3665 368 3705 et
387 3657 499 3717 eritepo.
542 3657 633 3719 eritque
653 3657 684 3715 d,
705 3656 873 3705 cumlotinio.
915 3656 960 3702 erit
976 3655 1063 3703 Allobo.
1119 3653 1158 3701 l'l.
1177 3661 1317 3717 competunt

150 3738 191 3786 qs.
222 3733 395 3788 computentur
413 3725 498 3773 Bnbcd.
533 3725 661 3788 deputatur
678 3724 702 3772 A.

178 3825 232 3889 cap.
251 3826 289 3874 xl.
340 3840 362 3873 s.
393 3825 554 3873 conditionem
585 3839 598 3872 u
627 3820 703 3885 malo]
755 3822 896 3872 Tertulliani
916 3822 995 3871 locum
1015 3820 1139 3884 explicarit
1157 3821 1254 3871 Grotius
1272 3836 1316 3870 un·

155 3891 298 3942 buttem
317 3893 375 3941 dicit
394 3893 489 3941 condito
502 3900 613 3940 etcreata
628 3906 703 3954 quse·
755 3892 919 3939 notationibus
938 3891 967 3938 ud
987 3889 1062 3952 Epist.
1083 3889 1157 3937 Pauli.
1177 3890 1283 3949 (Rigalt.)

155 3971 198 4020 μ
240 3961 329 4008 Paulus
352 3960 428 4021 Epist.
454 3959 483 4006 od
513 3959 580 4008 Rom.
600 3959 659 4015 vttt.
679 3957 703 4007 9.
789 3974 809 4006 c.
830 3973 915 4019 pecora
930 3958 1078 4005 condixerint
1091 3950 1186 4020 bestris]
1205 3956 1233 4005 Ut
1249 3970 1316 4004 oom-

159 4024 298 4077 [esditiosem
310 4027 540 4076 dicitl'ertnllianus
559 4035 702 4085 ereaturam,
754 4025 833 4073 munis
853 4026 936 4072 umbro
955 4040 997 4073 seu
1013 4038 1139 4073 commune
1150 4031 1238 4072 tectum
1250 4023 1317 4072 clou-

159 4088 263 4143 luisem
281 4103 404 4155 creatnm3
424 4094 511 4142 Paulus
523 4086 619 4140 κτίσιν.
650 4094 702 4142 Pri·
756 4092 796 4140 dst
814 4108 870 4139 oves
889 4101 911 4140 at
931 4093 1010 4153 lupos,
1039 4099 1063 4138 ut
1088 4091 1172 4140 eodem
1199 4091 1267 4153 quusi
1287 4090 1316 4138 sd

756 4161 891 4208 condictum
922 4162 999 4207 amice
1029 4161 1178 4206 conveniant.
1211 4157 1317 4219 (Rigalt.)

756 4229 888 4286 Goudicere,
917 4226 939 4274 id
959 4233 995 4273 est
1014 4226 1158 4282 consentire,
1183 4226 1269 4273 cedere
1293 4224 1316 4272 io

754 4295 897 4342 sententiam
916 4293 1026 4352 alicuius,
1045 4293 1145 4355 pacisci.
1171 4292 1207 4341 ct.
1226 4292 1317 4341 adnott.

756 4363 785 4409 sd
804 4364 889 4423 Seorp.
910 4376 961 4423 cop.
977 4360 1016 4408 14.

790 4430 813 4476 d.
843 4423 1001 4491 competunt]
1030 4427 1063 4474 lte
1091 4426 1222 4474 emendari.
1258 4426 1316 4475 Num

162 4162 236 4209 nesius
253 4163 384 4211 Uticensis:
413 4162 457 4220 „ln
483 4163 534 4224 ipsa
561 4176 632 4210 carne
652 4161 705 4208 risit

165 4222 255 4275 strutus
271 4238 404 4291 peccetum.
424 4237 448 4277 ut
459 4237 567 4277 naturam
579 4244 640 4292 quae
652 4230 705 4276 lue-

166 4299 195 4337 nt
207 4293 262 4343 bosa
279 4311 323 4358 per
340 4299 503 4356 conditionem,
525 4305 547 4344 et
567 4312 611 4359 per
623 4304 703 4344 truns-

106 4360 110 4365 '
170 4362 294 4428 monem
317 4373 353 4413 est
375 4365 463 4422 uitiato,
489 4378 533 4426 per
556 4378 623 4411 snam
650 4379 704 4423 pra-

106 4432 113 4443 '
172 4427 389 4479 burclormaretf‘
408 4432 514 4492 litigant
553 4432 589 4480 Cf.
615 4432 705 4479 adnott.

176 4488 239 4539 illle
253 4494 339 4547 Coruus
359 4514 410 4561 cap.
423 4499 447 4547 6.
467 4507 489 4547 et
504 4499 583 4548 Grabii
595 4498 704 4548 Glossnr.

106 4568 119 4590 .-
179 4554 201 4601 Ι
213 4559 288 4610 alcen
304 4579 401 4628 opernm
421 4567 514 4614 irenaei
533 4581 545 4614 a
558 4567 646 4616 Grabio
666 4565 704 4613 ed.

111 4644 124 4691 Ἰ
182 4625 333 4680 tutemus.

208 4686 227 4734 b
240 4695 406 4756 unquerauitrti
419 4696 564 4765 subiectam]
582 4691 705 4746 Ματαιό-

109 4782 118 4791 -
191 4756 239 4803 'lst
272 4759 385 4815 Praeclare
408 4769 472 4816 bunc
498 4770 572 4827 Pauli,
598 4769 706 4831 adeoque

755 4497 811 4559 quid
840 4504 999 4557 computantur
1027 4495 1073 4542 boc
1104 4494 1157 4542 loco
1188 4492 1316 4554 significari

755 4564 841 4613 debent
866 4570 905 4610 aut
928 4564 1006 4625 possit
1030 4576 1077 4610 non
1103 4575 1227 4623 assequor.
1270 4559 1316 4606 lio-

755 4630 909 4679 scribendum
934 4636 1069 4693 competunt,
1102 4636 1142 4676 sut
1168 4631 1317 4690 imputantur.

757 4700 823 4755 Oinoe
842 4698 905 4745 mulo
924 4699 969 4760 ipsi
988 4692 1316 4760 deputentnraitserundum

757 4766 814 4813 msli
833 4772 919 4812 statum
939 4767 1009 4814 etiam
1030 4764 1144 4811 materiae
1170 4766 1317 4820 competere,

757 4832 951 4896 quandoquidem
971 4833 1033 4881 mulo
1051 4845 1106 4880 esso
1125 4828 1225 4877 dicatur.
