3242 5775
278 666 342 730 276
450 733 454 742 ,
535 679 636 730 quanm
659 676 788 721 ssrraan
810 673 977 720 sponsarae
999 673 1194 718 rsnrucuam

163 832 315 900 cn.1,1.ab
337 829 509 892 bominibus
531 847 628 908 neque
649 845 704 907 per
724 826 893 898 bominem3
926 823 995 885 inde
1022 831 1053 885 et
1078 823 1137 903 ipsi
1165 822 1288 884 credere
1312 821 1456 894 inducor;

278 933 349 996 inde
370 940 400 993 te
420 949 438 992 a
459 929 636 991 defensione
658 928 722 989 eius
751 927 881 1006 expello,
914 944 970 986 nec
999 924 1087 986 timeo
1117 921 1279 996 dicentem,
1309 923 1354 984 'iu
1384 940 1456 1001 erqo

278 1050 370 1112 negas
392 1030 560 1110 apostolum
583 1027 730 1090 Paulum?
774 1027 841 1088 Non
856 1025 1031 1103 blasphemo
1053 1041 1142 1103 quem
1163 1033 1259 1086 tueor.
1304 1024 1399 1102 Nego,
1422 1031 1483 1114 ut·

280 1143 309 1196 tc
329 1131 458 1213 probare
480 1129 665 1208 compellam.
698 1129 795 1206 Nego,
818 1135 971 1188 ulmeam
994 1143 1064 1185 esse
1085 1125 1266 1187 convincam.
1301 1123 1358 1186 dut
1375 1123 1401 1184 si
1416 1123 1455 1184 ad
1508 1145 1510 1150 ·

278 1243 413 1296 nostram
435 1231 523 1292 iidem
544 1238 677 1309 spectas,
700 1226 800 1304 recipe
815 1244 890 1304 quae
909 1244 973 1286 eam
991 1225 1136 1287 '‘iaciunt.
1164 1226 1196 1287 Si
1217 1226 1254 1287 ad
1277 1234 1358 1288 tuam
1381 1243 1455 1303 pro·

277 1353 382 1406 vocas,
406 1332 461 1393 ede
482 1347 558 1408 quae
580 1345 645 1389 eam
666 1334 866 1406 praestruunt.
898 1323 956 1387 dut
976 1326 1070 1406 proba
1093 1345 1162 1388 esse
1177 1345 1251 1406 qnae
1266 1326 1384 1400 credis3
1406 1335 1460 1386 ant

278 1436 305 1498 si
326 1452 388 1496 non
408 1430 536 1511 probas,
559 1428 709 1508 quomodo
725 1425 847 1488 credis?
876 1427 935 1488 dut
956 1427 1049 1505 qualis
1072 1447 1105 1489 es
1127 1427 1270 1490 adversus
1294 1445 1362 1488 cum
1387 1445 1457 1488 cre·
1479 1429 1482 1434 '

278 1534 353 1596 dens
376 1551 392 1593 a
415 1549 473 1611 quo
497 1529 562 1590 solo
585 1528 730 1608 probatur
752 1547 821 1589 esse
844 1528 923 1606 quod
945 1526 1067 1590 credis?
1101 1528 1182 1590 liabe
1204 1547 1283 1590 nunc
1304 1528 1364 1589 '‘et
1379 1547 1459 1607 apo-

279 1633 389 1697 stolum
412 1631 449 1692 dc
470 1648 537 1691 meo
561 1629 638 1692 sicut
659 1637 689 1690 et
704 1628 869 1700 Christum,
893 1628 1100 1690 ¹‘tammeum
1123 1629 1292 1709 apostolum
1314 1647 1404 1709 quana
1427 1639 1460 1691 et

280 1730 453 1797 christum‘.
485 1730 594 1792 iisdem
617 1739 647 1791 et
668 1729 716 1790 bic
731 1729 937 1791 dimicabimus
958 1729 1062 1803 lineis,
1086 1730 1116 1790 in
1139 1730 1210 1814 ipso·
1226 1730 1318 1810 gradu
1341 1748 1458 1809 provo·-

280 1834 411 1897 cabimus
433 1830 691 1910 praescriptionis,
715 1839 855 1909 oportere
877 1831 989 1892 scilicet
1011 1839 1041 1892 et
1055 1831 1225 1910 apostolum
1246 1831 1296 1910 qui
1311 1829 1459 1892 creatoris

278 1943 419 2015 negetur,
443 1932 534 1993 immo
557 1939 587 1992 et
601 1931 742 1991 adversus
757 1938 922 1992 creatorem
939 1933 1122 2010 proferatur,
1145 1931 1218 1993 nibil
1233 1933 1359 2004 docere,
1382 1930 1459 1992 nibil

278 2053 399 2116 sapore,
421 2032 494 2094 nibil
510 2031 581 2093 velle
598 2032 759 2092 secondum
775 2040 956 2106 creatorem,
980 2041 1010 2094 et
1030 2033 1166 2112 inprimis
1189 2041 1269 2094 lanta
1287 2033 1457 2095 constantia

279 2136 368 2198 alium
391 2134 479 2195 deum
502 2133 617 2194 edicere
638 2141 746 2210 quanta
769 2151 785 2192 a
807 2131 872 2210 lege
894 2133 1035 2194 creatoris
1057 2134 1204 2214 abrupit⁸.
1248 2133 1352 2211 Neque
1374 2130 1458 2193 enim

278 2234 438 2298 verisimile
467 2242 513 2296 cst
540 2241 574 2293 ut
602 2240 737 2294 avertens
766 2251 782 2293 a
810 2233 960 2295 ludaismo
993 2253 1054 2296 non
1082 2234 1195 2316 pariter
1223 2234 1397 2296 ostenderet
1425 2234 1457 2296 in

279 2337 363 2399 cuius
385 2335 432 2396 dei
455 2335 542 2396 iidem
565 2342 728 2406 averteret,
761 2334 829 2413 quia
851 2354 940 2396 nemo
971 2336 1097 2397 transire
1124 2345 1230 2416 posset
1253 2336 1296 2396 ¹⁷a
1319 2345 1458 2398 creatore

278 2437 416 2500 nesciens
439 2436 475 2496 ad
498 2453 585 2514 quem
608 2435 821 2496 transcundum
842 2435 900 2496 sibi
923 2446 1015 2498 esset.
1050 2437 1117 2499 Sive
1140 2437 1219 2498 enim
1234 2437 1375 2498 Christus
1396 2437 1457 2499 iam

279 2538 369 2599 alium
391 2537 479 2598 deum
501 2535 697 2607 revelaverat,
721 2535 902 2615 sequebatur
923 2538 1010 2599 etiam
1032 2539 1159 2618 apostoli
1184 2538 1318 2610 testatio,
1348 2537 1396 2600 vel
1418 2557 1457 2600 ne

279 2656 341 2699 non
363 2636 427 2698 eius
449 2636 496 2697 dci
518 2637 670 2715 apostolus
692 2636 853 2698 haberetur
867 2656 955 2716 quem
971 2638 1107 2701 Christus
1121 2640 1319 2712 revelaverat,
1343 2649 1375 2700 et
1389 2639 1463 2718 qnia

278 2756 341 2799 non
362 2736 468 2798 licebat
490 2736 631 2798 abscondi
647 2737 683 2798 ab
706 2739 844 2818 apostolo
861 2739 911 2818 qui
925 2738 983 2800 iam
998 2740 1144 2800 revelatus
1160 2740 1301 2801 inisseta
1317 2740 1461 2802 Christo:
1496 2775 1510 2782 -

280 2837 344 2901 sivo
365 2837 439 2900 nibil
462 2837 518 2899 lais
540 2838 577 2899 de
599 2838 655 2899 deo
678 2838 813 2901 Christus
835 2839 1029 2913 revelaverat,
1062 2840 1171 2903 ¹⁸tanto
1200 2841 1294 2919 magis
1317 2841 1354 2905 ab
1377 2859 1465 2923 apo-

279 2939 358 3001 stolo
381 2938 523 3000 debuerat
544 2940 686 3012 revelari,
709 2940 759 3018 qui
781 2941 839 3000 iam
862 2960 922 3002 non
937 2952 1044 3020 posset
1057 2941 1094 3003 ab
1108 2941 1183 3016 aiio,
1207 2961 1268 3003 non
1284 2942 1467 3007 cedendas

279 3040 345 3102 sine
366 3039 457 3100 dubio
473 3040 498 3101 si
513 3057 570 3101 neo
583 3040 619 3101 ab
635 3041 770 3120 apostolo
786 3042 944 3104 revelatus.
974 3043 1062 3116 Quod
1077 3042 1187 3105 idcirco
1204 3044 1470 3123 praestruximus,

277 3150 310 3203 ut
330 3140 389 3202 iam
410 3140 481 3202 bino
500 3141 694 3220 profiteamur
715 3161 772 3202 nos
794 3143 920 3221 proinde
934 3143 1113 3218 probaturos
1128 3144 1241 3207 nulium
1258 3144 1348 3206 alium
1364 3146 1473 3207 deum

277 3240 314 3302 ab
337 3239 472 3320 apostolo
495 3240 706 3307 circumlatum,
729 3243 805 3298 sicut
819 3238 1009 3315 probavimus
1024 3258 1111 3299 neca
1125 3241 1256 3314 cbristo,
1279 3244 1342 3301 ¹lox
1358 3244 1475 3319 ipsius

277 3340 380 3420 utique
407 3341 543 3416 epistulis
571 3335 669 3407 Pauli,
705 3353 778 3414 quas
805 3336 934 3414 proinde
961 3337 1111 3400 mutilatas
1139 3338 1229 3400 etiam
1262 3340 1299 3401 de
1327 3358 1476 3403 numero

277 3441 372 3500 forma
392 3440 451 3497 iam
472 3435 613 3497 baeretici
636 3437 775 3515 evangeiii
799 3437 1020 3515 praeiudicasse
1042 3437 1171 3500 debebit.

169 3558 260 3613 capu.
364 3536 431 3596 ’ΒΕ
453 3555 639 3597 snrsruca
660 3557 702 3597 an
727 3556 902 3600 cataras.
951 3537 1146 3619 Principalem
1168 3539 1311 3603 adversus
1332 3540 1475 3603 ludais-

278 3687 317 3737 14.
336 3686 432 3735 iaciant
460 3686 573 3736 Stativam
591 3688 633 3737 ild.
677 3688 716 3737 15.
735 3697 759 3738 et
775 3690 913 3753 apostolum
932 3692 969 3741 sd.
986 3691 1220 3755 Vaticoeaaaalerque.
1257 3694 1394 3757 apostolum
1410 3690 1475 3741 Μ’.

276 3753 566 3883 {fefflffpffflmpnc'
621 3755 661 3804 i'l.
678 3756 707 3805 ad
727 3764 861 3805 creatorem
878 3757 922 3807 ilc.
977 3757 1367 3820 ts.nnnacu.,rr.1aama.
1414 3754 1474 3807 19.

345 3888 403 3949 Cap.
421 3886 451 3935 li.
491 3886 512 3936 i.
531 3887 569 3936 ili-2
588 3890 669 3938 omli.
707 3889 785 3939 Tolum
803 3892 976 3956 inscriptionem
993 3908 1039 3943 om.
1053 3894 1078 3943 d.

310 3987 327 4036 i.
346 3994 394 4034 tam
405 3987 716 4051 meumapostolamquam
731 3990 836 4039 ethri·
887 4000 944 4041 sunl
961 3992 1117 4056 coinquinati,
1142 4000 1176 4053 ut,
1200 3994 1247 4043 nisi
1272 3994 1318 4043 alia
1343 3990 1475 4045 accedas
1496 3994 1510 4041 ’·.

275 4048 360 4117 atum]
379 4053 450 4102 biber
462 4054 702 4116 scriptnsbeidensis
721 4066 745 4105 et
762 4058 835 4107 editio
887 4060 996 4121 ipsorum
1014 4061 1065 4110 tere
1088 4060 1156 4110 uuila
1180 4061 1292 4111 babenda
1316 4061 1348 4112 sit
1364 4064 1475 4111 aneto·

274 4120 389 4183 princeps
413 4120 501 4169 babent
523 4138 613 4184 „quom
636 4137 716 4172 meum
734 4132 835 4187 aposto·
887 4125 954 4175 ritas.
977 4166 981 4173 .

275 4186 325 4235 lum
344 4202 412 4251 quom
429 4195 453 4237 et
470 4188 617 4237 Christum.“
652 4190 681 4238 Et
698 4205 835 4255 sanequom
902 4207 941 4254 q.
968 4203 1057 4258 quanta
1081 4210 1093 4243 a
1120 4195 1174 4257 legs
1197 4197 1315 4245 creatoris
1332 4176 1475 4257 abrupit-l
1497 4196 1506 4223 ²

275 4276 308 4287 -
329 4269 397 4317 qaam
415 4268 460 4317 pro
469 4262 516 4304 tom
532 4280 566 4289 -
585 4272 652 4320 quom
671 4272 762 4318 ponera
772 4260 833 4308 Ter·
885 4259 920 4309 ita
931 4260 1086 4311 ddcllalant.
1104 4261 1183 4325 sapi
1201 4262 1250 4320 „de
1268 4263 1388 4313 ecelesias
1419 4256 1499 4302 *θ’

274 4318 390 4369 tullianeo
408 4320 465 4369 stilo
490 4336 537 4370 non
562 4322 634 4385 plane
652 4325 757 4374 alienum
775 4340 834 4390 per·
885 4308 1510 4393 theoricaeregalealmptr.“apolog.eap·³²''

273 4388 377 4436 suaserit
395 4387 465 4436 nobis
489 4391 559 4438 anius
583 4400 661 4448 certe,
688 4393 834 4452 leobardini
884 4394 928 4453 „Si
946 4396 1010 4444 enim
1029 4396 1146 4445 tenuvia
1164 4396 1289 4446 bominum
1307 4388 1475 4459 inaiiq⁰⁶¹⁸
1501 4415 1510 4447 a

272 4453 348 4512 illitas,
367 4455 514 4503 venerandae
532 4456 616 4505 aetatis
634 4460 772 4507 auctoritas.
808 4460 833 4508 l.
870 4461 952 4509 orbis
971 4463 1059 4511 remoti
1076 4464 1157 4512 sinum
1181 4465 1355 4527 abrupissemus
1371 4476 1392 4513 ι
1422 4458 1510 4501 Ψῗ

274 4533 336 4583 qnae
353 4520 463 4570 adnotavi
481 4523 510 4570 ad
530 4522 757 4587 bellolot.cap.4.
782 4526 834 4576 iioc
883 4527 932 4588 bia,
949 4530 1092 4580 suffudisset
1108 4530 1209 4593 utique“
1227 4539 1285 4581 cett.
1311 4530 1346 4581 iis
1363 4513 1477 4580 i’uffl
1507 4584 1510 4591 ,

273 4600 329 4635 sero
354 4588 407 4637 loeo
432 4590 562 4650 quominus
585 4590 616 4639 ad
640 4592 740 4642 rarioris
765 4608 833 4653 usos,
885 4594 962 4658 cap.'l
987 4596 1038 4655 „ob
1061 4596 1110 4645 taia
1127 4597 1184 4661 quid
1204 4605 1269 4647 extra
1287 4608 1391 4660 gagen
1419 4580 1479 4631 θ’
1505 4620 1510 4651 .-

272 4666 318 4701 nec
335 4653 482 4704 indubitatae
500 4656 563 4715 iidei,
587 4658 731 4721 scripturam
750 4676 763 4709 a
781 4659 834 4709 mi·
883 4668 987 4723 tuaest,
1009 4664 1044 4712 sel
1064 4672 1088 4713 et
1105 4665 1158 4726 ipse
1182 4664 1246 4713 ioris
1269 4665 1315 4723 ira,
1342 4652 1502 4715 tamffl’·

273 4727 326 4778 gata
351 4722 488 4770 recederem
514 4724 636 4785 probibuit
660 4726 721 4774 ratio
748 4739 832 4776 eorum
884 4728 1054 4790 aemulatione,
1073 4731 1138 4795 qnod
1148 4730 1254 4795 deniqne
1264 4744 1339 4795 saepe
1349 4732 1390 4789 dt,
1414 4710 1510 4765 (ΙΝ

272 4785 390 4836 librorum
409 4788 496 4852 quibua
515 4792 555 4838 illa
574 4792 683 4851 debetur,
708 4794 748 4856 qni
766 4801 832 4843 tanto
883 4794 1022 4857 dignatione
1039 4797 1204 4860 castigationis
1221 4796 1344 4862 abnpit.“

270 4854 415 4903 mendorum
451 4858 692 4923 corruptelarumqoe
730 4874 831 4909 numero
