3242 5775
312 632 375 697 478
567 646 669 698 outnrt
692 646 822 690 §BP-mil
845 645 1011 689 stonsn'nts
1034 645 1231 688 rsnrnnntsttt

312 797 393 862 Μ
414 796 454 860 sit
475 814 564 876 quam
584 816 600 855 a
618 814 705 856 carne
720 794 906 856 ”divertere
943 793 993 855 Sic
1008 794 1094 856 etiam
1111 794 1209 875 ipsum
1224 794 1302 857 niori
1317 796 1492 870 caruisset,
1527 857 1529 878 ,

190 891 192 896 ’
251 964 253 968 ,
312 898 397 962 catus
418 906 448 961 et
469 898 577 959 virere.
617 896 712 957 l’orro
735 896 761 957 si
783 894 919 958 uniuersa
942 913 996 974 per
1016 913 1135 958 carnem
1157 894 1341 958 ”subiacent
1363 895 1488 969 animae,
1526 939 1529 980 ,

312 998 393 1062 carni
407 1017 527 1078 quoque
540 996 732 1060 ”subiacent
774 996 831 1057 Per
846 994 925 1075 quod
940 995 1045 1067 utaris,
1066 994 1162 1057 ”cum
1185 1015 1222 1057 eo
1244 996 1340 1058 utarm
1364 1015 1487 1060 noemae
1526 1041 1529 1078 4

312 1108 369 1162 est
404 1098 446 1162 lta
462 1118 548 1170 caro,
571 1098 641 1160 dum
657 1098 793 1159 ministra
807 1103 839 1157 et
852 1096 959 1158 famula
981 1095 1096 1158 animae
1117 1095 1293 1177 deputatur,
1315 1106 1487 1160 consorset
1525 1139 1529 1182 ,

311 1200 454 1262 cohaeres
476 1198 634 1264 invenitur.
670 1198 711 1259 si
734 1196 959 1276 temporalium,
981 1216 1034 1259 cur
1055 1215 1116 1259 non
1138 1205 1169 1259 ot
1189 1196 1407 1263 aeternornm?
1525 1203 1529 1282 ᾗ

180 1321 296 1380 emus.
396 1297 768 1379 snpereminentem
795 1298 832 1359 de
860 1297 977 1378 publica
1005 1298 1099 1359 torma
1129 1298 1274 1360 humanae
1303 1296 1485 1362 conditionis
1527 1289 1529 1380 ξ

254 1401 258 1407 ’
314 1400 468 1479 ¹sullragia
491 1400 573 1462 carni
594 1399 824 1479 procuraverim.
874 1398 1032 1460 Videamus
1060 1416 1140 1484 nunc
1165 1398 1202 1460 de
1229 1398 1352 1479 propria
1380 1397 1486 1464 ’etiam

312 1500 471 1566 Christiani
494 1500 624 1564 nominis
645 1502 740 1562 torma
761 1499 970 1579 quantahuic
989 1499 1173 1562 substantiae
1194 1498 1316 1560 lrirolae
1344 1516 1380 1562 ac
1400 1498 1486 1564 'sor-

313 1600 398 1666 didae
425 1601 505 1681 apud
530 1601 619 1663 deum
647 1598 850 1679 praerogativa
878 1600 933 1661 sit:
967 1598 1024 1661 etsi
1052 1600 1202 1664 sufficeret
1229 1599 1273 1662 illi
1300 1599 1382 1680 quod
1409 1600 1487 1664 nulla

313 1701 435 1764 omnino
457 1702 554 1764 anima
576 1701 701 1764 salutem
723 1700 820 1779 possit
840 1699 963 1781 adipisci
991 1699 1049 1761 nisi
1071 1699 1141 1761 dum
1162 1699 1227 1761 test
1254 1698 1286 1762 in
1308 1718 1399 1765 carne
1420 1719 1486 1764 cre·

180 1877 182 1882 ,
314 1802 438 1875 diderit3
470 1802 544 1864 adeo
572 1802 659 1864 ‘caro
687 1800 793 1862 salutis
816 1808 864 1862 est
890 1800 989 1862 cardo.
1033 1800 1093 1862 ‘lie
1122 1812 1196 1879 qua·
1218 1818 1286 1862 cum
1307 1801 1486 1864 anima-deo

132 1950 138 1957 .
232 1983 234 1988 ι
312 1901 485 1982 ἰΙΙοςίῑιιι,
512 1901 577 1983 ipsa
600 1910 648 1965 est
669 1921 744 1981 quae
767 1901 856 1963 efficit
883 1909 916 1961 ut
943 1900 1039 1962 anima
1068 1900 1171 1980 ‘allegi
1192 1900 1302 1980 possit.
1351 1900 1489 1964 'Scilicet

313 2015 382 2066 caro
404 2002 567 2073 mutiunt,
588 2010 622 2063 ut
642 2001 738 2064 anima
761 2001 956 2076 emaculetur;
984 2019 1053 2063 caro
1077 2001 1213 2080 ungitur,
1236 2009 1269 2063 ut
1291 2002 1389 2066 anima
1412 2020 1486 2064 con-

216 2175 218 2184 ,
315 2112 466 2176 senatun
489 2120 557 2164 caro
580 2102 729 2181 signatur,
759 2108 791 2162 ut
812 2111 843 2164 et
863 2102 959 2163 anima
982 2102 1149 2174 muniatur3
1179 2120 1248 2163 caro
1270 2120 1377 2164 manus
1401 2102 1487 2165 ¹⁰im-

313 2204 465 2287 positione
485 2202 691 2276 adumbratur,
714 2210 746 2264 ut
767 2212 797 2263 et
810 2201 915 2287 ,anima
934 2202 1042 2284 spiritu
1057 2201 1253 2278 illuminatum
1276 2221 1345 2263 caro
1360 2221 1490 2284 corpore

315 2313 344 2368 et
366 2306 539 2384 ”sanguine
561 2303 670 2366 Christi
694 2304 840 2376 vescitur,
864 2312 896 2364 nt
917 2310 947 2365 et
968 2303 1065 2364 antima
1087 2304 1124 2364 de
1146 2303 1202 2364 deo
1225 2301 1388 2382 saginetur.
1423 2304 1488 2366 Non

313 2417 444 2486 possunt
465 2391 690 2485 ugo'separari
709 2404 742 2465 in
765 2403 919 2476 mercede,
947 2421 1021 2482 quas
1044 2422 1134 2483 opera
1157 2402 1318 2483 coniungit.
1362 2402 1441 2468 Nam
1461 2413 1492 2466 et

241 2506 245 2515 '
314 2505 458 2570 sacrificia
479 2505 536 2568 deo
558 2514 656 2585 grata,
678 2504 911 2566 conflictationes
934 2503 1000 2565 dico
1022 2503 1153 2577 animae,
1177 2487 1286 2566 ieiunia
1307 2512 1440 2566 etseras
1461 2513 1492 2566 et

241 2643 244 2650 ι
314 2606 413 2670 aridas
436 2610 535 2674 escas,e
557 2614 588 2668 et
600 2604 779 2687 adpendices
797 2603 884 2665 huius
900 2604 987 2664 officii
1004 2602 1128 2665 sordes¹¹
1151 2622 1220 2664 caro
1239 2604 1276 2665 de
1290 2604 1418 2683 propriu
1434 2624 1490 2668 sun

315 2706 506 2771 incommodo
529 2704 714 2768 ¹'instaurat
750 2704 909 2783 Virginitas
931 2700 1102 2784 quoquest
1123 2703 1249 2766 viduitas
1273 2711 1303 2766 et
1324 2703 1491 2768 ¹'modesta

315 2806 346 2868 in
375 2806 489 2868 occulto
518 2805 697 2868 matrimonii
726 2804 922 2868 dissimulatio
952 2812 981 2865 et
1006 2822 1063 2866 una
1093 2803 1197 2866 notitia
1225 2804 1308 2866 eius·
1335 2805 1373 2867 de
1402 2805 1491 2868 bonis

317 2907 415 2969 earnis
437 2906 494 2969 deo
517 2906 537 2938 ¹⁴
545 2906 711 2970 adolentur.
742 2907 803 2985 Age
825 2906 899 2978 iam,
920 2905 991 2986 quid
1013 2906 1050 2966 de
1072 2924 1107 2967 ea
1127 2905 1239 2979 sentis,
1261 2924 1329 2969 cum
1350 2924 1409 2986 pro
1431 2926 1490 2970 no·

317 3090 554 3143 suessonense.
589 3090 630 3141 dl.
650 3090 818 3140 subiaciantl.
861 3088 902 3139 35.
921 3090 1127 3142 subiacentllcd.
1163 3092 1303 3142 subiaceant
1319 3093 1414 3157 religari.
1449 3091 1492 3145 dd.

317 3173 371 3210 earn
390 3159 736 3210 anteriorandum
751 3158 847 3207 Pitioer'.
882 3159 977 3207 Addidit
993 3165 1093 3223 prienam
1111 3161 1139 3209 de
1156 3161 1206 3208 scria
1224 3160 1292 3209 cedd.
1311 3160 1452 3222 daegnies.

385 3226 523 3292 Capilll.
571 3227 592 3276 l.
618 3228 645 3276 in·
668 3225 807 3288 suffragium
827 3226 878 3274 ded.
931 3223 955 3275 2.
974 3228 1040 3287 etl.
1092 3226 1115 3274 3.
1135 3226 1256 3277 solided.
1308 3226 1492 3280 ternu.

315 3294 340 3344 t.
358 3308 414 3344 carc
432 3296 524 3344 ΜΛ..
564 3294 589 3345 6.
608 3294 715 3358 lienique
734 3307 787 3342 cum
807 3294 839 3354 d.,
865 3308 916 3342 cuna
933 3292 1014 3342 Fuluio
1034 3295 1125 3343 Ursino.
1177 3293 1201 3341 i.
1220 3293 1326 3356 alligitur
1345 3293 1401 3347 Cel.
1435 3295 1492 3344 alli·

315 3369 385 3424 gatar
403 3362 427 3411 B.
446 3370 493 3411 tres
514 3363 623 3412 Vetieeei.
660 3361 778 3421 allegatur
794 3361 820 3409 Α.
862 3357 885 3408 8.
905 3358 970 3420 alligi
990 3360 1042 3410 Cel.
1078 3361 1170 3422 alligari
1189 3360 1234 3410 AB.
1274 3359 1298 3410 s.
1318 3361 1418 3412 Scilicet
1433 3377 1492 3412 ears

315 3431 348 3490 d,
368 3446 419 3481 σιιιιι
437 3430 618 3480 Foleicllrriao.
654 3428 702 3477 Sed
721 3436 745 3477 et
762 3441 819 3476 carn
836 3428 921 3491 religni
939 3428 1002 3477 libri.
1047 3427 1084 3477 ld.
1104 3427 1264 3490 impressione
1281 3428 1307 3477 B.
1355 3428 1396 3481 li·
1415 3431 1493 3481 enci·

315 3504 354 3545 tur
371 3496 459 3546 Christi
476 3499 511 3547 Δ..
565 3496 604 3546 tt.
629 3498 776 3546 instauratur
799 3494 857 3544 nce.
917 3493 957 3542 lt.
983 3495 1090 3544 modeste
1116 3496 1236 3558 Grngolcd.
1284 3495 1405 3546 modestia
1430 3497 1492 3548 ΔΜ

319 3562 357 3613 ll.
375 3562 503 3613 edolantur
522 3564 545 3613 C.
581 3564 710 3613 adulantur
726 3562 807 3624 lideng.
843 3559 971 3610 adulentur
989 3577 1058 3625 anag„

350 3695 410 3760 Cap.
426 3698 487 3748 llll.
522 3714 544 3746 a.
564 3698 597 3748 lie
615 3694 674 3762 qua]
703 3695 818 3757 intellege
835 3709 877 3743 sa·
924 3695 1142 3758 imperitanditiem,
1161 3695 1286 3744 incuriam.
1309 3695 1419 3759 (lligaltl
1454 3697 1493 3748 ct

316 3763 374 3813 luta.
928 3761 962 3810 lle
981 3764 1113 3812 Paeniteat.
1132 3777 1184 3825 cap.
1194 3761 1219 3811 9.
1276 3786 1279 3791 ·

350 3831 374 3878 tr.
391 3831 488 3880 Scilicet
506 3845 563 3879 caro
582 3830 687 3880 abluitur
705 3827 774 3893 cett]
800 3828 877 3879 nimi·
962 3844 983 3878 e.
1003 3838 1027 3878 et
1045 3845 1090 3880 nne
1109 3831 1192 3879 notitic
1211 3826 1276 3895 eius]
1299 3829 1353 3879 iloc
1376 3837 1415 3879 est
1438 3844 1494 3880 me·

316 3910 369 3944 rem
385 3897 613 3961 baptisnochristi,
633 3899 669 3946 cui
688 3898 746 3945 clim
764 3897 876 3946 adiuncta
928 3898 1047 3959 nognmia.
1072 3897 1141 3956 Quod
1154 3897 1183 3945 ad
1199 3898 1334 3947 modestam
1352 3896 1377 3945 in
1396 3898 1494 3947 ccealto

316 3971 373 4012 auat
391 3964 471 4013 unctio
490 3972 513 4012 et
530 3964 679 4025 signaculum
698 3973 722 4012 et
735 3978 819 4013 manus
831 3966 876 4012 im·
928 3966 1074 4014 matrimonii
1092 3963 1308 4013 dissimulationem
1325 3963 1428 4025 lligaltio
1447 3979 1495 4028 pa·

317 4031 414 4093 positio,
433 4038 459 4080 nt
477 4030 517 4080 lib.
537 4031 570 4079 lle
589 4031 710 4095 Baptismc
729 4046 799 4095 capp.
815 4030 838 4080 6.
851 4030 876 4080 i.
927 4038 961 4080 tat
979 4046 1023 4096 per
1041 4047 1093 4080 earn
1111 4032 1241 4093 signillcari
1259 4032 1494 4095 „ipsiusmatrimo-

317 4104 341 4145 et
358 4095 381 4145 8.
400 4099 497 4160 exponit
515 4105 607 4148 auctor.
624 4099 785 4157 (inluniae.)
815 4098 877 4147 Stri·
929 4098 961 4146 nii
986 4107 1088 4158 secreta,
1114 4113 1175 4162 qnae
1201 4099 1262 4148 libro
1287 4099 1321 4148 tt
1340 4098 1413 4149 liner.
1430 4097 1495 4159 ll,.‘t

317 4165 373 4212 etim
392 4165 415 4212 lt.
433 4165 448 4213 l.
473 4166 602 4224 recensuit,
630 4167 673 4215 sed
697 4165 878 4229 appositissime
929 4180 1004 4229 penes
1024 4174 1120 4217 sanctos
1138 4181 1193 4214 esse
1211 4167 1244 4215 eit
1261 4166 1342 4215 ultreia
1359 4179 1496 4225 sexus,.ac

316 4229 453 4291 declararit,
471 4233 625 4296 baptismum,
638 4234 784 4290 unctionem,
796 4234 877 4293 signa·
930 4233 1018 4282 debere
1042 4249 1095 4283 cnm
1121 4234 1213 4283 ltonore
1240 4233 1317 4297 ipsius
1341 4233 1496 4283 necessitatis
1525 4238 1529 4253 ¹

317 4298 397 4347 culum
422 4301 516 4359 crocis,
550 4315 662 4349 mannum
689 4300 878 4364 impositionem,
930 4306 1042 4366 tanquam
1061 4301 1107 4350 sub
1132 4301 1191 4364 ipsis
1217 4300 1294 4350 oeulis
1319 4299 1358 4351 dci
1384 4300 1496 4351 modeste

317 4366 494 4416 eucharistiam.
513 4367 619 4430 (Rigalt.)
930 4382 958 4418 ac
976 4369 1099 4417 moderate
1117 4367 1243 4429 transigi.“
1289 4366 1337 4418 Sed
1364 4382 1416 4418 rem
1436 4366 1496 4418 mihi

353 4447 366 4507 p
398 4447 466 4481 seras
485 4442 508 4482 et
533 4435 612 4483 aridas
637 4429 719 4498 escas]
744 4427 879 4492 Nanneius
930 4436 1019 4484 rectius
1044 4435 1131 4485 Ludos.
1157 4435 1187 4484 de
1214 4436 1235 4483 1ι
1255 4434 1333 4485 Cerda
1358 4434 1500 4499 explicasse

317 4511 364 4546 aas
387 4496 568 4565 iqpepcyicr,
597 4509 622 4551 ut
648 4510 731 4551 auctor
755 4502 879 4563 distinguit
931 4503 1023 4552 ridetur
1041 4502 1164 4552 exarchis
1185 4502 1219 4551 td
1238 4501 1308 4551 Uxor.
1328 4500 1392 4563 l,d:
1411 4503 1499 4564 „Quot

320 4567 382 4615 libro
401 4566 434 4615 lle
453 4568 550 4618 ieiuniis
569 4584 620 4633 cap.
633 4569 655 4619 l.
673 4570 722 4630 tir.
737 4568 837 4627 lunius.)
931 4571 987 4619 item
1006 4571 1047 4633 qni
1065 4584 1185 4620 consensu
1204 4568 1257 4633 pari
1284 4569 1347 4618 inter
1364 4583 1393 4620 se
1412 4571 1499 4620 matri·

352 4633 376 4682 d.
407 4634 553 4697 adpendices
582 4636 652 4686 huius
680 4637 753 4687 olllcii
780 4630 880 4701 sordes}
931 4639 1005 4686 monii
1025 4636 1131 4687 debitum
1157 4635 1253 4695 tollunt,
1277 4636 1344 4686 salso
1369 4638 1500 4689 matrimo-

318 4700 380 4750 tlibi
398 4701 457 4750 dixtt
474 4704 619 4760 „horrorem
638 4703 725 4752 cineris
744 4712 768 4753 et
785 4703 879 4766 asperi·
931 4699 1022 4764 nio?“,
1044 4707 1102 4755 item
1127 4704 1160 4753 lie
1177 4702 1274 4753 Veland.
1293 4704 1355 4767 virg.
1382 4719 1438 4770 cap.
1452 4705 1501 4759 ld:

317 4767 424 4816 tudinem
443 4770 534 4818 sacci.“
560 4771 652 4828 Quibus
670 4773 742 4820 ctiam
760 4770 880 4820 addebant
930 4770 1002 4832 „Sine
1021 4772 1061 4835 qui
1071 4786 1098 4820 ex
1111 4786 1230 4822 consensu
1243 4771 1418 4824 contumeliam
1428 4787 1502 4825 com·

319 4834 378 4883 haec
401 4834 541 4900 lucilliana,
567 4836 682 4899 illuviem,
711 4836 879 4900 tmnatnttten,
931 4851 1027 4889 munem
1046 4838 1094 4890 iam
1111 4837 1310 4891 recurreram*
