3242 5775
306 1553 578 1667 INDEX
623 1554 935 1671 RERUM.

505 1807 747 1817 ..ψ

297 1994 331 2054 Α.

190 2111 274 2173 cipalis
288 2112 403 2160 sacerdos
423 2113 456 2162 lle
466 2113 560 2176 llouog.
572 2114 595 2164 6.

189 2181 240 2226 eius
260 2194 312 2227 cum
332 2180 425 2228 adirent
437 2181 465 2229 ad
477 2190 596 2242 sanetum,

202 2254 259 2294 suut
277 2248 450 2309 potererinum
460 2249 596 2299 Adultera.

187 2417 193 2438 ‚
213 2388 235 2428 et
254 2381 319 2428 iubet
336 2380 433 2429 inaures
453 2382 596 2433 laminarum

187 2448 209 2496 in
230 2448 308 2508 ignem
328 2449 433 2498 coulerri
452 2451 537 2514 Scorp.
549 2449 572 2499 3.

187 2516 261 2572 idcio,
281 2530 342 2578 quae
361 2517 477 2565 offerebat
495 2518 519 2565 iu
537 2518 597 2566 eim-

187 2583 597 2645 cordis,deusaccepitddr.lud.2.

187 2664 195 2696 a
222 2651 254 2698 ld
274 2650 335 2698 Natt.
355 2651 384 2709 ΙΙ,
398 2651 435 2698 ΙΙ.

188 2717 212 2764 iil
232 2717 296 2765 aliud
316 2718 360 2765 nisi
380 2720 489 2766 amittere
500 2719 522 2767 id
533 2720 598 2782 quod

188 2800 199 2831 s
218 2793 392 2834 consecuturus
411 2787 431 2833 si
450 2801 499 2835 nou
517 2787 598 2837 abice-

188 2852 217 2900 lv.
230 2852 301 2901 liare.
314 2853 331 2910 Ι,
340 2851 380 2901 2'l.

187 2934 229 2977 iro,
253 2929 278 2967 ut
296 2921 374 2969 anima
393 2921 541 2969 emaculetur
564 2921 599 2970 Ile

189 2988 225 3034 lu.
245 2986 286 3034 25.

192 3055 248 3103 edes
260 3054 400 3115 augelorum
414 3055 468 3104 lauit
477 3055 511 3104 Ile
522 3057 599 3106 Carne

210 3188 315 3250 priorem
350 3191 498 3239 constituunt
528 3206 599 3255 quam

205 3256 260 3302 dclv.
280 3255 350 3304 itare.
370 3257 440 3314 tiu.

187 3325 265 3370 iussus
285 3323 411 3372 immolare
424 3325 457 3372 lle
469 3325 568 3374 Patieut.
575 3325 598 3373 6.

187 3399 208 3438 te
235 3392 326 3452 placuit
351 3406 422 3453 quam
441 3393 600 3441 circumcide·

187 3463 212 3505 ir.
231 3453 282 3505 lud.
298 3457 322 3506 3.

188 3533 240 3583 ater,
268 3532 291 3572 et
314 3525 406 3574 diuinae
432 3526 602 3576 familiaritatis

187 3595 274 3640 lesurr.
294 3593 364 3641 Caru.
387 3591 425 3641 18.

205 3674 280 3721 aquae
300 3660 345 3708 nisi
375 3661 430 3707 [idei
449 3669 600 3709 sacramento

187 3728 226 3775 :uit
245 3727 278 3773 lle
296 3727 363 3789 Bapt.
384 3726 423 3775 13.

188 3794 251 3841 sue
270 3794 363 3854 llonog.
383 3793 407 3842 6.

187 3862 232 3909 idei
252 3862 274 3908 in
291 3862 371 3909 uxoris
382 3875 440 3908 suae
453 3861 535 3922 specie
545 3876 601 3923 per-

187 3943 292 3988 morem,
318 3937 341 3976 et
359 3943 469 3976 sororem
490 3930 602 3977 mentitus

188 3996 279 4043 alutem
299 3996 444 4044 contumatia
457 3996 559 4045 redemit
568 3996 602 4045 Ile

187 4065 253 4111 emin.
273 4063 304 4122 ΙΙ,
315 4062 338 4110 2.

202 4132 240 4179 dci
259 4145 307 4178 non
327 4130 422 4178 aliunde
439 4131 515 4178 iustus
527 4128 603 4191 depu-

187 4200 202 4246 ii
221 4198 251 4245 de
269 4199 387 4260 aequitate
406 4206 429 4246 et
445 4198 533 4245 iustitia
545 4197 605 4257 legis

187 4264 267 4313 radi.
288 4266 338 4313 lud.
358 4264 382 4312 2.

195 4334 318 4380 nationum
353 4332 516 4394 repromissus
548 4331 605 4380 adr.

187 4481 253 4514 emen
274 4466 383 4514 Christus
408 4465 442 4513 llo
461 4465 559 4514 Patient.
580 4464 604 4513 6.

204 4534 356 4582 benedictum
375 4535 399 4581 iu
418 4547 503 4582 omnes
522 4540 605 4594 gentes

187 4669 236 4717 lde.
256 4668 326 4717 llarc.
345 4669 382 4726 tv,
395 4666 436 4715 34.

187 4752 208 4784 rs
237 4738 348 4799 apparuit
367 4737 428 4783 inter
447 4733 514 4797 ipsos
533 4747 607 4794 auge-

187 4805 265 4853 Carne
284 4805 340 4853 Chr.
359 4803 383 4852 6.

189 4902 237 4933 taur
250 4903 301 4934 ora.
316 4903 352 4933 au.
371 4900 470 4932 onutau.
495 4887 557 4930 Tom.
567 4886 595 4929 ΙΙ.

648 1980 675 2030 ln
693 1980 813 2030 dbralram
833 1983 910 2045 tppiea
928 1983 985 2035 fldei
1012 1990 1154 2040 coniectatio
1178 1990 1214 2044 lle

683 2047 783 2097 Patiout
803 2046 827 2098 6.

648 2116 758 2164 abraxan
782 2114 901 2166 Basiliden
928 2118 986 2169 dixit
1010 2135 1065 2171 esee
1088 2137 1211 2175 summum

683 2183 754 2232 deam
772 2184 828 2232 ddr.
848 2183 919 2233 Omra.
938 2186 1010 2237 llaer.
1030 2188 1053 2240 1.

648 2248 776 2299 dissolutio
794 2250 881 2300 mortis
898 2252 919 2301 ai
931 2260 977 2312 eet,
996 2255 1118 2317 quomodo
1130 2256 1213 2308 abeol-

683 2324 748 2365 reret
777 2331 790 2365 a
816 2326 893 2367 morte
918 2320 959 2383 qni
984 2335 1033 2369 non
1058 2323 1160 2374 devinxit
1183 2326 1214 2376 ed

683 2380 809 2433 mortem?
826 2385 881 2434 lde.
899 2386 972 2437 idere.
989 2388 1009 2448 Ι,
1019 2387 1059 2438 28.

648 2450 798 2501 Abstinentie
816 2453 921 2503 nubendi
940 2454 964 2503 in
982 2455 1097 2507 facultate
1108 2455 1215 2509 dinosci-

684 2526 722 2567 tur
740 2518 795 2568 lde.
814 2518 885 2570 ldarc.
905 2520 925 2577 Ι,
935 2520 978 2571 ³0.

649 2585 814 2634 Abstinentiae
833 2588 999 2637 testimonium
1018 2598 1093 2651 vacet,
1111 2606 1166 2642 cunt
1184 2591 1215 2642 li·

684 2653 762 2702 ceutia
781 2651 883 2716 eripitur
899 2653 955 2703 ddr.
971 2655 1042 2705 llere.
1063 2658 1082 2718 l,
1093 2656 1134 2709 30.

649 2721 705 2769 Acci
725 2719 807 2769 Patina
825 2720 881 2770 lde.
899 2720 991 2772 Valent
1011 2722 1052 2772 12.

650 2788 769 2904 Accidelnls
808 2793 835 2836 et
875 2789 1008 2840 accidentia
1050 2790 1107 2841 tda.
1143 2791 1215 2843 llere.

651 2922 732 2973 Achab
761 2935 803 2972 rex
827 2922 920 2971 reniam
944 2923 1033 2973 meruit
1056 2926 1217 2989 paenitentiae

686 2991 784 3039 nomine
802 2988 858 3039 adv.
878 2989 950 3038 liare.
969 2991 1058 3049 1t‚1tt.

653 3083 683 3093 -
703 3057 845 3118 sauguinem
854 3057 980 3108 Nabothae
990 3058 1163 3123 deprecatione
1174 3061 1217 3111 de·

686 3123 742 3173 levit
759 3123 794 3172 De
812 3123 895 3173 Pudie.
914 3123 938 3172 6.

651 3191 785 3240 Achamoth
804 3190 1025 3240 Valentinianorum
1051 3193 1108 3243 ddr.
1126 3193 1217 3245 Valent.

689 3258 783 3320 llsqq.
801 3256 859 3306 Adr.
878 3256 949 3306 uma.
969 3258 1041 3307 llaer.
1059 3259 1083 3308 Ι.
1217 3314 1218 3319 ,

652 3325 728 3373 Adam
753 3338 783 3372 an
808 3325 832 3372 in
861 3324 974 3386 paradiso
999 3326 1031 3374 sit
1056 3326 1132 3376 laetos
1160 3327 1217 3378 ΙΙΙ.

687 3391 759 3440 llarc.
776 3390 806 3448 ΙΙ,
818 3390 857 3439 ΙΙΙ.
1185 3424 1188 3429 -

653 3485 685 3494 -
704 3458 734 3506 de
752 3457 862 3506 ficulneis
881 3456 948 3505 loliis
959 3456 1109 3519 pruriginem
1119 3458 1219 3509 retinuit

671 3525 722 3574 lle
742 3524 823 3573 Pudio.
842 3523 867 3572 6.

654 3592 769 3655 -perit
792 3605 837 3653 per
861 3589 1036 3653 impatientiam
1061 3590 1160 3640 alteriue
1183 3592 1218 3641 lie

688 3659 788 3708 Patieut.
808 3656 832 3705 5.

654 3753 687 3763 -
705 3724 890 3790 incircumcisus
914 3723 938 3772 iu
964 3722 1078 3786 paradiso
1106 3724 1220 3776 hahitmit

689 3792 745 3841 adv.
765 3791 817 3840 lud.
836 3789 859 3840 2.

656 3886 688 3896 -
707 3859 836 3909 coules'aua
860 3856 1026 3907 seductionem
1054 3867 1078 3907 et
1104 3874 1151 3909 uon
1176 3874 1218 3909 oc-

691 3927 778 3977 cultata
796 3925 931 3976 seductrice
950 3924 1016 3973 rudia
1034 3926 1165 3976 admodum
1175 3928 1221 3977 luit

691 3994 828 4043 haereticae
846 3992 901 4041 aar.
922 3991 993 4041 llere.
1013 3992 1044 4052 ΙΙ,
1059 3992 1083 4042 2.
1105 4022 1113 4058 t

656 4069 763 4110 -aute
788 4059 884 4123 lapsum
909 4058 1026 4108 innocens
1051 4067 1103 4110 erat
1126 4068 1150 4109 et
1173 4061 1220 4110 deo

691 4128 721 4177 de
739 4128 850 4192 proximo
874 4125 966 4174 amicus
985 4134 1009 4176 et
1025 4127 1132 4190 peradisi
1151 4129 1220 4178 colo-

692 4210 737 4244 nus
755 4193 790 4242 De
808 4192 909 4242 Patieut.
928 4191 951 4240 5.

658 4288 690 4300 -
711 4264 734 4311 in
753 4258 901 4323 ergastulum
920 4259 1167 4310 terraelaboraudae
1179 4275 1220 4312 re·

691 4329 785 4390 legatus
809 4329 833 4377 in
857 4327 911 4390 ipso
936 4340 1010 4389 opere
1034 4342 1112 4389 prono
1136 4337 1159 4377 et
1176 4330 1221 4377 de-

691 4411 748 4446 iero
767 4396 797 4445 ad
816 4403 904 4443 terram
923 4401 1065 4456 usurpatum
1082 4394 1223 4459 erillaapi-

691 4465 764 4514 ritum
782 4460 866 4511 mundi
885 4461 996 4510 universo
1014 4462 1097 4522 generi
1114 4477 1159 4511 auo
1171 4471 1222 4512 tra·

693 4532 753 4580 didit
769 4530 805 4579 lle
823 4529 923 4578 Patient.
942 4527 966 4576 5.

658 4605 765 4647 —ante
791 4596 889 4646 nomina
918 4594 1063 4645 animalibus
1093 4594 1223 4643 enuntiarit

693 4679 765 4730 quem
783 4664 814 4713 de
832 4662 919 4713 arbore
930 4662 1060 4725 decerpsit,
1079 4669 1134 4709 aute
1149 4661 1221 4708 etiam

694 4731 846 4796 prophetarit
864 4744 935 4794 quam
953 4730 1042 4779 vorarit
1070 4728 1105 4778 De
1122 4727 1220 4777 lleeurr.

694 4801 765 4850 Caru.
780 4798 823 4848 61.

997 4879 1016 4927 Ι)
