3242 5775
519 640 666 683 snmssns
689 640 863 685 nuncronnrr
886 644 943 687 nin.
959 646 991 689 n.
1059 704 1064 713 .
1297 642 1344 710 ,91

146 788 274 851 bonitas
299 790 370 851 sine
390 789 508 850 ratione
529 788 665 863 bonitas,
687 789 746 851 nisi
767 793 847 853 torte
867 811 961 872 penes
983 794 1072 857 deum
1085 797 1245 862 blareionis
1268 804 1345 867 irro-

151 890 307 952 tionaliter
333 890 467 965 bonum,
495 891 574 952 sieut
606 892 824 953 ostendimus.
874 894 1039 973 Oportebat
1066 899 1154 961 deum
1185 906 1343 981 cognosei;

153 991 270 1053 monn
298 991 358 1054 buo
387 992 490 1071 utique
521 1000 552 1054 et
579 992 732 1053 rationale.
788 995 954 1073 Oportebat
985 997 1106 1075 dignum
1135 1000 1244 1080 aliquid
1275 1024 1343 1067 esse

154 1092 237 1173 quod
264 1092 356 1155 deum
386 1100 598 1173 eognosoeret:
632 1093 703 1173 quid
733 1102 791 1155 tam
819 1095 938 1173 dignum
966 1098 1097 1177 prospici
1124 1112 1232 1179 posset
1253 1115 1341 1181 quam

150 1193 252 1273 'uago
275 1194 326 1255 dei
349 1202 383 1256 et
402 1192 590 1255 similitudo?
633 1194 671 1255 Et
697 1194 757 1255 boo
784 1195 896 1256 bonurn
926 1197 992 1259 sine
1019 1198 1109 1259 dubio
1133 1209 1163 1261 et
1183 1203 1339 1266 rationale.

151 1294 323 1375 tiprortebat
344 1295 438 1373 igitur
458 1296 617 1374 imaginem
639 1304 669 1355 et
685 1295 909 1357 similitudinem
926 1298 974 1359 dei
989 1299 1074 1360 liberi
1091 1300 1204 1363 arbitrii
1222 1312 1252 1364 et
1267 1324 1340 1366 snae

147 1395 315 1477 ”mistis
339 1396 456 1478 institui
478 1397 587 1475 inqua
610 1397 668 1457 boe
688 1397 788 1476 ipsum
811 1398 908 1476 imago
931 1407 961 1459 et
983 1400 1146 1461 similitudo
1170 1402 1218 1464 dei
1241 1404 1337 1482 depu-

149 1505 282 1567 tentnr,
306 1497 421 1559 arbitrii
442 1497 556 1560 scilieet
576 1481 699 1558 libertas
722 1508 751 1559 et
772 1506 926 1577 potestaS,
956 1499 987 1560 in
1009 1519 1095 1578 quam
1118 1521 1182 1563 rem
1205 1522 1238 1564 ea
1262 1504 1336 1565 sub·

146 1599 261 1660 stantia
285 1598 404 1659 bomini
426 1599 648 1659 accommodata
670 1608 716 1659 est
736 1618 812 1678 quse
840 1599 930 1660 buius
963 1608 1058 1661 status
1087 1611 1185 1675 esset,
1219 1589 1357 1665 alllatus

148 1699 197 1762 tet
220 1698 330 1777 ntique
352 1698 440 1760 liberi
462 1699 509 1760 ⁵et
531 1718 602 1760 suae
630 1699 798 1777 potestatis.
852 1700 910 1760 Sed
941 1710 970 1760 et
997 1700 1068 1761 alias
1099 1702 1185 1781 quale
1213 1711 1276 1765 erat
1304 1717 1337 1767 ut

145 1800 244 1861 tetius
270 1800 377 1860 muudi
399 1799 562 1880 possidens
583 1800 673 1860 bomo
701 1817 762 1860 non
789 1800 928 1879 inprimis
957 1799 1045 1861 animi
1069 1802 1116 1862 sui
1138 1804 1336 1881 possessione
1422 1861 1433 1871 .

144 1910 311 1980 mutaret,
334 1900 464 1962 aliorum
484 1900 637 1971 dominus,
667 1901 714 1961 sni
737 1899 888 1962 famulus?
931 1900 1030 1961 Habes
1052 1901 1142 1980 igitur
1164 1912 1194 1964 et
1214 1903 1335 1965 bonita-

143 2010 209 2063 tm
231 2003 286 2063 dei
308 2020 475 2081 agnoscere
490 2020 526 2062 ex
540 2000 727 2079 dignatione,
749 2001 795 2064 ⁰et
809 2002 956 2062 rationem
972 2021 1006 2062 ex
1023 2002 1231 2081 dispositione.
1266 2005 1335 2067 Sola

147 2121 228 2165 nune
250 2103 378 2164 bonitas
400 2103 558 2182 deputetur
581 2121 655 2180 quae
677 2109 789 2163 tantum
814 2102 927 2162 bomini
948 2103 1051 2181 largita
1073 2103 1128 2175 sit,
1147 2104 1191 2179 ,id
1215 2112 1263 2165 est
1284 2123 1334 2166 ar·

146 2202 230 2266 bitrii
252 2203 438 2264 libertatem.
481 2202 567 2263 Aliud
589 2201 645 2263 sibi
668 2202 744 2264 ratio
767 2203 905 2264 defendat
931 2203 962 2264 in
992 2203 1137 2264 eiusmodi
1167 2204 1333 2266 institutio-

149 2322 229 2368 nem.
264 2304 343 2365 Nam
366 2304 466 2365 bonus
488 2312 591 2364 natura
614 2304 687 2365 deus
711 2303 804 2364 solus.
839 2304 897 2376 Qui
916 2303 995 2364 enim
1011 2304 1090 2382 qnod
1107 2312 1154 2365 est
1170 2304 1235 2365 sine
1250 2304 1334 2366 initio

151 2404 255 2474 hbet,
280 2424 346 2465 non
368 2404 558 2466 institutione
579 2404 683 2465 'babet
705 2404 792 2477 illud,
816 2404 869 2465 sad
885 2415 999 2465 natura.
1033 2404 1130 2466 Homo
1146 2414 1261 2477 autem,
1284 2406 1334 2485 qui

153 2514 231 2568 ntus
255 2525 295 2567 ex
324 2505 516 2567 institutione
548 2513 611 2578 est,
642 2506 755 2566 babens
783 2505 900 2566 initium
932 2524 999 2566 eunt
1026 2505 1111 2566 initio
1140 2507 1265 2567 sortitus
1289 2516 1334 2586 est

106 2619 109 2668 t
156 2608 279 2668 &mm
296 2626 355 2686 qua
371 2615 469 2678 esset,
492 2615 579 2685 atque
594 2605 634 2666 ito
649 2625 709 2666 non
727 2616 828 2667 natura
846 2606 876 2667 iu
891 2606 1003 2668 bouum
1019 2606 1183 2685 dispositus
1200 2614 1255 2678 est,
1278 2607 1332 2669 sed

156 2705 355 2781 institutione,
377 2725 439 2767 non
456 2725 543 2767 suum
559 2705 670 2767 babens
686 2705 783 2767 bonus
798 2727 874 2781 esse,
897 2707 1040 2786 quianon
1056 2716 1159 2768 natura
1176 2706 1206 2769 in
1222 2708 1333 2770 bonum

157 2808 320 2888 (moritus
336 2817 393 2879 est,
410 2807 464 2868 sed
479 2806 673 2879 institutione,
690 2809 851 2869 secundum
870 2808 1071 2870 institutorem
1084 2808 1207 2881 bonum,
1222 2810 1335 2871 scilieet

158 2909 302 2971 bnnmum
312 2909 513 2971 conditorem.
535 2908 573 2969 Ut
588 2928 657 2986 ergo
674 2909 854 2970 bonomiam
870 2929 957 2971 suum
972 2909 1095 2971 baberet
1109 2911 1211 2980 bomo,
1228 2930 1330 2971 eman·

159 3011 282 3090 ripatum
299 3011 358 3072 sibi
375 3011 473 3080 adeo,
485 3018 515 3070 et
530 3010 614 3069 lieret
626 3010 793 3087 proprietas
806 3011 863 3071 iam
878 3010 948 3071 boni
964 3011 995 3071 in
1010 3011 1130 3072 bomine
1142 3020 1172 3071 et
1186 3011 1331 3089 quodom-

159 3113 245 3173 nodo
257 3121 375 3182 natura,
399 3111 437 3171 de
453 3109 640 3171 institutione
656 3110 803 3189 adscripta
821 3120 866 3172 est
879 3104 929 3171 'itti
953 3111 1038 3189 quasi
1054 3111 1213 3190 ⁸libripens
1230 3131 1332 3173 eman·

162 3213 241 3291 dpati
258 3232 275 3272 a
291 3214 350 3272 deo
367 3211 459 3272 bonit
481 3211 604 3272 libertas
620 3218 649 3271 et
663 3219 797 3289 potestas
813 3210 943 3284 arbitrii,
967 3223 1041 3290 quae
1065 3213 1197 3273 efficeret
1211 3213 1332 3284 bonum,

165 3313 376 3393 etproprium,
398 3312 457 3372 iam
481 3319 591 3390 sponte
611 3311 756 3390 praestari
772 3311 807 3371 ab
824 3312 961 3383 bomine,
984 3312 1125 3390 quoniam
1142 3322 1171 3372 et
1186 3310 1244 3371 hoc
1258 3313 1333 3372 ratio

165 3412 297 3475 bonitatis
320 3413 453 3492 exigeret
473 3412 639 3473 voluntarie
655 3412 850 3482 exercendae,
873 3431 907 3470 ex
931 3411 1065 3470 libertate
1085 3410 1197 3469 seilicet
1211 3411 1335 3484 arbitrii,

168 3512 235 3574 'aon
256 3518 374 3576 latente
395 3513 595 3583 institutioni,
618 3531 678 3572 non
701 3512 866 3582 serviente,
890 3519 922 3570 ut
940 3508 983 3570 ita
1005 3509 1123 3570 demum
1146 3508 1242 3569 bonus
1261 3526 1333 3569 oon·

170 3614 277 3675 isteret
298 3615 408 3686 bomo,
432 3615 458 3675 si
481 3612 645 3674 seeundum
668 3612 883 3672 iustitutionem
906 3610 1041 3688 quidem,
1067 3609 1121 3670 sed
1144 3609 1207 3669 ¹⁰ex
1228 3609 1334 3669 volun-

172 3720 234 3787 Ue,
253 3717 313 3776 iam
336 3715 435 3775 bonus
457 3714 658 3785 inveniretur,
682 3713 767 3791 quasi
790 3712 826 3771 de
848 3710 1032 3789 proprietate
1048 3719 1186 3795 naturae,
1210 3710 1335 3788 proinde

175 3813 222 3877 ²¹!
239 3826 270 3877 et
291 3827 395 3878 annua
418 3815 526 3876 malum
549 3817 628 3887 (num
652 3821 682 3873 et
701 3813 772 3873 illud
786 3813 889 3891 ntique
904 3812 978 3872 deus
993 3810 1179 3891 providebat)
1203 3810 1335 3871 ¹²sortior

175 3912 250 3977 bno
270 3917 505 3994 praetenderet·,
528 3915 606 3976 liber
628 3914 740 3975 scilieet
761 3922 791 3974 et
814 3931 885 3973 suae
901 3911 1074 3989 potestatis,
1096 3911 1163 3989 quia
1181 3912 1207 3972 si
1222 3909 1334 3971 ¹³nare-

176 4025 214 4075 ret
230 4017 287 4077 bae
306 4017 387 4088 iure,
408 4027 442 4079 ut
462 4018 575 4078 bonum
598 4033 718 4094 quoque
740 4031 800 4073 nou
823 4013 971 4073 voluntate
988 4011 1008 4043 ¹⁴
1017 4012 1128 4083 obiret,
1151 4011 1204 4071 sed
1227 4029 1335 4071 neees-

177 4130 680 4199 tame--qmteeratomttt
728 4132 909 4183 u.etom.ts.
953 4130 977 4180 t.
996 4130 1067 4179 babet
1086 4131 1144 4179 illud
1163 4132 1229 4180 obed.
1265 4129 1336 4178 babet

179 4199 250 4249 Μ.
283 4204 493 4260 est,bsbet.illod
514 4205 537 4253 l'.
580 4202 604 4253 8.
624 4202 679 4250 libri
698 4198 986 4263 petissemsncipatidll.
1022 4198 1153 4261 libripense
1172 4196 1337 4259 mancipatis).

180 4263 201 4313 1.
215 4282 257 4315 un
274 4271 365 4318 terente
383 4272 523 4319 institutioni
542 4273 575 4330 d„
597 4271 709 4318 Latinius.
751 4283 797 4316 non
818 4268 910 4315 [arente
929 4265 1085 4313 institutionis
1103 4265 1207 4314 tutore.
1244 4264 1336 4311 larente

182 4336 307 4385 mat
324 4338 386 4386 fals.
398 4339 502 4387 Ursinus.
558 4337 597 4386 10.
616 4345 639 4385 et
655 4336 699 4385 Ab.
747 4335 785 4383 11.
805 4334 945 4383 oronte.
994 4331 1033 4380 rt.
1051 4341 1077 4380 ot
1094 4332 1181 4380 [ortior
1198 4330 1259 4380 Aac.
1297 4328 1336 4378 13.

184 4406 301 4451 md.
334 4407 552 4467 ceperetllldobe.
607 4403 646 4452 14.
666 4402 743 4450 abiret
760 4401 822 4451 ABG.
987 4422 990 4429 ·

211 4500 313 4564 1411
336 4519 358 4552 a.
375 4506 436 4554 sient
452 4501 625 4569 ostendimus]
645 4505 724 4567 Supra
776 4516 823 4564 que
842 4500 1000 4549 adhibebatur
1018 4499 1134 4562 libripens
1161 4497 1229 4559 qnasi
1248 4494 1338 4546 arbiter

187 4565 244 4615 U
263 4569 362 4632 nors.
777 4568 1100 4631 mancipationislllignltl
1141 4564 1177 4613 Cl.
1196 4564 1253 4612 Rein
1278 4576 1297 4610 s.
1317 4578 1337 4614 r·

214 4634 234 4681 b.
251 4638 314 4697 qnasi
339 4638 451 4701 libripens
475 4640 619 4702 emancipati
647 4636 724 4685 adeo
776 4637 915 4699 Mandpotio
940 4636 965 4684 in
983 4635 1055 4696 l’sulp
1074 4631 1202 4695 Euryclop.
1226 4637 1284 4679 tom.
1301 4629 1337 4678 lll.

106 4705 109 4731 '¹
192 4695 401 4763 Mlbbabenatio
421 4721 497 4754 rerum
522 4706 637 4769 mancipi,
664 4718 726 4766 qnae
777 4718 801 4766 p.
816 4701 879 4751 1169
895 4718 948 4765 sqq.

197 4767 268 4815 flaret
283 4770 331 4817 iare
348 4775 437 4832 optimo
454 4776 534 4824 baberi
558 4790 586 4822 ec
605 4771 725 4836 possideri
812 4784 833 4817 c.
853 4764 1032 4832 praetenderet]
1051 4766 1075 4815 t.
1094 4765 1184 4814 ednott.
1204 4762 1233 4810 ed
1248 4759 1357 4825 [lellus

201 4841 310 4896 mli
326 4839 396 4888 fiebat
413 4855 454 4903 per
471 4857 510 4891 aes
521 4850 546 4892 et
557 4842 653 4891 libram.
677 4839 726 4889 lts·
778 4836 824 4886 die.
844 4852 895 4901 esp.
908 4836 947 4886 l'l.
