3242 5775
529 645 675 689 aoranaua
696 645 940 692 rananmnuuoa.
1254 630 1317 700 407

153 796 239 875 genia
271 803 435 870 testantur,
472 814 525 858 cur
551 795 609 858 sibi
637 814 755 877 quoque
784 795 841 861 ista
868 798 965 862 uoluit
995 817 1062 861 esse
1092 808 1179 873 nota,
1215 811 1320 882 postea

153 915 304 978 quaeram.
618 924 622 931 ·

238 998 359 1061 interim
382 998 541 1062 tenendum
563 999 703 1081 Sopbiam
724 1000 927 1080 cognominari
948 1009 980 1063 et
1001 1001 1123 1065 'l'erram
1136 1003 1320 1089 etllatrem,
1339 1028 1453 1085 capsur.

154 1101 239 1181 quasi
260 1102 383 1163 llatrem
405 1100 543 1175 Terram,
567 1108 597 1162 et
618 1101 697 1182 qrrod
719 1102 812 1182 magis
832 1103 948 1177 rideas,
969 1102 1056 1166 etiam
1078 1104 1220 1184 Spiritum
1241 1104 1319 1168 San·

153 1213 243 1266 ctum
286 1203 329 1265 lta
351 1221 470 1266 omnem
491 1202 533 1264 illi
555 1202 701 1266 bonorem
723 1204 909 1267 conmanunt
929 1204 1071 1277 laminae,
1102 1214 1176 1286 puto
1197 1215 1229 1270 et
1246 1206 1319 1271 bar·

151 1305 238 1379 bam,
259 1324 298 1367 ne
320 1306 443 1367 dixerim
467 1313 573 1367 cetera.
609 1304 746 1385 Alioquin
760 1305 936 1385 Demiurgus
959 1306 1033 1369 adeo
1054 1325 1154 1370 rerum
1177 1326 1237 1372 nou
1257 1318 1322 1374 erat

152 1426 297 1488 compos,
326 1407 378 1469 ¹de
399 1405 574 1469 animalibus
597 1406 710 1468 scilicet
730 1425 822 1469 censu
843 1407 1043 1471 invalitudinis
1070 1408 1214 1489 spiritalia
1233 1428 1320 1474 aooe·

152 1510 253 1582 dere·,
281 1518 315 1570 ut
336 1527 369 1569 se
392 1507 489 1570 solum
511 1517 592 1569 ratus
615 1508 852 1581 contionaretur,
879 1508 942 1588 Ego
964 1509 1054 1585 darie,
1082 1510 1245 1592 arabsque
1265 1528 1457 1581 metamus.

152 1629 214 1672 non
237 1618 293 1672 est.
331 1610 418 1672 Certe
439 1618 537 1671 tarum
559 1628 620 1671 non
642 1610 737 1672 luisse
757 1628 792 1672 ee
812 1618 893 1672 retro
917 1609 1037 1673 sciebat
1074 1610 1153 1691 lirgo
1167 1621 1198 1676 et
1211 1612 1320 1676 laetum

152 1712 342 1792 intellegebat
363 1721 392 1773 et
412 1710 625 1773 'factitatorem
647 1711 713 1773 laeti
736 1730 805 1774 esse
827 1730 1041 1791 quameunque.
1075 1712 1233 1786 Quomodo
1248 1731 1319 1793 erge

153 1815 239 1877 solus
261 1814 318 1877 sibi
340 1812 507 1885 ridebatur,
530 1813 586 1875 etsi
608 1831 670 1874 nou
693 1823 809 1887 sertus,
831 1811 945 1875 ³saltim
967 1815 1146 1892 suspectusb
1167 1814 1205 1877 de
1220 1814 1318 1896 ιΙὶιιιιιι

152 1914 362 1979 ‘metitatorei
1371 1960 1375 1965 ‚

238 2017 434 2080 Tolerabilior
454 2016 572 2079 infamia
595 2024 642 2077 est
662 2016 740 2094 apud
761 2015 828 2078 illos
845 2015 876 2077 in
891 2015 1055 2090 diabolum,
1077 2016 1124 2077 rel
1143 2018 1212 2097 quia
1232 2017 1315 2097 origo
1333 2043 1458 2101 capua,

153 2120 305 2182 sordidior
326 2119 429 2197 capit·.
473 2118 516 2178 Er
538 2117 667 2196 nequitia
690 2116 769 2178 enim
791 2117 935 2180 maeroris
957 2117 1055 2179 illiusl
1076 2118 1250 2199 deputatur,
1283 2138 1319 2182 er
1417 2189 1419 2194 ,

152 2242 207 2303 qua
242 2219 413 2300 angelorum
442 2229 472 2280 et
504 2220 680 2281 daemonnm
709 2207 740 2281 et
766 2219 897 2280 omnium
926 2218 1102 2298 spiritalium
1130 2220 1319 2283 'malidun-

152 2325 304 2405 genituras
326 2330 438 2383 neunt.
480 2321 519 2382 Et
539 2329 636 2382 tamen
658 2319 806 2383 diabolum
828 2338 946 2400 quoque
968 2337 1043 2399 opus
1061 2319 1215 2400 Demiurgi
1235 2321 1317 2383 affir-

153 2435 251 2499 mant,
280 2434 310 2486 et
332 2423 599 2485 Munditenenteme
619 2421 777 2506 appellant¹
793 2432 824 2484 et
850 2420 1037 2513 superiorum
1064 2420 1157 2501 magis
1178 2421 1318 2501 'gnarum
1331 2440 1466 2495 opuntia

153 2529 331 2595 detendunt,
365 2532 397 2586 ut
418 2524 580 2604 spiritalem
602 2533 719 2596 natura,
751 2541 839 2603 quana
859 2522 1067 2603 Demiurgum,
1099 2533 1134 2586 ut
1152 2523 1318 2587 animalem.

153 2632 283 2692 iteretur
302 2627 339 2689 ab
362 2626 419 2706 illis
442 2626 652 2707 praelationem
675 2625 721 2687 oui
744 2644 848 2687 omnes
869 2626 1010 2687 haereses
1032 2624 1255 2705 ’pmenrsntun

238 2729 436 2810 Singularium
459 2738 555 2790 autem
578 2735 757 2808 potestatum
779 2745 862 2789 arces
884 2727 932 2789 hia
954 2725 1062 2789 linibus
1085 2726 1239 2790 oolloeant.
1285 2727 1381 2809 lncap,
1394 2751 1468 2797 xxm,

153 2833 277 2896 summis
300 2830 518 2893 summitatibus
543 2829 709 2910 ¹praesidet
722 2829 897 2891 tricenarius
911 2828 1063 2902 Pleroma,
1086 2828 1169 2892 lloro
1184 2830 1320 2910 signante

154 2938 258 2998 lineam
283 2943 452 2996 extremam.
505 2933 632 2993 inferius
660 2932 740 2993 illum
768 2941 911 2994 metatur·
939 2932 1125 2993 medietatem
1147 2931 1317 3002 behemoth,

155 3039 243 3100 tilium
267 3036 391 3098 calcans.
436 3034 546 3096 Subest
568 3034 645 3095 enim
669 3033 843 3112 Demiurgus
865 3034 895 3095 in
915 3033 1108 3109 Hebdomade
1131 3052 1200 3108 sua,
1226 3035 1318 3113 magis

155 3140 305 3211 diabolus,
328 3140 359 3198 in
381 3138 438 3197 isto
461 3135 615 3196 nobiseum
638 3135 804 3196 'communi
819 3135 946 3208 mundo,
969 3135 1182 3197 coelementato
1200 3145 1317 3198 etenn-

156 3241 377 3323 eorporificato,
401 3247 432 3299 ut
455 3256 545 3316 supra
567 3237 694 3298 ³editum
717 3244 777 3311 est,
801 3255 836 3298 ex
853 3236 979 3317 Sophiae
1001 3236 1167 3298 utilissimis
1189 3237 1317 3306 ausibus,

219 3430 279 3492 Cap.
299 3429 356 3479 xxi.
406 3428 426 3476 i.
451 3427 480 3475 de
505 3427 600 3475 animali
624 3427 716 3478 scilieet
741 3441 814 3475 censu
839 3424 955 3474 invalidas
980 3424 1065 3473 Fronto
1084 3422 1187 3472 busaeus
1211 3423 1242 3472 od
1259 3423 1316 3471 iren.

158 3497 261 3557 tuto.
314 3496 338 3545 2.
358 3496 490 3545 institorem
509 3495 571 3553 Atili.
624 3493 646 3542 3.
667 3494 751 3543 saltem
771 3495 807 3543 cd.
860 3491 883 3540 4.
903 3491 1070 3541 iactitoraAB.

219 3564 366 3629 capitit.
415 3564 437 3612 1.
456 3563 559 3612 malitiae
578 3579 596 3611 c.
634 3563 769 3610 militarium
791 3560 814 3609 G.
867 3559 890 3609 2.
909 3572 1049 3621 generorum
1069 3557 1093 3606 D.
1134 3559 1316 3619 generaruml.

159 3648 279 3693 martirem
298 3633 478 3682 Hildelrendue.
530 3629 553 3679 3.
574 3638 703 3692 procurant
721 3631 764 3679 ios.
778 3629 889 3690 Scaliger.

219 3700 278 3765 Cep.
298 3700 377 3750 xxttt.
417 3699 438 3747 t.
457 3699 594 3762 praesident
611 3697 691 3757 (nidd.
743 3695 766 3744 2.
785 3693 972 3744 conuenitADC.
1024 3693 1048 3742 3.
1067 3693 1156 3742 dictum
1172 3692 1216 3743 AB.

188 3872 244 3936 Csp.
264 3871 321 3920 nl.
350 3885 370 3917 a.
389 3868 505 3931 spiritalia
520 3861 646 3930 accedere]
664 3866 710 3914 Su·
761 3879 816 3913 eum
834 3864 972 3912 existentem
991 3863 1097 3926 perscire
1115 3876 1176 3927 quae
1192 3870 1248 3912 sunt
1265 3863 1316 3927 spi-

160 3953 194 4000 pra
219 3941 307 3989 notarit
331 3938 475 3987 horrendam
495 3935 711 3984 Valentinianorum
761 3932 866 3982 ritalie.“
884 3931 989 3991 (Rigalt.)

159 4006 337 4072 blasphemiam,
355 4005 419 4069 quod
435 4005 586 4064 Demiurgum
606 4002 713 4050 dicerent
796 4001 818 4048 b.
842 3996 980 4062 suspectus}
1012 3997 1038 4048 ld
1063 4006 1099 4047 est
1127 3999 1151 4048 iu
1177 3998 1316 4062 suspicione

160 4076 262 4125 animalis
281 4088 337 4124 esse
355 4074 510 4121 substantiae,
554 4072 621 4119 Nunc
640 4069 711 4131 igitur
761 4083 834 4130 agens
853 4083 895 4116 sen
913 4080 1020 4126 versans,
1044 4068 1116 4115 aetina
1135 4065 1315 4128 siguilieafione,

160 4143 229 4193 tunae
246 4143 380 4192 sententias
399 4141 494 4189 illorum
514 4139 595 4187 ridens
613 4140 644 4186 ait
663 4137 710 4185 De·
762 4145 786 4186 ut
803 4136 904 4199 spotcg.
923 4149 975 4198 cap.
985 4132 1024 4182 21.
1043 4133 1204 4192 (inluniae.)

160 4213 270 4274 niurgunr
290 4212 319 4258 ab
332 4225 359 4258 ea
371 4207 618 4264 substantiaanimali,
637 4220 709 4255 censu
795 4202 932 4267 capitu.
962 4217 981 4251 a.
1002 4196 1085 4266 capit]
1102 4196 1222 4265 Δέχεται,
1242 4216 1314 4265 capsa

158 4279 319 4330 invaletudinis
345 4277 447 4326 traxisse
478 4275 566 4338 aliquid
600 4272 710 4333 invalidi;
761 4281 805 4331 est,
824 4271 935 4320 nimirum
954 4269 1073 4318 infamiae.
1090 4269 1248 4328 (inluniae.)
1282 4270 1315 4320 De

157 4348 226 4398 trisse
244 4357 323 4396 autem
342 4345 524 4393 invaletudinem
535 4343 649 4392 accedere
659 4341 711 4403 spi·
761 4338 917 4404 impersonali
936 4340 995 4401 rapit
1012 4338 1043 4387 el.
1062 4337 1152 4387 aduott.
1170 4337 1199 4387 ad
1210 4338 1242 4386 De
1252 4337 1315 4400 Fuga

156 4416 237 4474 ritulis,
257 4416 304 4464 boe
322 4422 359 4462 est
377 4427 430 4461 ease
443 4420 570 4475 propterea
584 4409 710 4459 inualidum
761 4409 784 4458 in
803 4409 924 4458 Persecut
943 4420 995 4468 cap.
1008 4405 1039 4466 l.,
1057 4405 1155 4469 tpolog.
1175 4405 1282 4469 eapti.

155 4485 265 4534 secedere
284 4482 411 4546 spiritalia,
429 4477 710 4542 adspicitaliaaeeedere
795 4478 818 4524 b.
838 4470 914 4536 iliius!
933 4474 1071 4524 Achamoth.

153 4552 306 4607 nuvalare,
325 4564 372 4599 non
391 4562 471 4612 posse,
498 4546 611 4596 irenaeus
621 4547 711 4596 Graece
795 4559 816 4594 e.
834 4537 1046 4606 Munditenentem]
1073 4541 1201 4591 irenaeus:
1227 4539 1316 4600 „Kse-

154 4620 221 4671 lisit:
253 4611 320 4678 ,deda
338 4614 420 4664 τοῦτο
438 4607 609 4678 ἀτονώτερον
626 4603 712 4660 oedrdr
760 4602 947 4677 pexpdrepuf‘

152 4679 311 4753 ὑπάρχοντα
334 4677 402 4750 πρὸς
427 4677 456 4731 τὸ
480 4675 624 4746 γινώσκειν
649 4675 711 4727 τίνα
795 4679 853 4743 Cep.
871 4677 951 4726 lllllll.
987 4691 1008 4726 a.
1027 4671 1140 4742 metatur]
1158 4675 1208 4725 ttae
1225 4683 1262 4723 ast
1279 4683 1315 4720 te-

150 4745 348 4821 usespeasriseui.“
393 4753 423 4801 Er
449 4754 535 4815 quibus
554 4749 711 4798 Latino-Dar·
762 4745 920 4805 net,babitat.
937 4745 996 4796 Nam
1008 4741 1316 4796 uetuissetdaarieilium,

151 4826 206 4875 bsrs
226 4825 264 4873 sie
283 4822 383 4883 legenda
401 4821 535 4868 rideantur:
554 4819 601 4877 „Et
613 4825 712 4881 propter
761 4814 880 4864 interdum
892 4813 1057 4871 diversorium,
1072 4812 1211 4875 hospitium,
1228 4808 1315 4870 dequo

148 4894 194 4943 boe
212 4891 377 4941 subteriorem
390 4888 454 4949 (libri
467 4887 555 4937 habent
564 4883 712 4950 superiorem)
763 4888 900 4932 annotatum
911 4890 947 4932 est
958 4882 987 4931 ad
999 4881 1031 4930 De
1042 4879 1116 4930 Pallio
1128 4875 1210 4942 euple
1225 4873 1317 4940 peto.
