3242 5775
651 655 689 698 ne
710 654 811 699 mini.
988 597 993 603 .
1253 644 1315 709 635

141 821 211 875 sus,
234 802 264 863 id
288 802 391 863 estad
413 802 567 864 'ordinem
590 806 711 879 mortis,
734 804 802 885 quia
818 822 874 866 nec
888 804 984 884 ipsam
1002 805 1068 867 sinc
1083 808 1318 886 quaestionibus,

139 903 209 964 licet
236 903 325 963 linem
355 888 487 964 omnium
516 906 733 983 quaestionum.
783 906 901 968 Publica
931 908 1023 968 totius
1052 908 1168 986 generis
1196 910 1318 972 humani

140 1003 288 1066 sententia
311 1013 438 1065 mortem
460 1014 581 1066 naturae
603 1006 733 1068 debitum
754 1009 992 1085 pronuntiamus.
1024 1008 1090 1069 Hoc
1111 1000 1258 1089 stipulata
1271 1021 1456 1079 estnonmu.

139 1106 188 1167 dei
212 1124 284 1178 von,
307 1105 366 1166 boc
388 1107 550 1184 spopondit
572 1124 660 1167 omne
682 1107 761 1185 qnod
784 1109 933 1181 nascitur3
956 1117 989 1169 ut
1009 1109 1066 1170 iam
1083 1110 1153 1171 binc
1167 1129 1228 1172 non
1243 1111 1316 1192 Epi·
1338 1161 1341 1168 .

140 1206 202 1266 curi
228 1214 335 1283 stupor
357 1207 572 1280 suffundatur·‚
602 1208 736 1286 negantis
759 1208 891 1270 debitum
914 1209 994 1270 istud
1017 1210 1052 1269 ad
1076 1228 1133 1270 nos
1155 1212 1317 1291 pertinere,

139 1306 192 1368 sed
216 1306 355 1367 baeretici
377 1307 387 1337 ·'
396 1308 490 1386 magis
505 1308 658 1369 Menandri
674 1309 851 1371 Samaritani
868 1311 969 1372 lnrorl
992 1319 1189 1389 conspuatur,
1213 1313 1316 1376 dicen-

138 1408 177 1470 tis
201 1418 329 1468 mortem
352 1409 387 1469 ad
412 1427 484 1470 suos
507 1427 566 1469 non
589 1410 679 1470 modo
694 1428 755 1471 non
770 1410 937 1489 pertinere,
960 1428 1063 1472 nerum
1079 1415 1317 1491 necpervenire.

138 1508 172 1569 ln
194 1509 254 1569 hoc
275 1509 387 1570 scilicet
409 1528 442 1570 se
464 1529 480 1570 a
503 1528 632 1588 superna
655 1519 685 1572 et
706 1529 811 1572 arcana
842 1519 990 1589 potestate
1018 1511 1163 1592 legatum,
1196 1524 1229 1578 ut
1257 1515 1315 1593 inr-

137 1613 280 1671 mortales
304 1618 333 1673 ct
355 1609 595 1690 incorruptibiles
623 1619 653 1671 et
679 1610 776 1672 statim
805 1613 1034 1698 resurrectionis
1063 1623 1217 1695 compotes
1245 1615 1319 1680 liant
1383 1620 1386 1623 ⁴

139 1711 187 1791 qui
210 1710 357 1791 baptisma
385 1711 449 1773 eius
477 1711 637 1772 induerint.
685 1710 825 1790 Legimus
853 1713 971 1792 quidem
1000 1714 1141 1793 pleraque
1164 1716 1315 1795 saquarum

139 1830 246 1891 genera
276 1812 424 1886 miranda,
455 1813 602 1873 ⁵scilicet·
633 1822 664 1874 ut
691 1813 830 1874 ebriosos
858 1814 955 1875 reddit
983 1807 1213 1894 Lyncestarum¹
1241 1835 1315 1880 rena

140 1913 259 1987 vinosa,
291 1914 342 1975 ‘ut
373 1914 567 1993 lymphaticos
597 1914 686 1975 efficit
707 1914 890 1993 Colophonis
917 1915 1085 1995 ⁷scaturigo
1114 1916 1316 1997 daemonica·,

142 2013 187 2076 'nt
210 2015 376 2076 Menandro
400 2015 505 2076 accidit
525 2013 687 2076 Nonacris¹
706 2015 847 2076 Arcadiae
870 1992 1023 2079 venenata.
1056 2017 1124 2079 Fuit
1145 2026 1176 2079 et
1190 2020 1315 2084 Iudaeae

143 2114 219 2178 lacus
242 2117 375 2177 medicus
398 2116 503 2177 ⁸¹ante
526 2117 686 2178 Christum.
741 2116 832 2178 Plane
854 2116 969 2196 Stygias
990 2117 1115 2197 paludes
1138 2126 1228 2200 poeta
1250 2129 1313 2183 tra·

143 2217 212 2279 didit
233 2227 361 2278 mortem
384 2218 541 2278 diluentes.
586 2218 645 2278 Sed
668 2226 697 2277 et
719 2218 822 2278 Thetis
845 2218 935 2279 filium
961 2218 1082 2296 planxit.
1128 2219 1313 2300 Quamquam

145 2319 164 2379 si
178 2326 209 2380 et
222 2319 383 2379 Menander
406 2318 435 2377 in
457 2318 593 2396 ”Stygem
617 2317 739 2395 mergit,
762 2318 948 2380 moriendum
972 2319 1029 2379 erit
1050 2318 1258 2390 nihilominus,
1280 2331 1314 2383 ut

146 2420 174 2479 ad
196 2420 314 2498 Stygem
338 2420 457 2492 venias3
479 2419 556 2497 apud
579 2419 692 2479 interos
716 2418 793 2479 enim
817 2418 933 2480 dicitur.
966 2420 1118 2492 Quaenam
1142 2429 1171 2482 et
1193 2421 1314 2482 ubinam

145 2516 193 2581 ista
214 2520 337 2581 felicitas
359 2539 517 2599 aquarum,
541 2538 615 2598 quas
638 2538 693 2580 nec
715 2519 870 2581 ¹⁰loannes
886 2520 1049 2599 baptizator
1064 2520 1316 2602 praeministravit

146 2636 192 2681 nec
207 2621 345 2683 Christus
367 2620 432 2699 ipse
454 2621 606 2699 discipulis
630 2620 867 2683 demonstrarit?
896 2622 983 2694 Quod
1000 2622 1058 2683 hoc
1072 2623 1225 2684 Menandri
1247 2622 1312 2684 bal-

147 2720 249 2783 neum‘?
274 2722 290 2753 ¹¹
301 2722 447 2782 comicum
470 2723 589 2782 credot.
624 2721 681 2781 Sed
699 2720 777 2782 ¹²cur
792 2732 849 2783 tarn
866 2723 1048 2801 infrequens,
1072 2732 1131 2784 mm
1155 2724 1312 2799 occultum,

148 2818 225 2902 ¹’quo
248 2823 417 2904 paucissimi
441 2821 561 2883 lavanti
602 2822 778 2903 Suspectam
800 2822 878 2883 enim
902 2824 1006 2884 laciam
1029 2832 1140 2887 tantam
1162 2826 1313 2888 raritatem

148 2924 320 2987 securissimi
354 2934 441 3003 atque
476 2924 618 2985 tutissimi
647 2925 840 2998 sacramenti,
873 2926 950 3005 apud
979 2926 1059 3006 quod
1086 2945 1142 2989 uec
1170 2945 1226 3007 pro
1255 2926 1312 2989 deo

148 3104 165 3155 3.
181 3111 288 3161 ordinem
307 3112 434 3173 lBrnanb.
477 3112 593 3173 originem
613 3113 638 3162 ll.
703 3113 727 3161 4.
746 3112 822 3173 magis
840 3114 889 3173 lb,
909 3114 974 3165 Folo.
988 3113 1093 3163 Ursinus.
1138 3115 1200 3176 magi
1218 3117 1312 3180 reliqui.

148 3173 384 3240 bacilicetuteqo.
425 3179 472 3227 Sed
493 3181 708 3229 antiibrr'omnos.
761 3180 784 3228 6.
805 3188 897 3243 uteqo.
939 3188 979 3229 aut
996 3182 1051 3230 libri
1070 3197 1154 3230 ornnes.
1213 3181 1309 3232 baca·

148 3247 226 3307 turigo
246 3247 429 3295 daemonical.
482 3245 505 3294 8.
527 3254 619 3308 uteqo.
655 3247 767 3296 autlibri
786 3263 871 3296 oannes.
925 3245 972 3295 8b.
992 3262 1062 3296 amne
1081 3247 1169 3303 Christi
1187 3248 1250 3311 qu.
1285 3248 1310 3302 9.

148 3307 221 3374 Stygen
241 3314 266 3363 B.
322 3313 359 3361 10.
379 3314 540 3363 lohannesd.
579 3315 673 3376 Ubique.
735 3314 773 3362 ll.
793 3316 911 3375 magicum
931 3317 962 3375 b.,
989 3331 1039 3364 cnm
1056 3317 1121 3364 Folo.
1136 3315 1226 3364 Ursino.
1271 3314 1310 3369 12

149 3390 198 3439 quor
214 3383 239 3433 ll.
295 3380 334 3430 ta.
354 3382 417 3445 quod
438 3382 521 3444 paucis
539 3381 686 3429 simulabant
703 3381 766 3444 Banq.

173 3515 226 3579 Cep.
245 3516 271 3565 L.
308 3531 328 3565 a.
356 3512 518 3577 suffundatur]
543 3516 579 3564 ct.
605 3514 695 3563 adnctt.
745 3515 848 3577 respicit
865 3514 977 3563 balneum
1007 3513 1089 3562 nescio
1109 3512 1172 3576 qnod
1192 3515 1311 3576 magicum

149 3581 372 3647 tdScorp.cap.10.
392 3584 425 3631 lle
441 3598 465 3631 re
478 3599 495 3630 v.
509 3598 581 3645 supro
593 3582 694 3645 capll.
746 3582 874 3631 iuventutis
892 3589 916 3629 et
933 3581 992 3629 ritae
1009 3582 1211 3643 procuratorium,
1230 3584 1253 3630 ln
1273 3584 1310 3630 le-

172 3651 193 3698 b.
210 3652 331 3701 Menandri
351 3651 494 3702 Samaritani
513 3647 592 3715 luror]
612 3649 695 3698 ulre-
746 3650 801 3699 bula
821 3650 932 3712 quopiam
959 3656 1022 3696 certe
1047 3663 1091 3696 sno
1111 3648 1214 3711 tempori
1232 3650 1310 3698 uotis·

147 3728 220 3768 uacum
238 3719 293 3768 hdr.
313 3720 383 3769 liner.
403 3718 471 3777 t,21.
492 3733 544 3766 cum
564 3720 676 3780 interprr.
745 3716 977 3766 simodecentatnm.
1008 3701 1143 3764 Probabilis
1154 3716 1239 3764 saltem
1251 3716 1311 3767 boec

172 3802 190 3835 c
207 3782 311 3852 seilicet]
335 3787 369 3835 lta
388 3787 517 3836 emendari.
555 3786 588 3833 lle
608 3786 694 3833 conlu-
747 3785 884 3834 coniectura
909 3791 959 3841 est,
990 3784 1120 3845 quominus
1146 3783 1310 3834 abstineamus

147 3851 202 3902 aione
219 3855 390 3917 particularum
402 3854 572 3903 sedetscilicet
591 3854 622 3901 cl.
634 3866 695 3916 quae
747 3852 777 3900 ab
796 3852 922 3901 Ursiniana
941 3852 1060 3914 scriptura
1078 3853 1199 3913 magicum.
1226 3852 1310 3913 Aliter,

147 3919 242 3971 dictari
261 3921 295 3970 lle
314 3923 409 3971 Corona
429 3937 481 3983 cap.
491 3922 514 3969 6.
746 3920 788 3968 sed
809 3919 997 3979 elegantissime,
1017 3927 1041 3966 ut
1053 3918 1123 3974 solet,
1138 3920 1310 3982 interpretatus

170 3990 191 4038 d.
215 3985 397 4054 Lyncestarum]
432 3990 467 4038 Cl.
496 3989 550 4037 hdr.
578 3986 694 4036 Valentio.
747 3995 784 4037 est
802 3988 862 4035 haec
885 3987 955 4035 rerba
976 3985 993 4034 l.
1011 3987 1048 4035 Fr.
1065 3987 1199 4036 Gronovius
1218 3985 1310 4036 Obser·
1336 4009 1340 4018 v

147 4068 187 4119 cap.
203 4059 240 4106 15.
747 4063 801 4104 ratt.
823 4055 845 4102 in
866 4054 928 4102 Eecl.
948 4054 1055 4116 Scrippt.
1074 4053 1163 4113 conl.
1190 4068 1214 4118 p.
1229 4053 1257 4103 ll
1271 4068 1309 4118 aq.

171 4138 188 4173 e.
213 4124 363 4188 Colophonis
391 4118 511 4184 scatu‘rigo
540 4116 693 4186 daemonica]
746 4121 850 4185 (psol.
870 4121 907 4169 ed.
927 4122 1055 4178 Frotscb.).
1074 4120 1190 4178 „Mullum
1210 4129 1246 4170 est
1264 4122 1310 4184 igi·

145 4185 372 4247 ltin.h.1t.tt,106.
391 4191 694 4253 Eoseb.Praepar.Erang.
747 4197 793 4248 tnr,
812 4190 897 4253 inquit,
917 4189 962 4237 boe
981 4187 1103 4237 Menandri
1123 4187 1245 4251 balneum,
1264 4189 1310 4238 nisi

145 4252 197 4317 ¹¹25·
222 4259 476 4308 budondelaCerda
496 4261 694 4322 citatpraetcrea
746 4257 958 4320 lortepoeticum,
982 4256 1061 4317 Stygis
1096 4256 1228 4304 erminum.
1267 4256 1310 4305 Mic

144 4320 256 4376 lrnbticb.
275 4327 305 4375 de
325 4327 449 4389 Mysteriis.
747 4325 800 4373 ioco
820 4326 894 4373 utitur
912 4316 989 4388 παρὰ
1006 4269 1180 4387 aporiatione,
1201 4330 1235 4382 nt,
1255 4336 1309 4371 oum

169 4395 184 4443 l.
201 4390 330 4458 Nonacris]
350 4396 385 4443 (ΣΙ.
394 4395 448 4442 hdr.
458 4394 573 4442 Valentin.
592 4408 643 4456 cap.
654 4393 693 4441 15.
746 4401 885 4455 expectares
899 4391 989 4454 aliquid
1000 4392 1028 4439 sd
1039 4390 1193 4439 Menandrum
1206 4389 1309 4439 baereti-

143 4466 161 4507 et
175 4477 234 4526 qnae
253 4464 285 4511 ihi
306 4464 391 4511 notari.
419 4463 573 4510 Testimoniis
586 4461 615 4509 de
628 4462 694 4508 iente
746 4475 799 4509 cum
811 4461 943 4523 pertinens,
954 4459 1038 4507 audias
1049 4459 1077 4506 de
1090 4458 1218 4507 Menandro
1229 4466 1309 4520 poeta,

142 4524 180 4578 loc
195 4530 322 4579 Menandri
341 4530 404 4590 grani
432 4530 497 4577 addit
516 4529 604 4577 Ludna.
623 4529 653 4577 da
671 4526 693 4577 la
746 4529 810 4592 quod
839 4534 918 4575 tamen
946 4526 1048 4575 eundem
1082 4526 1184 4588 explicat
1210 4537 1309 4573 sensum

141 4594 209 4647 Cerda
228 4598 386 4661 Porphyrium
407 4598 448 4645 lib.
469 4599 498 4645 de
517 4599 595 4659 Styge.
746 4610 790 4658 per
816 4596 925 4656 liguram,
952 4609 1023 4658 quem
1049 4593 1079 4642 de
1097 4593 1226 4643 Menandro
1252 4593 1308 4639 bae-

167 4681 187 4726 g.
206 4667 325 4715 cornicum
346 4661 439 4729 eredo]
459 4666 556 4713 [tetineo
576 4663 694 4725 volgatam
746 4664 821 4711 retice
840 4676 980 4724 expressum
999 4662 1143 4724 simpliciter
1159 4659 1310 4723 expectabas.

137 4734 284 4796 scripturam.
316 4733 411 4781 Minime
431 4734 526 4795 quidem
538 4731 694 4780 Menandrum
747 4730 816 4789 Quod
836 4726 928 4791 igitur?
946 4731 991 4779 uisi
1011 4731 1073 4778 iorte
1092 4723 1309 4788 onmienm;qnod

136 4802 249 4850 comicum
265 4802 384 4863 significat
402 4803 466 4860 (narn
486 4800 632 4862 inerantqui
649 4800 695 4847 boc
747 4812 834 4861 nempe
854 4798 1008 4847 Menandrum
1028 4798 1104 4854 decet,
1124 4797 1245 4845 hominem
1264 4804 1310 4842 no·

135 4870 282 4931 crederent),
309 4894 343 4904 -
372 4870 444 4918 immo
465 4869 626 4927 haereticum,
651 4866 694 4915 sed
747 4867 819 4915 minis
836 4867 883 4928 sni,
901 4873 1008 4931 poetam,
1027 4862 1214 4915 fabulatorem.“
