3242 5775
309 408 383 490 Ι686
565 439 666 491 οιιιιιι
688 438 818 505 serrium
837 435 1001 482 reonettrrs
1021 437 1214 481 renrnnnuru

162 603 302 657 .10.xn,so.
322 592 420 654 dicere
441 606 609 653 sermonem
630 606 716 668 quem
738 605 792 665 ego
814 586 929 667 loquor.
971 586 1054 650 Sicut
1073 586 1145 650 mihi
1166 595 1251 666 pater
1272 586 1364 661 dixit,
1392 585 1476 650 itaet

319 692 434 772 loquor.
466 690 545 751 Haec
564 691 712 770 quomodo
735 689 811 751 dicta
833 690 906 760 sint,
929 689 1141 768 evangelizator
1155 698 1185 750 et
1199 688 1303 768 utique
1319 697 1381 750 tam
1395 706 1475 750 carue

320 791 481 871 dipcipulus
502 791 627 853 loannes
648 790 740 869 magis
762 808 848 871 quam
869 790 995 852 Praxeas
1016 789 1182 863 ”noverat,
1204 791 1335 869 ideoque
1357 790 1423 869 ipsc
1443 789 1475 852 dt

170 905 377 968 ternisque
400 911 507 965 sensu,
528 895 601 954 Ante
622 901 719 953 autem
742 890 966 953 sollemnitatem
987 892 1128 970 paschae,
1151 891 1260 973 inquit,
1282 891 1382 953 sciens
1401 892 1476 954 lesua

319 994 417 1058 omnia
437 994 493 1055 sibi
515 992 619 1056 tradita
640 1013 656 1054 a
677 1002 759 1072 patre
781 1011 866 1065 esse,
889 1000 974 1054 etse
995 1011 1030 1054 ex
1051 992 1106 1056 deo
1128 991 1243 1066 ”esse,
1264 991 1325 1054 ”et
1340 994 1378 1056 ad
1393 992 1476 1056 deum

319 1096 433 1160 vadere.
477 1094 535 1157 Sed
557 1095 682 1156 Praxeas
705 1093 800 1172 ipsum
823 1093 883 1155 vult
903 1103 1016 1174 patrem
1045 1094 1081 1155 de
1110 1094 1269 1173 semetipso
1300 1095 1420 1167 exisse,
1451 1101 1477 1156 et

259 1187 262 1194 ’
319 1198 356 1260 ad
377 1196 567 1276 semetipsum
589 1194 704 1267 abisse,
741 1205 773 1257 ut
794 1194 927 1257 diabolus
950 1195 980 1257 in
1002 1213 1054 1257 cor
1074 1195 1163 1256 ludae
1185 1214 1245 1258 non
1267 1195 1319 1256 lilii
1342 1195 1475 1257 traditio·

319 1316 405 1371 nem,
426 1296 478 1358 sed
499 1297 596 1377 patris
612 1296 707 1377 ipsius
728 1295 886 1358 inmiserit.
920 1295 980 1358 Nec
994 1296 1111 1359 diabolo
1127 1296 1217 1369 bene,
1240 1315 1296 1357 nec
1317 1296 1475 1370 haeretico,

320 1398 387 1480 quia
409 1416 463 1460 nec
483 1397 513 1459 in
535 1397 595 1459 lilio
618 1396 698 1459 bono
721 1415 776 1459 suo
792 1396 926 1459 diabolus
942 1406 1080 1485 operatus
1095 1405 1142 1460 est
1155 1397 1354 1459 traditionem.
1382 1398 1475 1472 ,Filius

321 1498 398 1561 eninr
428 1497 552 1560 traditus
581 1507 626 1560 est
653 1498 715 1571 dei,
748 1497 797 1578 qui
826 1506 889 1559 erat
916 1498 945 1558 in
973 1498 1033 1559 lilio
1056 1498 1202 1571 hominis,
1231 1499 1309 1560 sicut
1332 1499 1476 1580 scriptura

183 1615 309 1670 tenenat.
319 1598 482 1680 subiungit:
504 1598 589 1660 Nunc
608 1598 784 1678 glorificatus
806 1608 854 1660 est
873 1597 950 1661 filius
970 1598 1115 1673 hominis,
1138 1599 1195 1661 ²⁵et
1209 1599 1282 1661 deus
1297 1599 1475 1678 glorificatus

235 1772 238 1779 ¹
320 1709 365 1764 est
385 1702 416 1763 in
438 1700 497 1762 illo.
542 1700 616 1772 Quis
638 1697 735 1761 deus?
772 1698 875 1779 Utique
897 1718 956 1760 non
978 1709 1076 1779 pater,
1099 1702 1151 1762 sed
1174 1719 1272 1763 sermo
1294 1702 1406 1780 patris,
1430 1700 1475 1783 qui

320 1812 383 1865 erat
403 1803 432 1864 in
454 1801 514 1864 lilio
537 1800 681 1871 hominis,
715 1802 743 1862 id
766 1810 812 1863 est
832 1800 862 1861 in
884 1819 995 1888 carne,
1014 1801 1045 1861 in
1072 1809 1180 1882 quaet
1206 1801 1386 1879 glorificatus
1409 1803 1474 1876 ianr,

319 1904 426 1966 virtute
447 1922 517 1964 vero
540 1912 571 1964 et
591 1920 744 1974 sermone,
767 1911 797 1964 et
817 1911 884 1964 ante
905 1900 1027 1963 ”lesus
1059 1901 1124 1964 2⁷lit
1138 1902 1227 1976 deus,
1248 1902 1360 1981 iuquit,
1383 1903 1474 1984 ²'glo-

318 2003 442 2068 rificabit
460 2003 542 2066 illum
564 2004 593 2065 in
616 2002 792 2082 semetipso,
815 2002 845 2065 id
867 2010 912 2064 est
933 2011 1016 2084 pater
1037 2003 1145 2077 libum,
1173 2003 1286 2083 ”quem
1310 2004 1341 2065 in
1365 2015 1474 2067 semet·

319 2105 384 2186 ipso
406 2106 535 2179 babens,
569 2106 625 2165 etsi
647 2112 814 2183 porrectum
836 2104 872 2165 ad
901 2114 1026 2177 terram,
1056 2124 1124 2167 mox
1150 2123 1204 2185 per
1225 2107 1475 2170 resurrectionem

320 2206 443 2270 ³¹'morte
464 2206 605 2268 devictal.

178 2330 308 2388 capmr.
402 2308 508 2369 ¹Erant
527 2307 612 2387 plane
634 2306 683 2389 qui
704 2315 734 2368 et
754 2314 825 2368 tunc
845 2325 904 2368 non
925 2305 1135 2386 intellegerent
1165 2306 1329 2382 'Quoniam
1346 2317 1377 2370 et
1392 2310 1473 2371 Tho·

190 2426 304 2477 rents.
318 2427 381 2472 mas
402 2408 578 2487 aliquamdiu
600 2407 783 2481 incredulus,
805 2406 962 2485 ’Domiue„
983 2407 1105 2488 inquit·,
1128 2427 1188 2470 non
1203 2410 1312 2471 scimus
1329 2429 1390 2492 quo
1414 2429 1473 2485 eae,

170 2518 348 2581 mnvsqet
369 2508 517 2590 quomodo
540 2508 614 2569 viam
637 2504 794 2570 novimus?
836 2508 873 2570 Et
897 2509 996 2571 lesus:
1028 2509 1184 2600 Ego'sum
1212 2509 1273 2584 via,
1307 2512 1417 2575 veritas
1447 2519 1476 2574 et

319 2612 391 2673 vita:
413 2628 500 2670 nemo
521 2610 601 2670 venit
621 2609 657 2670 ad
679 2619 789 2688 patrem
812 2610 870 2672 nisi
890 2629 944 2690 per
964 2630 1028 2686 me;
1050 2613 1077 2673 si
1097 2611 1312 2691 cognovissetis
1334 2632 1400 2686 me,
1423 2632 1474 2675 co·

318 2710 497 2792 gnovissetis
520 2719 548 2771 et
568 2719 697 2790 patrem3
728 2709 799 2770 ⁴sed
820 2710 926 2773 abhinc
946 2713 1043 2774 nostis
1072 2711 1169 2784 illum,
1198 2721 1227 2774 et
1247 2712 1361 2776 vidistis
1384 2716 1474 2777 illum.

319 2813 356 2875 lit
377 2810 562 2893 pervenimus
583 2811 641 2871 iam
663 2809 699 2872 ad
719 2810 901 2892 Philippum,
925 2814 975 2893 qui
997 2833 1050 2896 spe
1073 2813 1213 2876 excitatus
1236 2814 1352 2876 videndi
1374 2817 1475 2897 patris,

319 2933 376 2977 nec
395 2913 566 2992 intellegens
588 2913 737 2993 quomodo
758 2914 853 2975 visum
874 2924 986 2994 patrem
1008 2915 1156 2989 audisset,
1190 2916 1338 2991 Ostende,
1370 2917 1474 2998 inquit,

169 3016 406 3093 rememoratis
427 3025 555 3096 patrem',
578 3022 609 3076 et
629 3016 737 3077 suflicit
756 3013 855 3099 nobis.
889 3015 926 3077 Et
945 3015 1097 3078 dominus:
1119 3017 1269 3097 Philippo,
1292 3025 1373 3079 tanto
1398 3027 1474 3081 ιιιιι·

317 3135 391 3199 pore
412 3117 563 3179 vobiscum
585 3135 668 3190 sum,
691 3125 721 3177 et
742 3133 802 3177 non
825 3118 1002 3196 cognovistis
1025 3115 1095 3179 mel
1128 3118 1222 3191 Quem
1244 3119 1314 3179 dicit
1334 3119 1474 3198 cognosci

318 3219 354 3283 ab
377 3218 434 3280 illis
457 3218 596 3280 debuisse
617 3218 687 3294 (hoc
708 3218 786 3280 enim
814 3217 911 3280 solum
932 3219 1038 3280 discuti
1060 3225 1202 3299 oportet),
1239 3219 1323 3300 quasi
1348 3229 1474 3300 patrem,

318 3338 356 3383 an
377 3320 460 3401 quasi
480 3317 595 3382 tilium?
638 3318 670 3381 Si
692 3319 776 3399 quasi
798 3328 926 3399 patrem,
956 3321 1060 3382 doceat
1080 3321 1204 3382 Praxeas
1232 3330 1311 3382 tanto
1340 3329 1475 3403 tempore

319 3507 623 3559 unanimitatem.
675 3505 715 3556 23.
735 3507 861 3568 exisset,
881 3508 1027 3557 cumdolore
1048 3508 1136 3558 Ursino.
1194 3507 1234 3557 tt.
1253 3515 1276 3556 et
1293 3510 1387 3560 omis.
1434 3509 1474 3559 25.

319 3583 343 3625 et
360 3577 440 3626 cond
459 3576 522 3625 leid.
573 3574 613 3623 26.
632 3574 706 3622 lesus.
732 3574 760 3623 Et
777 3575 914 3624 Fr.larriua.
956 3575 1043 3635 lesum,
1061 3584 1084 3624 et
1101 3577 1156 3625 libri
1173 3591 1257 3626 omnes.
1318 3575 1359 3626 tt.
1384 3585 1408 3626 et
1431 3595 1473 3628 orr-

318 3649 344 3694 Δ.
363 3644 426 3693 beid-
477 3641 518 3691 28.
536 3641 677 3702 glorificabit
694 3657 743 3704 epo.
784 3642 923 3703 glorihcarit
940 3645 994 3693 libri
1011 3658 1095 3693 onnes.
1154 3642 1194 3692 29.
1212 3657 1281 3708 quem
1300 3644 1325 3693 in
1348 3645 1392 3694 tr.
1412 3646 1474 3695 leid.

319 3712 451 3774 inreliqui.
502 3707 543 3758 30.
559 3709 697 3769 gloritlcavit
715 3717 791 3758 morte
808 3708 897 3759 devicta
915 3712 947 3771 d.,
967 3726 1017 3760 cum
1034 3712 1112 3760 Fulvio
1133 3710 1222 3760 Ursino.

385 3777 443 3841 Cap.
461 3775 537 3825 xilv.
573 3776 594 3824 1.
614 3775 684 3824 Erunt
702 3777 742 3825 tibi
760 3778 823 3834 (be.
843 3778 885 3836 ibi)
902 3777 974 3842 plane
992 3779 1079 3842 quippe
1096 3780 1135 3841 qui
1154 3782 1178 3829 Δ.
1198 3781 1260 3829 beid.
1309 3777 1334 3827 2.
1352 3780 1474 3842 quomodo

282 3852 294 3875 ·
318 3846 343 3896 t.
361 3845 425 3895 leid.
475 3842 499 3893 3,
518 3842 625 3903 bomine,
643 3845 718 3908 inquit
735 3860 784 3908 ego.
819 3844 919 3896 Domine
936 3847 1009 3907 enim,
1027 3847 1103 3911 inquit
1120 3848 1155 3897 cd.
1196 3847 1297 3896 Domino
1316 3849 1380 3896 enim
1399 3849 1475 3913 inquit

318 3912 391 3962 Atat.
442 3911 465 3960 4.
484 3910 526 3960 sed
544 3919 568 3960 st
585 3911 671 3960 abhinc
686 3913 743 3962 aba.
761 3912 826 3962 leid.

352 4045 375 4094 b.
401 4045 542 4108 glorificabit
565 4047 631 4097 illum
651 4073 682 4082 -
700 4073 732 4082 -
756 4061 809 4096 moa
827 4061 871 4110 per
920 4048 1059 4112 semetipso,
1085 4048 1107 4097 id
1132 4056 1167 4097 est
1189 4057 1258 4112 pater
1276 4049 1360 4107 lilium,
1385 4051 1473 4114 quippe

320 4116 518 4165 resurrectionem
537 4125 612 4165 morte
630 4109 740 4179 devicto]
758 4115 791 4163 lta
810 4114 870 4164 haec
921 4130 991 4179 quern
1010 4117 1033 4164 in
1051 4117 1181 4179 semetipso
1200 4117 1299 4170 habens,
1326 4117 1370 4167 etsi
1387 4133 1472 4182 porre-

318 4182 388 4230 verba
412 4183 504 4232 distinxi
534 4190 603 4247 atque
632 4183 761 4232 emendavi.
803 4181 871 4232 Nunc
921 4192 983 4232 ctum
1002 4185 1031 4232 ad
1050 4193 1136 4233 terram
1161 4191 1184 4233 et
1211 4193 1337 4245 mortuum,
1365 4200 1419 4235 mor
1438 4194 1472 4234 ta-

319 4249 463 4312 gloriilcatus
488 4259 524 4300 est
546 4251 608 4301 tilius
633 4251 743 4308 hominis,
770 4257 793 4298 et
810 4249 870 4299 dens
921 4251 1386 4316 menglorilleabitperresurrectionem
1398 4262 1473 4302 morta

319 4317 464 4380 gloridcatns
482 4324 518 4366 est
536 4318 620 4368 inillo.
645 4313 791 4377 ponderet
819 4317 869 4367 Uti·
920 4318 1018 4368 devicta.

319 4400 365 4452 qne
383 4399 429 4434 non
447 4393 523 4449 pater,
542 4387 624 4450 inquit,
642 4385 868 4448 sedsermopttris,
953 4386 1010 4450 Cap.
1029 4386 1104 4435 xtttt.
1130 4400 1151 4434 a.
1170 4384 1376 4451 Domine,inquit]
1394 4387 1472 4437 lielevi

319 4454 358 4518 qni
377 4461 428 4502 erat
445 4454 468 4501 in
487 4451 534 4500 utto
546 4453 657 4511 bominis,
675 4453 697 4502 id
709 4455 777 4502 estin
789 4466 868 4512 earne,
917 4453 1059 4517 particulam
1080 4457 1147 4514 enim,
1173 4463 1197 4503 nt
1215 4470 1275 4518 quae
1293 4464 1427 4505 accreverat
1445 4470 1472 4505 ex

319 4521 341 4570 in
360 4536 406 4585 qua
424 4528 447 4569 et
464 4520 608 4581 glorillcatns
627 4521 671 4568 iarn
691 4529 743 4569 ante
762 4528 812 4569 erat
830 4520 867 4568 le·
918 4523 1084 4570 terminatione
1101 4522 1165 4570 vocis
1182 4537 1338 4587 praegressae
1363 4532 1386 4573 et
1404 4524 1472 4573 initio

318 4604 368 4649 sus,
386 4588 530 4651 glorittcatns
548 4602 601 4637 tero
617 4589 699 4637 virtute
712 4597 735 4637 et
747 4602 866 4639 sermone.
917 4590 980 4640 vocis
999 4591 1153 4654 insequentis.

318 4655 348 4706 Et
371 4657 443 4719 deus,
469 4655 560 4719 inquit,
585 4656 725 4718 glorilieabit
751 4655 818 4707 illum
842 4656 866 4705 in
