3242 5775
165 633 218 693 Cap.
226 633 289 681 XLV.

169 1845 297 1899 (temnat.

308 447 370 514 628
505 498 507 503 .
560 463 661 517 cmurr
685 462 815 506 serrnux
837 457 1003 505 rxoaexrrs
1026 458 1228 503 renroxxum

391 614 559 675 'Tenemur
579 612 628 674 lric
649 612 685 673 de
707 610 835 673 somniis
856 627 975 691 quoque
997 608 1197 672 Christianum
1227 610 1405 672 sententiam
1422 627 1451 671 ex

306 729 460 796 promere,
483 722 517 775 nt
538 714 574 775 dc
596 713 796 775 accidentibus
818 706 950 786 ²sumini,
973 710 1026 772 sed
1048 729 1110 772 non
1132 709 1261 772 modicis
1276 710 1466 773 iactationibus

307 815 438 888 animae,
467 833 553 895 quam
576 813 723 875 ediximus
745 812 931 893 negotiosam
960 820 990 874 et
1012 812 1171 873 exercitam
1193 829 1320 890 semper
1339 809 1392 873 ’ex
1409 829 1465 891 per·

307 917 449 997 petuitate
482 916 668 988 motationis,
701 915 779 993 quod
811 913 972 974 divinitatis
1005 921 1034 974 et
1062 911 1294 974 immortalitatis
1325 922 1374 975 est
1397 911 1466 974 ratio.

307 1018 400 1098 l'gitur
426 1036 492 1079 cum
519 1017 604 1096 quies
633 1016 810 1095 corporibus
838 1013 951 1086 euenit,
984 1030 1112 1092 quorum
1141 1011 1284 1074 solatium
1313 1012 1466 1093 ⁴propriun

308 1127 369 1192 est,
403 1135 509 1180 vacans
531 1117 580 1178 illa
601 1135 618 1178 a
640 1116 746 1179 solatio
776 1116 872 1177 alienu
902 1131 964 1175 nou
993 1114 1133 1193 quiescit,
1167 1121 1198 1174 et
1226 1113 1253 1173 si
1283 1122 1368 1176 caret
1394 1129 1466 1193 opera

308 1219 511 1281 membrorum
545 1218 760 1297 corporalium,
795 1216 859 1277 suis
888 1215 989 1277 utitur.
1039 1214 1169 1293 Concipe
1196 1213 1392 1293 gladiatorem
1416 1213 1467 1274 sius

308 1321 415 1393 armis,
449 1318 498 1379 rel
520 1318 650 1397 aurigam
673 1318 738 1380 siue
760 1316 931 1390 curriculis,
966 1315 1175 1395 gesticulantes
1203 1333 1326 1378 omnem
1356 1316 1465 1378 habitum

308 1421 399 1497 'artis
422 1438 495 1481 suae
516 1427 603 1498 atque
625 1427 778 1480 conatum:
800 1426 964 1497 pugnatur,
987 1425 1130 1490 certatur,
1158 1414 1212 1476 sed
1234 1434 1329 1478 vacua
1350 1413 1466 1477 ‘iacebo

309 1532 365 1583 ast
400 1520 599 1583 Nihilominus
619 1529 719 1582 tamen
740 1520 805 1581 fieri
827 1519 964 1580 videntur
985 1535 1060 1596 quae
1081 1517 1146 1578 fieri
1173 1525 1274 1578 omen
1295 1533 1360 1577 non
1379 1515 1466 1577 riden-

308 1632 374 1696 tur3
402 1629 469 1684 actu
491 1621 570 1682 euim
591 1622 681 1694 liunt,
715 1623 822 1683 ellectu
845 1638 915 1681 vero
938 1637 998 1680 nou
1021 1618 1105 1679 liunt.
1149 1617 1233 1679 llauc
1253 1619 1315 1679 vim
1337 1615 1465 1679 'emtasin

307 1721 448 1809 dicimus,
471 1739 626 1784 excessum
649 1739 757 1783 sensus
780 1730 809 1781 et
831 1719 976 1781 amentiae
999 1720 1104 1780 instar.
1142 1718 1191 1779 Sic
1213 1729 1244 1779 et
1264 1718 1296 1779 in
1319 1715 1466 1798 primordio

310 1839 436 1885 somnus
459 1840 525 1884 cum
547 1823 657 1885 ecstasi
678 1822 864 1884 dedicatus·:
888 1820 924 1882 Et
946 1820 1029 1880 misit
1043 1818 1116 1880 deus
1133 1819 1262 1881 ecstasin
1278 1818 1309 1880 in
1324 1820 1467 1890 Adamet

308 1922 514 2000 'obdormirit
558 1922 689 1984 Somnus
718 1922 796 1983 enim
820 1921 938 1999 corpori
962 1921 1099 2000 prouenit
1127 1920 1329 1999 inquietum,
1359 1916 1466 1982 coensis

309 2023 424 2086 animae
445 2011 583 2085 'accessit
612 2024 755 2086 adversus
788 2022 934 2102 quietem,
967 2028 998 2083 et
1025 2021 1094 2081 inde
1125 2020 1182 2082 iam
1215 2022 1313 2082 turma
1346 2033 1466 2082 somnum

309 2124 415 2187 ecstasi
436 2124 567 2186 miscens
589 2134 618 2187 et
640 2134 744 2186 natura
767 2123 804 2184 de
827 2125 932 2184 torma.
965 2121 1098 2201 lienique
1114 2129 1143 2182 et
1158 2121 1345 2183 oblectamur
1365 2130 1466 2184 etcon·
1508 2153 1511 2162 ·

309 2226 462 2289 tristamur
483 2235 513 2287 et
534 2233 738 2287 conterremur
759 2225 789 2285 in
811 2224 937 2285 somniis
960 2241 1047 2302 qnam
1070 2224 1173 2284 allecte
1196 2230 1227 2284 et
1248 2223 1337 2284 anxie
1351 2222 1467 2302 ’etpu-

310 2327 452 2399 sibiliter,
475 2344 542 2387 cum
564 2326 595 2387 in
617 2325 699 2387 nullu
720 2342 979 2404 permoveremur,
1002 2342 1020 2384 a
1041 2324 1139 2385 vacuis
1161 2323 1276 2385 scilicet
1297 2321 1468 2403 imaginibus,

310 2426 338 2488 al
360 2435 512 2504 compotes
535 2426 764 2487 somniaremus.
808 2426 941 2505 [lenique
968 2425 1026 2486 ¹⁰et
1052 2424 1131 2486 boun
1159 2425 1234 2486 iacta
1262 2423 1390 2504 gratuitu
1414 2426 1469 2484 sunt

309 2525 479 2587 insomnis
502 2534 531 2586 et
552 2525 656 2587 delicta
679 2545 802 2600 secura3
829 2544 888 2588 noo
912 2525 1006 2604 magis
1029 2526 1107 2587 enim
1130 2524 1196 2586 ¹'ob
1219 2525 1317 2605 stupri
1340 2524 1467 2586 visionem

310 2625 516 2687 damnabimur
537 2643 624 2704 quam
647 2625 685 2687 ob
707 2627 838 2705 martyrii
860 2626 1078 2687 coronabimur.
1122 2626 1160 2687 Et
1181 2618 1352 2704 quomodo,
1374 2622 1467 2704 inquis,

310 2743 427 2787 memor
449 2734 495 2787 est
516 2725 703 2788 somniorum
725 2728 838 2801 anima,
871 2726 984 2788 scilicet
1013 2744 1099 2806 quam
1128 2724 1299 2806 compotem
1327 2737 1468 2788 essenon

310 2823 402 2888 licet?
444 2825 509 2888 lloc
537 2827 594 2888 erit
620 2827 789 2906 proprietas
817 2828 963 2890 amentiae
991 2829 1093 2899 huius,
1128 2826 1280 2907 quianon
1302 2827 1468 2891 litexcor-

308 2927 425 3007 ruptela
446 2927 542 2989 bonae
564 2928 753 3001 valetudinis,
777 2930 831 2990 sed
855 2948 890 2991 ex
912 2928 1027 2992 ratione
1043 2938 1181 3003 naturae3
1203 2929 1362 2992 necentur
1383 2938 1468 2990 exter·

199 3102 203 3111 ἡ
310 3029 420 3103 minat,
455 3028 509 3090 sed
536 3041 640 3091 evocet
668 3038 806 3091 mentem.
850 3030 935 3091 Aliud
964 3039 1011 3093 est
1038 3038 1212 3103 concutere,
1246 3029 1325 3091 eliud
1351 3042 1468 3096 morere,

309 3128 387 3191 eliud
402 3140 549 3204 evertere,
572 3130 649 3192 aliud
664 3130 784 3209 agitare.
824 3130 916 3210 igitur
938 3131 1016 3210 quod
1038 3131 1180 3192 memoria
1204 3131 1348 3212 suppetit,
1369 3131 1469 3192 sanitas

309 3232 419 3292 mentis
448 3241 510 3304 est,
544 3232 623 3310 quod
650 3232 762 3293 sanitas
785 3233 894 3293 mentis
918 3233 996 3293 salva
1025 3231 1166 3294 memoria
1188 3240 1303 3312 stupet,
1334 3230 1471 3291 amentiae

309 3350 403 3410 genus
426 3341 481 3394 est.
518 3332 615 3394 ¹²ldeo
639 3351 699 3394 non
722 3333 849 3394 dicimur
870 3334 983 3407 lurere,
1007 3334 1059 3395 sed
1075 3333 1243 3409 somniare,
1265 3333 1332 3395 ideo
1355 3342 1385 3394 et
1404 3345 1473 3412 pru·

309 3431 429 3505 dentes,
452 3434 617 3513 siquando
641 3452 755 3496 sumus.
793 3436 905 3514 Sapere
927 3435 1006 3496 enim
1028 3443 1164 3496 nostrum
1187 3433 1257 3495 licet
1278 3433 1483 3496 obumbretur,

308 3541 491 3594 nontamen
514 3535 731 3614 extinguiturl3
763 3536 824 3597 nisi
851 3533 931 3614 quod
960 3544 989 3596 et
1016 3537 1114 3615 ipsum
1142 3543 1244 3614 potest
1264 3535 1359 3596 rideri
1380 3535 1494 3597 vacare

309 3638 396 3704 tunc,
429 3633 559 3693 ecstasin
585 3644 684 3696 autem
706 3634 763 3698 lroc
784 3656 903 3716 quoque
925 3637 1043 3716 operari
1065 3637 1101 3698 de
1124 3654 1181 3696 suu
1202 3635 1344 3717 propriu,
1378 3645 1413 3699 ut
1440 3629 1511 3696 sio

308 3730 396 3792 nobis
419 3730 582 3811 sapientiae
603 3733 746 3814 imagines
768 3738 893 3812 inierat,
915 3737 1163 3817 quemadmodum
1186 3744 1220 3798 et·
1236 3735 1362 3798 erroris.

377 3918 435 3980 Cap.
452 3916 517 3969 XLV.
565 3919 585 3968 1.
610 3920 649 3970 ΒΕ
672 3921 803 3973 sotttttts.
832 3924 952 3973 Tenemur
969 3924 1012 3974 ta.
1059 3922 1097 3972 bl}
1121 3921 1245 3973 sotttttts
1269 3918 1423 3980 otottttbo
1446 3910 1511 3971 n)

308 3984 453 4062 Ptttptvtt
475 3987 568 4037 dllllll
590 3988 628 4038 br
653 3989 729 4038 vttbtt
753 3991 908 4041 lilllllllblll'.
938 3992 1059 4040 Tenemur
1078 3991 1100 4039 G.
1162 3989 1185 4041 2
1211 3990 1297 4039 somnii
1322 3998 1348 4039 et
1372 4004 1424 4040 uon
1440 3968 1511 4040 x!

308 4066 395 4101 somnn
414 4054 456 4104 sed
475 4070 522 4105 non
542 4055 604 4119 Bmp.
657 4055 681 4106 3.
700 4066 723 4107 et
742 4058 767 4107 B.
819 4058 844 4107 4.
862 4060 987 4122 proprium
1007 4061 1087 4108 erud.
1145 4058 1168 4106 5.
1194 4059 1328 4107 artisanue
1348 4066 1424 4122 atqua
1441 4060 1511 4106 cos

307 4127 389 4168 natum
408 4136 452 4170 cxx.
467 4126 492 4172 Λ.
545 4122 568 4172 6.
588 4125 658 4173 iactio
676 4127 702 4174 Δ.
754 4124 778 4174 7.
797 4127 887 4174 extasin
905 4127 966 4175 ABG.
997 4127 1031 4175 lto
1047 4127 1177 4190 ubicunque
1194 4126 1254 4175 nibil
1271 4131 1425 4176 sanctuvere.

307 4186 498 4318 pppooppnprpre.
539 4191 636 4240 uorum
659 4192 709 4256 tq.
767 4191 791 4241 e.
819 4202 843 4242 n
866 4196 950 4244 amu.
1016 4193 1137 4242 rosc.
1197 4192 1354 4255 rr.0uuprr
1373 4196 1400 4244 a.
1444 4178 1511 4242 xx<

448 4270 480 4320 w·
1319 4268 1328 4283 ,

305 4389 362 4438 tius.
386 4388 485 4451 Negatio
503 4406 549 4441 uec
567 4399 617 4440 arte
636 4391 753 4455 iungenda
767 4402 867 4444 estcum
953 4394 1010 4457 Cup.
1027 4395 1089 4445 xtv.
1116 4410 1137 4444 a.
1149 4391 1286 4458 dedicatus]
1304 4393 1340 4444 lte
1353 4390 1511 4446 buererbd

306 4471 363 4506 uoce
381 4459 502 4507 somnium.
539 4457 579 4507 Sic
601 4460 657 4509 alibi
682 4461 747 4523 dixit,
771 4470 867 4511 etsae·
918 4475 939 4510 r.
958 4461 1049 4511 uduott.
1068 4463 1099 4512 od
1117 4464 1202 4527 Scorp.
1221 4461 1313 4526 capi.

304 4526 369 4588 pins,
394 4540 440 4573 non
459 4554 470 4563 -
491 4525 643 4587 Christianus,
669 4536 694 4577 ut
718 4528 752 4576 lle
768 4529 866 4579 Resurr.
952 4528 974 4576 b.
994 4543 1042 4578 nnn
1061 4539 1140 4580 tamen
1158 4525 1314 4594 extinguitur]
1333 4528 1375 4579 Sic
1389 4545 1441 4594 cap.
1449 4513 1511 4578 llJ

303 4591 391 4708 ἓιηιιίε
414 4606 466 4655 cap.
484 4588 508 4709 Ξ.
548 4591 585 4642 Ci-
610 4608 672 4658 quae
703 4596 812 4646 adnotari
837 4597 867 4647 ud
919 4609 986 4655 „nun
1013 4605 1060 4647 tam
1085 4598 1229 4660 extinguitur
1250 4611 1323 4661 qnam
1348 4598 1511 4647 obumbra-²

324 4674 398 4724 paog
424 4673 478 4725 cap.
504 4695 510 4709 .
919 4664 984 4713 tnr.·‘
