3242 5775
324 613 387 684 688
545 703 548 710 Ι
572 631 674 684 oumrr
695 629 825 675 ssorum
846 605 1011 675 mundiora
1034 629 1229 674 ransomusr

323 771 409 865 pater
428 789 525 844 autem
546 799 669 844 manens
690 779 721 842 in
741 798 789 843 ms
810 780 878 843 lacit
899 797 999 859 opera.
1048 779 1104 841 l¹er
1130 798 1220 860 opera
1249 795 1321 860 ergo
1343 780 1483 843 virtutum

325 891 356 946 et
376 882 465 945 rerba
486 881 637 944 doctrinae
657 900 779 944 maneus
800 882 831 944 in
858 881 918 943 illio
945 890 1030 962 pater
1054 900 1110 962 per
1138 899 1171 941 ea
1197 880 1314 943 videtur
1335 900 1393 961 per
1414 901 1483 962 quae

325 992 439 1055 manet,
461 990 491 1045 et
510 1002 565 1063 por
586 983 705 1045 eumin
726 1001 784 1063 quo
806 991 921 1055 manet,
944 1001 979 1045 cx
999 981 1057 1044 hoc
1077 982 1144 1062 ipso
1167 991 1328 1062 apparente
1346 984 1484 1064 proprie-

187 1092 384 1155 rsxnnuts
405 1085 559 1165 utriusque
578 1101 742 1165 personae,
764 1082 833 1146 dum
855 1083 942 1158 dicit,
964 1084 1026 1163 Ego
1049 1102 1116 1145 sum
1131 1084 1161 1143 in
1177 1092 1277 1163 patre,
1300 1092 1330 1145 et
1352 1085 1484 1164 paterio

188 1203 308 1247 rosanus.
325 1205 384 1249 no.
416 1188 510 1266 Atque
525 1185 614 1259 adeo,
637 1184 770 1260 Credite,
792 1184 841 1246 ait
874 1182 975 1258 Quid?
1007 1185 1052 1246 lle
1073 1195 1185 1264 patrem
1207 1182 1300 1247 esse?
1333 1184 1403 1246 Non
1418 1195 1484 1265 puto

249 1303 305 1350 nu.
327 1288 467 1367 scriptum
490 1304 575 1361 esse,
604 1285 674 1360 sed,
702 1285 779 1359 Quia
800 1304 855 1366 ego
878 1287 907 1347 iu
929 1296 1028 1365 patre,
1060 1296 1090 1347 et
1110 1295 1193 1367 pater
1214 1286 1244 1347 in
1273 1304 1338 1359 me,
1374 1287 1402 1347 si
1430 1306 1484 1367 qno

325 1391 441 1463 minus,
462 1387 508 1450 rel
528 1394 651 1468 propter
671 1406 762 1467 opera
783 1386 912 1462 credito,
941 1404 975 1448 ea
997 1386 1097 1467 utique
1119 1406 1208 1467 opera
1230 1405 1284 1467 per
1306 1405 1384 1467 quac
1405 1396 1484 1467 pater

217 1517 224 1530 ·
324 1491 356 1553 iu
377 1490 454 1563 filio,
475 1507 535 1551 nou
557 1486 639 1562 usu,
662 1489 715 1551 scd
737 1506 829 1550 sensu
849 1487 1012 1550 videbatur.

193 1613 316 1672 mgna,
408 1592 483 1653 Post
500 1589 667 1670 Philippum
689 1598 719 1651 et
739 1596 829 1652 totam
852 1588 1046 1652 substantiam
1075 1588 1257 1669 quaestionis
1290 1587 1381 1650 istius
1416 1608 1484 1670 quae

325 1693 357 1757 iu
378 1693 467 1755 mem
489 1690 646 1771 evangelii,
676 1691 897 1771 ¹pcrsererant·
925 1691 956 1754 in
979 1691 1082 1752 eodem
1105 1709 1212 1770 genere
1235 1690 1404 1765 sermonis,
1431 1710 1484 1771 quo

188 1810 314 1863 ronnas
326 1802 411 1876 pater
433 1800 463 1856 et
481 1792 559 1855 filius
581 1792 611 1854 iu
625 1811 678 1854 sua
692 1791 871 1872 proprietate
885 1792 1133 1871 'distinguuntur
1167 1792 1349 1854 Paracletum
1371 1811 1485 1872 quoqne

326 1915 342 1958 a
363 1904 446 1977 patro
467 1912 502 1956 se
521 1892 755 1974 postulatarum,
777 1911 844 1955 cum
866 1894 1049 1956 ascendisset
1069 1893 1105 1955 ad
1124 1902 1253 1973 patrem,
1276 1900 1306 1954 et
1326 1894 1485 1956 missurum

211 1977 215 1984 ⁶
326 1994 511 2077 repromittit,
534 1993 693 2073 etquidem
713 1994 811 2056 alium.
840 1995 898 2057 Sed
912 1995 969 2057 iam
984 1994 1191 2076 praemisimus
1205 1995 1356 2075 quomodo
1368 1995 1485 2057 aliuml.

215 2095 306 2203 ¹232}
328 2097 480 2170 Celerum,
513 2095 556 2157 lta
576 2113 643 2158 mco
666 2103 779 2169 sumet,
808 2095 918 2175 inquit,
946 2096 1114 2175 sicutipse
1142 2096 1178 2157 de
1199 2096 1302 2175 patris.
1346 2096 1391 2157 lta
1415 2115 1485 2158 con·

326 2217 419 2262 nexus
448 2196 540 2278 patris
568 2196 598 2257 in
625 2196 685 2258 lilio
714 2205 744 2257 et
770 2196 822 2258 lilii
850 2198 880 2259 iu
907 2198 1055 2277 paracleto
1086 2205 1146 2258 tres
1169 2197 1257 2258 efficit
1278 2198 1484 2266 cohaerentes.

326 2299 449 2363 alterum
477 2317 513 2360 ex
541 2299 644 2360 altero.
698 2297 756 2371 Qui
788 2305 850 2359 tres
878 2316 969 2360 uuum
999 2308 1084 2372 sunt,
1120 2317 1180 2359 non
1208 2317 1301 2372 unus,
1337 2299 1485 2380 quomodo

214 2402 436 2472 ro.x,to.dictum
465 2409 527 2474 est,
557 2399 620 2479 Ego
648 2407 678 2462 ct
697 2406 781 2479 pater
807 2417 898 2461 unum
919 2416 1038 2473 sumus,
1067 2399 1103 2461 ad
1132 2399 1314 2461 substantiae
1336 2402 1487 2477 unitatem,

326 2521 386 2565 noo
408 2501 444 2563 ad
465 2500 580 2562 numeri
602 2500 843 2580 singularitatem.
887 2502 1030 2563 Percurre
1052 2500 1161 2574 adhuc,
1191 2513 1220 2562 et
1246 2500 1382 2563 invenies
1405 2519 1486 2582 quem

210 2611 440 2685 ro.xv‚1.patrem
455 2601 559 2663 credis
591 2602 666 2675 (rice
691 2602 784 2682 patris
812 2602 921 2664 dictum
950 2612 980 2664 et
1005 2612 1118 2681 patrem
1140 2602 1296 2682 agricolam
1318 2601 1439 2683 ’utique
1459 2604 1486 2664 in

327 2712 404 2767 terra
425 2710 457 2766 tu
478 2711 564 2781 putas
586 2702 708 2778 luisse),
730 2702 808 2765 huuc
829 2708 953 2767 rursus⁰
974 2703 1003 2764 in
1026 2703 1114 2790 caelis
1137 2723 1153 2764 a
1175 2704 1234 2764 filio
1256 2702 1394 2783 agnosci,
1424 2722 1485 2766 cnm

177 2822 313 2876 isurun.
327 2803 396 2866 illuc
415 2802 577 2882 respiciens
599 2803 760 2883 discipulos
784 2822 856 2865 suos
878 2805 951 2884 patri
973 2804 1117 2865 ⁴tradidit.
1172 2804 1231 2893 Sed
1260 2813 1290 2865 et
1317 2804 1343 2865 si
1372 2805 1404 2865 in
1432 2805 1486 2865 isto

229 2908 302 2954 Μ·
328 2906 478 2986 evangelio
500 2923 561 2966 non
581 2905 645 2966 'est
664 2905 839 2979 revelatum,
862 2906 941 2968 Deus
955 2924 1056 2977 meus,
1079 2906 1115 2966 ad
1137 2906 1206 2986 quid
1221 2925 1268 2967 me
1284 2904 1488 2986 dereliquisti?

202 2959 319 3014 HVM-

204 3012 307 3115 fflbfflo
328 3014 375 3081 et,
401 3007 504 3079 Pater,
532 3005 563 3068 in
590 3005 649 3067 tuis
676 3006 812 3068 manibus
840 3006 957 3086 depono
985 3007 1120 3088 spiritum
1148 3026 1263 3081 meum,
1293 3017 1393 3075 tamen
1420 3016 1488 3089 post

328 3107 575 3169 resurrectionem
598 3114 626 3168 et
639 3106 793 3169 ¹‘devictae
815 3108 937 3186 gloriam
963 3109 1085 3182 mortis,
1119 3109 1250 3188 exposita
1271 3108 1487 3172 'necessitate‘

213 3204 216 3209 ’
328 3209 426 3271 omnis
447 3207 634 3283 humilitatis,
667 3226 733 3270 cum
755 3209 812 3270 iam
834 3217 948 3290 patrem
970 3229 1002 3271 se
1024 3218 1128 3289 posset
1150 3211 1307 3272 ostendere
1330 3219 1387 3272 tam
1411 3210 1487 3272 lideli

327 3310 468 3385 feminac,
491 3328 526 3372 ex
546 3308 718 3383 dilectione,
740 3328 799 3371 non
823 3329 857 3372 ex
880 3311 1050 3372 curiositate
1066 3330 1122 3371 uec
1136 3330 1169 3371 ex
1187 3311 1386 3373 incredulitate
1403 3312 1486 3373 'lho-

195 3433 314 3488 rema.
327 3430 408 3486 mae,
430 3420 550 3492 tangere
571 3428 638 3474 euro
661 3411 834 3491 adgressae,
866 3411 925 3485 Ne,
946 3413 1055 3492 inquit,
1086 3412 1243 3492 contigeris
1265 3432 1327 3487 me,
1354 3413 1487 3475 nondum

227 3542 229 3547 ·
327 3514 446 3576 ascendi
468 3512 504 3575 ad
525 3521 638 3593 patrem
660 3531 773 3585 meum,
795 3511 868 3573 rade
891 3521 985 3574 sutem
1008 3513 1043 3574 ad
1066 3515 1172 3575 lratres
1195 3533 1278 3576 meos
1293 3514 1397 3594 (⁸quiu
1413 3515 1486 3576 etin

328 3616 495 3678 hostilium
518 3614 673 3687 ostendit·‚
696 3613 774 3675 lilios
797 3612 875 3674 enim
898 3614 1077 3694 appellasset
1097 3615 1179 3688 illos,
1209 3616 1234 3676 si
1257 3623 1339 3694 pater
1361 3616 1487 3693 luisset),

328 3725 358 3777 et
379 3715 459 3777 dices
481 3715 540 3787 cis,
569 3715 704 3777 Ascendo
726 3715 761 3777 ad
782 3724 897 3795 patrem
919 3732 1018 3776 meum
1040 3725 1070 3776 ot
1089 3725 1203 3796 patrem
1225 3725 1372 3790 vestrum,
1400 3717 1486 3779 deum

326 3834 424 3878 meum
447 3823 477 3876 et
497 3813 584 3876 deum
606 3824 746 3877 vestrum.
788 3817 874 3878 Pater
895 3816 931 3877 ad
953 3825 1082 3895 patrem,
1105 3827 1135 3879 et
1155 3818 1228 3880 deus
1251 3818 1287 3879 ad
1309 3817 1424 3881 deum?
1452 3838 1486 3880 an

396 3966 536 4031 eaput.
580 3966 601 4015 l.
620 3977 756 4031 perseverat
773 3971 884 4039 Latinius.
947 3968 970 4019 2.
995 3970 1155 4032 distinguntur
1179 3972 1210 4032 d.,
1230 3987 1279 4021 cum
1297 3973 1378 4022 Foloio
1398 3973 1487 4022 Ursino.

328 4034 480 4096 distinguitur
495 4032 582 4085 Assos.
600 4035 663 4085 leid.
723 4035 746 4087 3.
765 4039 797 4086 nti
817 4051 886 4101 quem
905 4039 959 4088 edit.
978 4039 1095 4102 leopoldi.
1136 4047 1252 4103 atquem
1277 4040 1420 4090 retusus.
1464 4041 1486 4088 l.

329 4103 400 4152 tradit
417 4109 448 4163 d,
468 4118 517 4152 mm
526 4102 606 4153 Fulvio
617 4104 707 4154 Ursino.
747 4104 769 4152 5.
790 4113 855 4154 essct
872 4106 904 4166 d.,
923 4120 972 4155 osor
985 4108 1065 4157 Fuluio
1077 4107 1166 4156 Ursino.
1207 4106 1231 4156 o.
1250 4107 1355 4157 devictas
1373 4109 1450 4169 gloria
1463 4108 1487 4157 B.

329 4170 416 4220 devicta
435 4169 510 4232 gloria
527 4171 553 4220 l.
571 4171 634 4221 leid.
686 4171 709 4220 l.
728 4172 895 4221 necessitatem
915 4171 939 4221 B.
984 4173 1008 4223 S.
1027 4177 1082 4237 quin
1102 4183 1125 4224 et
1143 4177 1164 4223 in
1184 4176 1230 4223 hoc
1246 4189 1273 4223 se
1292 4175 1367 4224 lilium
1387 4178 1419 4235 d.,
1439 4192 1487 4226 coss

329 4238 407 4288 Fulvio
426 4238 515 4288 Ursino.
551 4241 605 4304 qnia
623 4246 647 4288 ct
664 4240 697 4300 (et
714 4241 799 4300 omi.)
818 4241 841 4290 iu
860 4239 906 4290 hoo
923 4240 997 4291 lilium
1014 4243 1100 4293 Allobo.
1119 4243 1182 4291 Leid.

363 4373 419 4438 Cap.
438 4374 502 4424 lxv.
542 4390 562 4423 a.
580 4369 745 4440 perseverant]
768 4375 800 4422 Ea
819 4389 880 4438 quae
964 4376 987 4427 d.
1005 4378 1111 4440 exposita
1138 4373 1291 4442 nelessilatc]
1316 4378 1438 4442 Reposito,
1465 4377 1485 4424 id

328 4440 383 4490 inde
395 4449 535 4505 sequnntur,
554 4442 661 4506 usquein
673 4443 743 4491 duem
757 4442 880 4503 evangelii,
930 4453 966 4495 est
989 4445 1104 4507 deposita.
1151 4445 1186 4494 Cl.
1211 4446 1263 4494 ndu.
1284 4446 1374 4495 Volent.
1399 4445 1484 4510 espS.

328 4519 481 4573 perseverant
504 4511 526 4559 iu
545 4511 629 4559 eodem
648 4525 735 4571 genero
752 4512 879 4561 sermonis
930 4513 964 4562 lle
982 4513 1078 4562 Resurr.
1097 4513 1182 4563 Carnis
1200 4529 1251 4575 cap.
1264 4513 1304 4562 45.
1324 4523 1347 4562 et
1366 4530 1418 4576 cap.
1430 4514 1469 4563 ⁴9.

361 4576 384 4625 b.
411 4577 457 4626 Sed
485 4579 530 4627 iam
563 4579 729 4641 praemisimus
758 4579 879 4642 quomodo
964 4596 985 4630 e.
1004 4583 1026 4630 in
1046 4582 1091 4630 hoc
1110 4582 1182 4629 lilium
1208 4578 1323 4642 ostendit}
1349 4581 1427 4630 lielen
1446 4598 1484 4629 so·

329 4642 421 4707 alium]
441 4645 476 4694 (Ξῖ.
495 4659 566 4708 supra
586 4645 685 4707 caplS.
930 4648 1006 4697 ouium
1025 4665 1057 4708 so,
1086 4649 1233 4712 septimiano
1253 4650 1347 4712 quidem
1367 4650 1424 4697 stilo
1443 4651 1484 4697 mi·

362 4729 382 4761 c.
401 4715 464 4762 huuc
482 4709 575 4777 rursus]
593 4713 687 4773 Vulgata
706 4714 825 4763 distinctio
844 4721 881 4762 est
929 4717 993 4764 nime
1017 4710 1184 4765 necessarum.
1234 4719 1270 4765 (ll.
1294 4733 1355 4780 qcrae
1379 4715 1484 4766 adnotari

328 4789 437 4843 „putrem
456 4781 542 4840 credis,
561 4783 609 4829 rice
626 4782 701 4845 patris
719 4782 815 4830 dictum.
852 4781 885 4831 Et'
930 4784 958 4832 ad
984 4783 1016 4833 Da
1043 4783 1102 4845 l'irg.
1127 4785 1223 4834 l'eland.
1250 4800 1302 4849 cap.
1316 4786 1354 4834 15.
1382 4795 1405 4834 et
1430 4785 1482 4834 adr.

326 4856 419 4912 patrem
438 4872 510 4885 --
529 4848 611 4898 luisse.
635 4849 813 4913 lluncrursos“
825 4839 878 4899 ecit
930 4850 1109 4914 Μικ.,1ῗ,26.
1125 4904 1131 4915 ,
1448 4840 1458 4861 ’
