3242 5775
276 1387 781 1508 ADVERSUS
837 1385 1423 1503 MARCIONEM
1468 1375 1487 1516 ἶ.

636 1614 1066 1668 ntnnnrnnrtos
1471 1576 1487 1620 ⁸

698 1825 994 1836 ..—

1415 1709 1422 1721 .
1459 1671 1487 1722 *a

1474 1781 1487 1824 r

1476 1885 1487 1927 a

1470 1975 1487 2042 ju

165 2044 247 2101 cant.
354 1999 530 2092 Secundum
552 2029 673 2110 vestigia
700 2028 819 2109 pristini
845 2029 961 2108 operis,
999 2028 1078 2109 quod
1105 2028 1249 2091 amissum
1275 2029 1446 2096 reformare
1474 2089 1487 2124 :=-

265 2150 510 2213 perseveramus,
537 2132 597 2193 iam
618 2131 688 2192 binc
709 2130 784 2191 ordo
812 2130 851 2192 de
871 2129 1008 2203 Christo,
1036 2129 1105 2191 licet
1133 2148 1169 2191 ex
1190 2128 1354 2193 abundanti
1373 2137 1449 2212 post
1471 2191 1487 2218 1

267 2234 423 2296 deurrsam
444 2232 647 2295 defensionem
667 2232 772 2294 unicae
787 2230 959 2293 divinitatis.
992 2229 1070 2292 Satis
1086 2230 1195 2293 etenim
1209 2230 1448 2311 praeiudicatum
1470 2221 1487 2318 J]

268 2343 315 2396 est
336 2333 487 2396 Christum
508 2351 570 2393 nou
593 2333 714 2395 alterius
735 2331 784 2394 dei
805 2331 1035 2410 intellegendum
1063 2349 1151 2412 mam
1178 2333 1342 2407 creatoris,
1374 2351 1448 2398 cun
1481 2327 1487 2407 J

266 2433 493 2497 determinatum
523 2441 570 2495 cst
590 2433 678 2495 alium
706 2434 793 2495 deum
824 2452 886 2495 non
913 2432 1092 2495 credendum
1119 2440 1237 2511 praeter
1264 2441 1446 2512 creatorem,
1471 2419 1487 2446 .-

259 2542 355 2613 'quem
376 2533 450 2594 adeo
463 2532 601 2595 Christus
622 2534 849 2612 praedicaverit,
872 2541 903 2595 et
923 2534 1064 2612 deinceps
1085 2533 1213 2611 apostoli
1233 2551 1296 2596 non
1319 2534 1446 2599 alterius

267 2633 416 2695 Christum
439 2633 676 2696 adnuntiaverint
697 2653 785 2714 quam
814 2634 879 2697 eius
908 2634 956 2695 dei
978 2651 1068 2714 quem
1089 2633 1227 2705 Christus
1249 2634 1445 2714 praedicavit.
1474 2637 1482 2678 -’

266 2734 297 2798 id
319 2743 367 2796 est
387 2734 547 2809 creatoris,
569 2735 700 2797 utnulla
722 2735 834 2797 mentio
856 2734 977 2796 alterius
999 2733 1047 2796 dci
1068 2742 1157 2815 alque
1178 2735 1220 2797 ita
1241 2753 1298 2796 nec
1320 2723 1444 2800 unnim
1484 2723 1487 2742 ¹

172 2870 175 2875 ,
267 2836 377 2899 Christi
399 2836 506 2917 agitata
527 2836 568 2899 sit
589 2844 657 2899 ante
678 2835 847 2899 scandalum
861 2834 1030 2898 Marcionis.
1063 2835 1212 2898 Facillime
1226 2835 1284 2898 boo
1298 2836 1445 2917 probatur
1478 2803 1487 2851 ¹

266 2939 497 3020 apostolicarum
529 2946 560 3001 et
587 2938 805 3000 haereticarum
837 2938 1029 3000 ecclesiarum
1057 2955 1203 3011 recensu,
1235 2937 1297 2999 illic
1331 2939 1446 3009 seilicet
1476 2912 1487 2960 ¹¹

266 3038 516 3122 pronuntiandam
545 3039 666 3118 regulae
697 3037 947 3099 interversionem
980 3037 1031 3099 ubi
1056 3038 1218 3118 posteritas
1247 3037 1443 3103 ¹invenitnr·.·
1472 3012 1487 3069 ι

268 3140 357 3214 Quod
378 3139 467 3201 etiam
487 3138 585 3219 primo
607 3138 729 3199 libellob
749 3138 889 3200 'intexui
941 3137 1000 3200 Sed
1028 3145 1058 3199 et
1085 3156 1164 3199 nunc
1185 3139 1362 3218 congressio
1384 3140 1443 3203 istu
1470 3112 1487 3172 ¹¹

267 3239 424 3303 'seorsum
456 3240 487 3301 iu
516 3239 665 3302 Christum
694 3240 896 3301 examinatura
929 3256 965 3300 eo
993 3238 1096 3317 utiquo
1124 3239 1276 3317 proficiet,
1309 3224 1348 3301 ut
1370 3241 1442 3305 dun
1468 3222 1487 3273 '¹

268 3340 418 3405 Christum
438 3340 602 3421 probamus
624 3339 802 3414 ⁴creatoris,
826 3340 871 3401 sic
891 3357 1010 3418 quoque
1032 3337 1106 3400 deus
1128 3338 1299 3400 excludatur
1313 3339 1441 3403 bimait·
1471 3320 1487 3371 ¹*

266 3444 327 3504 nis.
357 3443 448 3504 llecet
469 3441 621 3503 veritatem
643 3441 715 3501 totis
736 3439 848 3501 viribus
875 3440 920 3500 uti
948 3438 1030 3513 suis,
1063 3439 1142 3501 ‘non
1170 3447 1203 3501 ut
1227 3424 1483 3505 laborantem'.·²

268 3539 405 3603 Cetemm
427 3542 459 3601 iu
480 3540 747 3621 praescriptionum
769 3539 953 3619 compendiis
975 3537 1098 3601 vinoit⁴¹.
1140 3538 1199 3601 Sed
1221 3538 1376 3605 decretum
1396 3548 1442 3605 ert
1478 3531 1487 3578 ¹

266 3646 302 3700 ut
322 3640 496 3718 gestientem
523 3640 634 3719 ubique
661 3641 831 3703 adversario
859 3658 1032 3714 occurrere,
1068 3639 1100 3701 in
1129 3646 1243 3700 tantum
1271 3640 1384 3704 lurenti
1408 3646 1444 3705 td
1475 3630 1487 3679 ³

268 3739 381 3802 facilius
403 3740 638 3819 praesumpserit
659 3759 726 3802 eum
747 3740 866 3801 venisse
889 3739 1039 3801 Christum
1068 3739 1117 3819 qui
1145 3757 1296 3820 nunquam
1326 3741 1367 3804 sit
1387 3740 1440 3805 ad·
1479 3736 1487 3781 ¹

268 3841 418 3902 nuntiatus
441 3857 528 3918 quam
551 3857 619 3901 eum
640 3841 690 3920 qui
712 3859 831 3921 semper
852 3839 891 3902 sit
910 3839 1108 3921 praedicatus.

337 4026 396 4090 Cap.
416 4025 433 4074 l.
476 4024 499 4074 1.
518 4026 632 4075 evenitur.
663 4026 732 4085 Quod
751 4033 775 4077 et
791 4027 871 4090 primo
887 4025 932 4076 tn.
990 4023 1015 4074 2.
1034 4026 1174 4076 intonuisset
1192 4032 1216 4074 et
1232 4039 1298 4076 nuuc
1313 4025 1377 4078 ABG.
1416 4024 1441 4077 b.

268 4109 367 4143 seorsus
386 4091 507 4143 Christum
526 4094 549 4142 d.
592 4108 703 4143 seorsum
722 4095 843 4144 Christum
861 4092 999 4144 Fulcinius.
1050 4093 1075 4142 4.
1102 4101 1235 4142 creatorem
1253 4094 1297 4143 tu.
1349 4093 1374 4143 b.
1392 4106 1442 4145 uun
1485 4106 1487 4111 '

268 4170 295 4210 ut
312 4162 471 4218 laborantem,
495 4160 538 4209 sed
556 4160 576 4209 vi
592 4162 742 4222 gestientem.
778 4160 892 4212 Ceterum
915 4160 939 4210 in
956 4160 1175 4224 praescriptionum
1194 4160 1346 4224 compendiis
1363 4161 1443 4212 vincit.

269 4227 395 4278 Decretum
415 4234 451 4276 cst
468 4226 557 4290 ubique
572 4227 611 4277 Fr.
623 4229 713 4278 lunius.
909 4240 925 4251 ·
1378 4234 1385 4244 '

302 4361 361 4424 Cap.
379 4361 398 4409 l.
439 4374 461 4409 ι.
485 4361 525 4409 nbi
544 4361 673 4424 posteritas
691 4354 830 4424 invenitur]
879 4360 946 4420 totis,
963 4360 1007 4410 red
1025 4359 1156 4410 dimidiatis
1174 4367 1198 4409 ct
1216 4360 1441 4412 tractissuirutuu·

268 4427 321 4477 lloe
342 4429 450 4477 tracuvit
473 4427 604 4491 Septimius
631 4427 665 4476 lle
683 4427 828 4492 Praeseript.
880 4435 919 4476 tur
936 4426 1035 4478 viribus.
1071 4425 1266 4492 Πανστρατιᾷ,
1293 4422 1440 4495 nnroudip,

267 4494 365 4546 llaeret.
382 4509 434 4559 cap.
446 4493 479 4544 20
491 4509 545 4559 sqq.
879 4494 1000 4544 adnotavit
1016 4494 1141 4557 Rigaltius.

225 4618 231 4635 ·
303 4596 327 4646 t·
346 4595 423 4659 riu
442 4590 539 4659 ΙίιΜΟ]
557 4593 609 4644 tb-
622 4593 641 4654 ¹2
659 4607 712 4658 er·
727 4593 750 4643 ¹·
877 4560 1443 4694 adultuli]luldlttluudn

301 4713 321 4748 c
341 4709 389 4746 non
412 4705 438 4746 ut
461 4690 633 4757 laborantem]
656 4693 753 4744 Scilicet
769 4694 826 4745 viri·
877 4696 949 4744 faciet
967 4696 1115 4760 comparatio
1133 4694 1262 4745 verborum
1278 4694 1444 4764 septinuba

265 4764 312 4817 hur
330 4765 382 4814 snb
399 4765 441 4814 uti.
483 4763 530 4823 Qui
553 4762 616 4812 euim
633 4761 753 4825 laborent,
777 4776 826 4812 non
877 4761 1023 4827 Praescript.
1041 4763 1136 4814 Haeret
1155 4776 1209 4826 erp.
1224 4762 1265 4814 15.
