3242 5775
338 634 397 698 172
592 648 691 699 QUlN'll
715 648 847 691 §milli
869 647 1034 692 rtousnrts
1055 647 1254 692 rauranum
1276 627 1281 634 ¹

200 819 317 876 capum.
417 797 584 859 Nazaraeus
605 797 703 857 vocari
726 796 854 858 babebat
875 796 1038 858 secundum
1059 795 1245 876 prophetiam
1260 795 1401 859 Christus
1422 816 1489 860 crea·

334 899 418 960 toria.
462 898 547 959 Unde
575 906 604 959 ct
630 898 697 976 ipso
726 898 847 959 nomine
874 915 931 958 nos
959 897 1059 959 ludaei
1081 897 1263 959 ¹Nazaraeos
1287 899 1434 978 appellant
1452 917 1489 978 pa

182 1014 411 1068 nunninacum.
453 998 527 1060 Nam
551 1007 580 1059 et
608 995 713 1059 sumus
741 999 778 1059 de
807 998 915 1078 quibus
943 998 1087 1078 scriptum
1116 1006 1178 1059 est:
1212 998 1356 1061 Nazaraei
1382 1000 1489 1062 exalbd

334 1110 404 1164 sunt
425 1118 515 1177 super
536 1098 649 1171 nivem,
681 1099 731 1178 qui
759 1098 872 1160 scilicet
899 1107 980 1160 retro
1007 1097 1125 1159 luridati
1147 1098 1367 1178 delinquentiae
1387 1099 1489 1164 maun

225 1201 319 1296 2253·
333 1211 362 1264 et
382 1200 488 1279 nigrati
510 1199 693 1279 ignorantiae
715 1200 858 1262 tenebris.
909 1198 1028 1260 Christo
1056 1208 1154 1260 autem
1182 1200 1340 1279 appellatio
1369 1202 1489 1266 Nazarra

308 1284 315 1296 ’
333 1303 527 1382 competitura
550 1309 613 1361 erat
633 1301 687 1362 'ex
709 1300 847 1361 inlantiae
868 1299 1007 1373 latebris,
1028 1299 1082 1361 'ad
1105 1319 1178 1379 quas
1194 1301 1273 1380 apud
1285 1301 1430 1364 Nazareth
1449 1301 1489 1368 do

334 1404 466 1476 scandit,
482 1467 484 1471 ,
499 1402 616 1463 vitando
645 1401 837 1474 Archelaum,
866 1400 958 1462 lilium
980 1400 1120 1463 Herodis.
1169 1401 1242 1475 lino,
1260 1411 1419 1484 propterea
1444 1419 1489 1466 nu

332 1503 438 1577 omisi,
461 1503 529 1582 quia
552 1502 702 1564 Christum
724 1502 883 1563 Marcionis
905 1510 1078 1581 oportuerat
1099 1521 1187 1564 omne
1209 1504 1422 1566 commercium
1442 1503 1489 1568 eia

332 1623 415 1665 rasse
436 1603 541 1664 ⁴etiam
564 1595 905 1665 locorum'ramiharium
928 1602 1039 1663 Christi
1060 1603 1219 1678 creatoris,
1247 1603 1405 1667 habentem
1427 1609 1489 1668 laub

326 1693 456 1767 ¹iudaeae
479 1705 604 1783 oppida,
637 1722 697 1764 non
721 1704 760 1765 ita
783 1704 900 1765 Christo
923 1702 1066 1764 creatoris
1095 1722 1150 1783 per
1171 1699 1336 1783 prophetas
1356 1703 1489 1768 ‘manti

329 1789 407 1886 pata.
441 1805 578 1866 Ceterum
600 1805 811 1884 prophetarum
833 1804 891 1876 erit
905 1804 1041 1865 Christus
1063 1802 1230 1884 ubicunque
1252 1807 1416 1869 secundum
1429 1823 1489 1887 pro

230 1907 436 1985 meriplenus
450 1905 608 1967 invenitur.
641 1906 677 1967 Ει
699 1914 796 1966 tamen
819 1905 896 1983 apud
911 1904 1055 1970 Nazareth
1077 1923 1194 1984 quoque
1208 1905 1283 1966 nihil
1303 1907 1374 1969 novi
1386 1913 1489 1972 notai!

232 1972 305 2016 Μ’
333 2007 537 2088 praedicasse,
561 2007 630 2067 dum
646 2007 720 2078 alio,
744 2006 850 2066 merito
867 2005 953 2066 unius
968 2005 1133 2084 proverbii,
1157 2005 1270 2067 eiectus
1285 2008 1423 2070 refertur.
1447 1999 1489 2072 Η

333 2108 461 2188 primum
490 2124 594 2167 manus
622 2106 648 2167 ei
676 2106 799 2168 iniectas
828 2106 1065 2168 animadvertens
1098 2125 1223 2168 necesse
1256 2108 1353 2170 babeo
1382 2105 1489 2170 iam&

335 2208 497 2270 substantia
528 2207 592 2268 eius
621 2206 768 2287 corporali
801 2207 976 2285 praefinire,
1014 2207 1094 2287 quod
1115 2226 1177 2269 non
1204 2209 1305 2289 possit
1332 2210 1489 2289 pbanlaau

333 2309 414 2372 credi
435 2309 486 2389 qui
508 2317 673 2371 contactum
696 2308 866 2387 etquidem
888 2307 1025 2369 violentia
1047 2309 1166 2389 plenum
1191 2310 1329 2371 detentus
1352 2319 1383 2372 ct
1402 2319 1489 2392 erptq

334 2419 364 2471 et
384 2412 421 2473 ad
443 2410 646 2489 praecipitium
669 2428 763 2488 usque
784 2417 951 2491 protractus
967 2409 1128 2471 admiserit.
1161 2410 1234 2471 Nam
1250 2411 1308 2472 etsi
1323 2429 1376 2490 per
1390 2409 1489 2480 medio

333 2512 440 2584 erasit,
464 2511 517 2572 sed
539 2519 606 2572 ante
628 2511 686 2572 iam
708 2511 766 2571 rim
789 2519 943 2589 expertus,
966 2519 996 2571 et
1015 2517 1120 2589 postea
1135 2510 1294 2587 dimissus,
1316 2512 1428 2574 scilicet
1446 2519 1489 2574 η’

331 2611 410 2684 luto,
433 2610 475 2671 uti
498 2610 624 2683 assolet,
650 2611 791 2685 tumultu,
814 2611 859 2672 vel
881 2612 969 2672 etiam
990 2611 1122 2690 irrupto,
1146 2630 1206 2672 non
1222 2620 1321 2674 tamen
1335 2607 1489 2692 pcrmligi

268 2767 277 2788 ,
332 2729 399 2772 nem
422 2711 541 2785 ⁰eluso,
564 2729 639 2790 quae
661 2711 732 2773 nulli
756 2713 879 2774 omnino
902 2712 992 2773 tactui
1014 2712 1205 2785 succidisset,
1229 2713 1254 2774 si
1276 2714 1393 2776 luisset

437 2813 572 2892 Tangere
593 2813 672 2874 enim
695 2820 725 2873 et
745 2814 842 2894 tangi,
865 2813 924 2874 nisi
946 2832 1072 2893 corpus,
1095 2813 1175 2874 nulla
1196 2823 1297 2893 potest
1317 2827 1394 2890 res·,

194 2916 420 2978 tumtun-otiam
443 2915 603 2979 saecularis
627 2914 771 2994 sapientia
793 2915 880 2995 digna
896 2915 1042 2977 sententia
1057 2925 1115 2976 est.
1145 2916 1190 2977 Ad
1206 2935 1370 2988 summam,
1392 2916 1489 2997 etin

331 3036 399 3079 mox
416 3018 511 3097 teligit
524 3017 614 3090 alios,
638 3015 745 3096 quihus
760 3035 865 3078 manus
881 3015 1054 3095 imponens,
1078 3016 1178 3094 utique
1196 3018 1385 3091 sentiendas,
1405 3016 1489 3079 beu

331 3119 396 3179 licia
417 3118 629 3180 medicinarum
650 3116 836 3190 conserebat,
860 3124 917 3177 tam
934 3136 1019 3190 vera,
1043 3126 1100 3178 tam
1123 3136 1184 3178 oon
1205 3118 1392 3197 imaginaria,
1412 3128 1489 3203 ¹1⁰¹.

331 3228 416 3280 erant
435 3238 489 3298 per
512 3237 585 3298 quas
608 3217 788 3279 conserebat.
832 3216 902 3296 lpse
922 3217 1013 3295 igitur
1034 3227 1082 3278 ost
1103 3218 1238 3280 Christus
1260 3220 1380 3291 Esaiae,
1400 3218 1489 3287 rand

187 3325 316 3379 uanunr.
330 3319 426 3381 diator
453 3320 661 3381 valetudinum.
709 3318 779 3392 Hic,
808 3317 919 3397 inquit,
950 3317 1165 3380 imbecillitates
1197 3330 1317 3384 nostras
1351 3318 1489 3383 aurati

329 3420 505 3500 'languores
521 3429 628 3501 portat.
656 3420 781 3481 Portare
795 3427 893 3480 antem
905 3416 1007 3481 Graeci
1023 3420 1111 3481 etiam
1134 3438 1188 3498 pro
1212 3440 1248 3481 eo
1272 3422 1369 3483 solent
1388 3426 1489 3501 pona

330 3523 409 3602 quod
425 3528 471 3581 est
485 3521 600 3583 tollere.
634 3521 750 3584 Sufficit
762 3519 880 3582 iuterim
894 3519 966 3580 mibi
981 3521 1128 3599 generalis
1144 3519 1368 3600 'repromissio
1393 3510 1489 3595 Qud

330 3637 446 3696 cunque
469 3622 615 3682 curaverit
635 3623 737 3692 lesus,
760 3639 845 3682 meus
866 3629 923 3681 cst.
958 3621 1116 3682 Veniemus
1136 3620 1254 3684 'tamen
1277 3631 1306 3685 et
1328 3622 1365 3706 ad
1384 3612 1489 3702 spe&

326 3717 524 3784 curationum.
554 3719 692 3783 Ceterum
708 3731 738 3784 et
751 3741 767 3784 a
781 3721 947 3784 daemoniis
967 3721 1094 3785 liberare
1115 3723 1227 3784 curatio
1249 3733 1297 3785 cst
1317 3708 1489 3786 vuerudtd

324 3823 431 3894 ltaque
453 3815 577 3892 spiritus
600 3837 726 3900 nequam
749 3823 834 3902 quasi
856 3841 892 3884 ex
912 3822 1029 3884 lormab
1056 3824 1114 3885 iam
1142 3824 1252 3903 prioris
1282 3824 1407 3905 exempli
1432 3824 1489 3885 a!

163 3915 301 3977 uuonan.
322 3912 503 3984 testimonio
532 3921 714 3985 excedebant
741 3925 952 3997 anchoraum,
985 3925 1030 3986 Tu
1059 3943 1092 3986 cs
1121 3926 1199 3987 lilius
1228 3927 1287 3988 dei.
1330 3925 1420 3989 Cuius
1439 3916 1489 3985 d!

313 4016 369 4085 rel
396 4008 470 4069 '⁰¹¹5ss
489 4026 620 4088 limat&
666 4024 726 4085 Sed
747 4026 873 4105 proinde
895 4025 1122 4106 increpabantur
1143 4036 1173 4088 et
1195 4026 1372 4089 iubebantur
1392 4028 1489 4090 nou!

395 4159 529 4220 Capilli.
568 4165 589 4212 l.
609 4167 746 4226 Nazaraeos
763 4179 933 4230 cd.i'oticzour
952 4179 1017 4228 alter.
1052 4179 1190 4228 Nazaraeos
1207 4179 1300 4243 reliqui.
1335 4178 1478 4231 2010.-

291 4243 323 4293 3.
370 4227 399 4278 ld
417 4224 533 4274 Mil-3⁶⁰·
586 4232 611 4281 4·
630 4246 654 4284 et
671 4241 697 4288 h.
756 4245 780 4295 5.
800 4246 934 4309 mancipare
951 4246 1091 4297 Falerios.
1153 4247 1177 4297 6.
1195 4247 1248 4296 eins
1266 4261 1280 4294 o
1299 4260 1361 4310 quaa
1380 4248 1404 4298 ι’.
1450 4230 1489 4291 d.

285 4310 388 4382 eqffl
406 4291 430 4340 B·
491 4290 513 4340 7·
533 4293 647 4357 ltnsores
673 4306 708 4368 B,
725 4327 770 4375 pro
789 4328 859 4364 more.
917 4312 940 4362 8.
960 4314 1092 4377 promissio
1110 4314 1137 4363 h.
1195 4313 1220 4362 9.
1244 4320 1325 4364 autem
1343 4296 1489 4381 adh}

276 4378 366 4425 mc
382 4356 482 4410 om.llG.
1487 4408 1489 4417 ι

355 4486 492 4565 Qun·
536 4504 557 4537 ⁸·
577 4495 646 4544 ”⁰¹¹²
665 4511 749 4561 potest
768 4510 820 4578 res]
846 4516 891 4566 Est
940 4497 1011 4564 blare.
1024 4515 1085 4574 l,lb
1103 4530 1165 4575 „cor
1182 4514 1341 4565 substantiam
1355 4510 1489 4577 capere!

263 4563 426 4622 Lu⁶s⁰²¹¹
445 4553 477 4600 ⁰⁰
495 4555 582 4628 Qum
600 4560 655 4610 Nu·
675 4566 768 4645 hilii-'³-
797 4583 890 4635 citatur
938 4586 1025 4647 paruit,
1046 4584 1091 4632 nisi
1111 4583 1208 4632 domino
1226 4582 1460 4632 toruuomaiom

263 4635 387 4685 idem
405 4634 485 4671 V⁰¹⁵¹¹⁸
504 4628 588 4670 'stium
608 4625 643 4674 ⁰⁸
662 4635 749 4687 Antma
770 4651 860 4709 capb.
941 4651 975 4698 lle
999 4651 1068 4699 Cultu
1094 4652 1183 4701 l'amin.
1202 4649 1257 4709 tto
1281 4650 1345 4709 „llle
1368 4644 1450 4699 indnb'

360 4696 382 4744 b·
400 4702 426 4737 0¹
444 4684 531 4750 ΜΨ]
549 4688 585 4736 Cf·
605 4693 701 4749 ⁸⁶⁰⁰&
713 4707 745 4754 ad
756 4709 790 4759 lle
801 4715 890 4768 ldolol.
941 4717 1078 4767 huiusmodi
1098 4718 1190 4780 ingania
1201 4715 1351 4766 concinnavit
1362 4717 1421 4767 ntia
1431 4698 1489 4765 ὦ

273 4777 378 4826 θῦν·
391 4755 428 4806 ¹⁸·
940 4791 1020 4850 pareat
1039 4799 1125 4837 manua
1143 4800 1185 4836 roa
1202 4784 1382 4848 quodammodo
1400 4776 1489 4834 dasle

360 4843 380 4876 c.
397 4815 496 4886 pareat]
521 4819 571 4870 noe
595 4832 634 4874 eat
660 4844 792 4895 appareat.
833 4851 890 4903 ude,
941 4851 1033 4902 serras·
