3242 5775
737 628 775 670 ns
798 629 897 672 sumt.
1339 616 1402 681 585

214 777 356 856 patiente
371 784 443 837 tunc
457 776 585 837 auimo⁰.
620 777 756 838 Ceterum
777 779 893 840 animae
914 778 1117 858 principaliter
1138 798 1225 842 cesus
1246 788 1303 843 est.
1340 783 1405 845 lloc

215 878 331 940 ¹'unde
355 876 512 939 firmatur?
535 879 614 956 quod
638 879 733 939 anima
756 879 890 958 digressa
913 898 968 941 nec
989 880 1105 942 animus
1128 881 1159 941 in
1181 882 1303 944 bomine
1317 884 1402 945 iuve-
1485 935 1491 954 ,

219 980 338 1052 ulatur3
367 979 407 1039 itu
430 978 507 1039 illam
531 979 639 1057 ubique
663 980 813 1058 sequitur,
843 1000 859 1042 a
881 1000 937 1060 qua
959 980 1045 1042 ³⁰nec
1066 982 1096 1041 in
1119 982 1178 1043 line
1200 982 1402 1046 subremanet.

222 1081 297 1142 Cum
321 1098 392 1140 vero
416 1078 579 1159 ³¹sequitur
600 1089 630 1142 et
651 1080 806 1153 addicitur,
830 1082 954 1161 perinde
973 1082 1139 1144 intellectus
1156 1084 1271 1146 animae
1286 1083 1402 1146 ”addi-

224 1182 300 1243 citur
322 1200 410 1261 quam
434 1182 567 1260 sequitur
588 1181 722 1254 animus,
746 1183 792 1242 cui
816 1181 961 1243 addicitur
983 1182 1160 1243 intellectus.
1199 1184 1246 1245 Sit
1272 1202 1352 1248 nunc
1372 1195 1403 1247 ct

224 1282 324 1362 potior
345 1282 467 1344 ”seusu
489 1283 671 1354 intellectus,
694 1292 724 1343 et
745 1284 847 1361 potior
864 1283 1000 1362 cognitor
1015 1293 1289 1360 sacramentorum,
1312 1286 1401 1348 dum·

226 1385 314 1445 modo
339 1385 455 1463 etipse
477 1383 597 1463 propria
626 1385 670 1445 vis
699 1384 830 1455 animae,
865 1385 943 1463 quod
973 1396 1003 1446 et
1030 1403 1149 1445 sensus.
1200 1385 1280 1447 Nibil
1306 1386 1402 1449 ³⁴mea

227 1486 367 1558 interest,
396 1485 453 1545 uisi
477 1503 543 1545 cum
566 1485 675 1546 idcirco
697 1488 864 1563 praefertur
886 1485 990 1546 sensui
1019 1485 1201 1558 intellectus,
1232 1495 1265 1548 ut
1287 1506 1323 1548 ex
1345 1488 1404 1549 boc

229 1606 344 1667 quoque
367 1585 533 1664 separatior
555 1586 697 1646 habeatur
719 1605 777 1664 quo
793 1586 922 1666 ³5potior
938 1587 1111 1648 allirmatur.
1146 1586 1232 1648 'lunc
1246 1588 1318 1650 mibi
1333 1598 1404 1668 post

230 1687 420 1748 differentiam
444 1687 531 1746 etiam
554 1686 723 1765 ³⁶praelatio
746 1687 929 1748 retundenda
953 1694 1013 1760 est,
1046 1686 1068 1718 ³⁷
1073 1697 1254 1766 perventuro
1283 1707 1402 1768 quoque

231 1807 319 1867 usque
342 1787 379 1849 ad
401 1787 526 1867 potioris
549 1787 596 1847 dei
619 1789 855 1866 persuasionem.
891 1789 949 1850 Sed
965 1789 1002 1849 dc
1018 1788 1074 1849 deo
1091 1806 1147 1849 suo
1163 1806 1282 1867 quoque
1297 1808 1400 1868 campo

232 1889 415 1969 experiemur
436 1907 501 1949 cum
525 1888 693 1949 haereticis.
736 1888 821 1949 Nunc
843 1890 880 1950 de
902 1889 998 1950 anima
1028 1889 1128 1950 titulus
1157 1898 1188 1950 et
1215 1888 1284 1951 ”de
1311 1889 1401 1951 intel-

234 1989 302 2052 lectu
324 2009 387 2050 non
411 1989 554 2050 insidiose
577 1989 772 2068 praeterendo
789 1989 882 2051 locus.
917 1990 991 2050 Nam
1014 1991 1071 2051 etsi
1092 1991 1212 2070 potiora
1235 1998 1307 2052 sunt
1327 2009 1402 2069 quae

236 2090 375 2152 intellectu
399 2090 582 2168 attinguntur
604 2098 636 2150 ut
657 2090 800 2169 spiritalia
824 2110 910 2169 quam
941 2110 1016 2170 quae
1045 2110 1136 2153 sensu
1163 2100 1197 2153 ut
1224 2092 1400 2171 corporalia,

237 2209 324 2253 rernm
349 2191 406 2251 erit
428 2190 584 2269 praelatio,
609 2192 815 2253 sublimiorum
839 2192 952 2252 scilicet
967 2192 1109 2252 adversus
1127 2192 1316 2266 humiliores,
1339 2211 1401 2254 non

238 2291 393 2354 intellectus
426 2293 567 2353 adversus
599 2312 733 2353 sensum.
790 2293 948 2365 Quomodo
981 2293 1059 2353 euim
1087 2296 1271 2372 praeferatur
1298 2293 1401 2355 sensui

241 2391 410 2464 intellectus,
443 2412 540 2471 aquo
565 2394 742 2454 iulormatur
763 2394 798 2453 ad
823 2393 1022 2471 cognitionem
1045 2392 1225 2454 veritatum?
1268 2394 1300 2455 Si
1323 2394 1401 2454 enini

241 2496 366 2556 ueritates
390 2513 445 2573 per
467 2493 609 2572 imagines
632 2494 911 2573 apprehenduntur,
945 2493 974 2553 id
1003 2503 1050 2556 est
1071 2494 1229 2555 invisibilia
1251 2513 1306 2573 per
1328 2494 1401 2555 risi-

243 2591 298 2656 bilia
325 2603 507 2666 noscuntur,
541 2596 609 2673 quia
632 2606 659 2656 et
682 2596 837 2675 apostolus
867 2594 953 2655 uobis
983 2594 1101 2666 scribit,
1135 2595 1294 2657 Invisibilia
1322 2595 1529 2673 emmonim

245 2696 295 2758 eius
308 2718 324 2759 a
339 2696 511 2759 conditione
533 2697 634 2757 mundi
658 2698 694 2758 de
709 2695 918 2758 factitamentis
933 2694 1079 2757 intellecta
1093 2696 1240 2768 visuntur,
1263 2707 1293 2757 et
1303 2694 1404 2758 Plato¹

246 2793 403 2867 haereticis,
433 2797 535 2858 Facies
564 2798 747 2859 occultorum
777 2817 809 2857 ea
841 2816 915 2877 quac
928 2781 1093 2875 apparent,
1124 2805 1154 2857 ct
1181 2815 1305 2877 necesse
1326 2796 1404 2860 ³⁰est

248 2903 351 2960 omuino
381 2901 460 2960 hunc
487 2901 629 2959 mundum
660 2901 817 2978 imaginem
846 2900 991 2979 quandam
1021 2918 1088 2960 esse
1116 2899 1238 2960 alterius
1266 2900 1402 2973 alicuius,

249 2995 395 3079 lequidem
419 3001 458 3060 ibi
483 3001 597 3060 videtur
619 3002 785 3062 intellectus
807 3003 882 3061 duce
905 3001 945 3061 uti
970 3019 1061 3060 seusu
1080 3009 1109 3060 et
1123 3008 1244 3061 auctore
1266 3008 1297 3062 et
1317 3001 1402 3080 prin-

250 3098 313 3176 cipali
334 3103 541 3172 fundamento,
566 3121 621 3162 nec
644 3103 708 3162 sine
730 3103 780 3162 illo
803 3102 941 3162 veritates
959 3120 1050 3180 posse
1065 3101 1206 3178 contingi.
1244 3100 1403 3172 Quomodo

250 3215 302 3278 ergo
323 3206 423 3283 potior
445 3204 500 3263 erit
522 3223 558 3262 eo
581 3223 635 3281 per
657 3220 743 3280 quem
766 3212 829 3274 est,
853 3222 912 3281 quo
935 3213 1017 3280 eget,
1040 3202 1086 3262 cui
1109 3200 1198 3260 debet
1213 3208 1307 3260 totum
1323 3200 1405 3279 qnod

251 3301 369 3382 attingit?
407 3305 448 3364 lta
466 3317 621 3381 utrumque
636 3303 838 3373 concluditur,
861 3321 956 3380 neque
978 3300 1206 3379 praeterendum
1228 3299 1332 3359 sensui
1355 3301 1403 3359 in·

251 3401 394 3477 tellectum,
422 3423 583 3483 perquem
608 3404 686 3464 euim
710 3402 777 3480 quiid
803 3411 933 3473 constat,
963 3402 1087 3461 inferius
1118 3401 1185 3477 ipso
1215 3405 1278 3471 cst,
1307 3416 1405 3475 neque

252 3508 426 3581 separandum
449 3525 464 3565 a
488 3525 595 3576 sensn,
620 3523 673 3583 per
695 3503 774 3581 quod
798 3503 876 3563 enim
899 3502 968 3581 quid
993 3510 1055 3573 est,
1079 3518 1144 3560 cum
1167 3499 1233 3576 ipso
1256 3503 1313 3556 est.

317 3608 390 3668 ¹Scd
424 3626 462 3667 ne
496 3607 535 3667 illi
568 3607 686 3683 (pridem
719 3604 926 3682 praetereundi
955 3601 1003 3679 qui
1037 3600 1082 3660 vel
1112 3598 1227 3659 modico
1257 3598 1529 3677 temporiscpmr

252 3700 348 3769 bibant
369 3700 496 3769 animuin
520 3707 679 3766 intellectu.
718 3704 847 3764 Proinde
870 3702 948 3761 euim
972 3701 1048 3761 viam
1072 3708 1208 3761 sternunt
1229 3707 1334 3778 postea
1356 3697 1405 3759 iu-

253 3798 354 3870 lucendi
378 3811 459 3879 eius,
490 3808 568 3867 sicut
589 3807 637 3866 ²et
658 3806 763 3878 animi,
793 3825 809 3864 a
838 3822 896 3883 quo
920 3802 1031 3863 scilicet
1052 3800 1206 3882 proveniat
1228 3799 1405 3861 intellectus.

252 3949 603 4023 illudebrmaturquodb,
624 3977 673 4009 cum
690 3959 857 4007 Fulullrsiuo.
910 3954 950 4004 30.
971 3957 1060 4015 uelli.
1095 3956 1327 4018 aequationem.
1363 3951 1404 4002 31.

251 4029 437 4086 requiemnon.
491 4029 530 4077 32.
558 4029 660 4076 adicitur
678 4028 719 4085 ilfi.
774 4023 814 4073 33.
834 4025 915 4072 sensui
934 4025 977 4073 illi.
1031 4022 1071 4072 34.
1097 4023 1247 4085 lneallmy.
1301 4021 1406 4083 35.pn-

251 4087 319 4145 litt.
371 4096 412 4145 36.
432 4098 576 4158 praelatione
597 4096 716 4143 tundenda
736 4094 760 4141 B.
814 4092 854 4141 37.
874 4100 1017 4154 perventuro
1042 4105 1138 4153 quoquo
1163 4104 1239 4153 usqne
1257 4105 1307 4152 epo.
1348 4104 1406 4152 per-

251 4168 441 4227 teuturaquoque
462 4165 612 4226 usqueltc'u.
655 4171 796 4224 perventura
818 4161 937 4222 risqucl.
979 4166 1122 4222 perventuro
1147 4160 1263 4220 usquell.
1316 4155 1406 4206 38.tle

200 4274 205 4284 .
251 4233 344 4281 lucan,
391 4232 431 4280 39.
452 4233 563 4279 ostilio.
601 4232 765 4292 cssereliqni.
807 4228 977 4290 idemtidem
998 4226 1206 4286 ibisideturcpo.
1244 4224 1342 4287 etquid
1361 4225 1407 4273 sibi

251 4293 323 4348 ilem
340 4302 364 4348 ii.
402 4310 423 4347 et
443 4301 506 4362 quod
527 4300 572 4346 sibi
592 4300 683 4345 videtui·
703 4298 739 4344 Cu.
776 4296 868 4343 videtur
887 4299 926 4344 Ab.

302 4367 355 4430 Cap.
376 4368 434 4416 llll.
473 4368 490 4414 l.
518 4365 724 4414 lNTElLECTllll
751 4364 867 4411 SElll’Ell
895 4361 1021 4418 tsEllll'Ell
1040 4376 1083 4409 om.
1100 4359 1135 4416 A.)
1160 4357 1270 4407 illllllllli
1292 4358 1407 4409 inesse.

252 4423 339 4483 sedin.
377 4436 423 4482 Sed
448 4437 541 4496 reliqui.
603 4433 897 4494 letauimiaquob.
943 4427 1248 4492 etanunimaquoltp.
1292 4427 1408 4476 etenimi

252 4504 395 4564 moquonp.
432 4502 663 4564 etairimaquoll.
701 4501 821 4547 inanimo
844 4499 881 4547 Cn.

277 4646 293 4678 t.
309 4638 348 4685 sed
363 4639 523 4699 compatiente
537 4645 594 4686 tirno
607 4631 708 4698 animo]
727 4636 792 4684 Cou—
847 4633 880 4681 Dc
900 4631 963 4693 Opil.
983 4629 1086 4694 cupid.
1112 4638 1135 4680 ct
1159 4627 1407 4688 lust.lliv.llll,12.

253 4699 332 4751 iterium
350 4707 460 4753 dicebant
486 4707 525 4766 quii
544 4705 723 4764 distinguebant
741 4703 793 4750 ani·
847 4702 889 4761 (La
908 4699 1004 4753 Cerdal.

255 4772 303 4838 nom
321 4774 346 4820 ab
366 4775 452 4831 anima,
471 4774 683 4822 scilicetdemente
697 4771 794 4818 bomine
881 4769 898 4816 i.
917 4762 996 4832 Plato]
1016 4767 1075 4816 Plet.
1094 4766 1155 4816 Tim.
1173 4764 1280 4830 p.29sq.
1299 4761 1407 4826 p.3'lsq.

256 4829 423 4901 tltreanimnm,
443 4843 663 4889 manereauimam.
689 4839 794 4887 lactant.
