3242 5775
286 645 349 707 220
540 659 640 710 ournrr
663 652 793 701 senatun
816 659 981 702 recrearis
1004 659 1199 702 ιιιιτιιιιιιιιι

286 808 452 880 incredula,
482 807 620 888 quamdiu
644 827 695 870 ero
718 808 886 881 vobiscum,
917 808 1055 888 quamdiu
1076 827 1128 870 ros
1150 806 1334 872 sustinebo?

286 911 472 989 eruptionem
495 910 560 971 eius
582 911 683 989 utique
705 911 763 972 lroc
784 908 873 970 modo
895 908 1076 971 ³iustissime
1098 919 1335 989 repercuterem:

286 1012 353 1090 quis
376 1020 429 1083 est
449 1005 679 1093 *ἐπερχόμενε,
702 1010 786 1089 prius
807 1011 862 1071 ede
884 1009 935 1090 qui
957 1013 1017 1083 sis,
1040 1029 1056 1071 a
1079 1029 1136 1089 quo
1159 1010 1277 1084 venias,
1301 1029 1365 1090 quo·

285 1115 331 1175 ius
354 1113 446 1174 sitin
468 1110 578 1174 nobis?
616 1112 715 1192 Usque
730 1112 839 1184 adhuc,
863 1120 950 1191 puto,
972 1110 1115 1174 creatoris
1138 1130 1187 1185 es,
1210 1120 1241 1174 et
1262 1111 1330 1172 ideo
1346 1111 1365 1172 ἰ

285 1233 389 1275 sumus
417 1222 667 1292 recognoscentes
696 1213 795 1273 omnia
823 1212 901 1274 illius
929 1212 958 1272 in
987 1222 1026 1274 te.
1077 1212 1193 1284 Quodsi
1220 1212 1256 1273 ab
1283 1212 1333 1272 illo
1361 1231 1365 1248 ι

285 1314 465 1377 admittimus
489 1314 730 1393 increpationem.
775 1314 807 1375 Si
830 1332 900 1374 vero
923 1312 972 1375 alii
992 1313 1073 1392 agis,
1103 1332 1157 1375 oro
1180 1323 1224 1384 te,
1254 1313 1352 1385 dicas,

284 1416 372 1477 nobis
394 1415 551 1495 aliquando
573 1414 766 1477 ⁶commisisti
789 1415 928 1475 duntaxat
950 1413 986 1474 de
1008 1423 1076 1488 tuo,
1109 1414 1188 1493 quod
1210 1415 1268 1476 iam
1292 1413 1365 1475 credi

284 1516 507 1589 debuissemus,
531 1525 563 1577 ut
585 1516 748 1596 exprobres
770 1514 1019 1589 incredulitatem,
1042 1514 1092 1594 qui
1114 1534 1169 1577 nec
1185 1515 1353 1577 'auctorem

283 1637 379 1698 usque
401 1617 496 1679 adbuc
517 1616 605 1678 edis?
640 1618 735 1690 Quam
757 1617 828 1678 olim
849 1625 948 1678 autem
971 1616 1048 1695 apud
1070 1634 1126 1677 nos
1148 1635 1235 1694 agere
1256 1616 1365 1695 eoepist

284 1729 400 1799 tempus
424 1738 542 1798 quoque
564 1716 723 1797 opponas?
766 1719 799 1778 ln
823 1718 929 1797 quibus
952 1728 1048 1779 autem
1076 1737 1132 1778 nos
1153 1717 1338 1791 sustinuisti,

283 1819 453 1899 patientiam
474 1817 591 1880 iactes?
623 1819 732 1881 Asinus
747 1818 784 1879 de
798 1818 908 1897 Aesopi
928 1826 1019 1897 puteo
1043 1817 1131 1879 modo
1154 1818 1228 1879 'buc
1247 1817 1365 1899 apparui

283 1920 340 1980 iarn
356 1920 505 1982 exclamat.
538 1919 613 1992 Quis
634 1921 713 1980 ”non
735 1920 774 1981 ita
796 1918 969 1981 iniustitiam
993 1917 1204 1999 increpationis
1226 1919 1365 1982 retudisse

283 2021 347 2082 eius
369 2040 435 2082 eum
459 2021 636 2083 credidisset
657 2020 706 2101 qui
728 2020 860 2081 nondum
882 2021 967 2098 queri
989 2018 1163 2082 debuisset?
1205 2020 1270 2082 Nisi
1293 2019 1365 2099 quod

281 2122 329 2183 ille
351 2140 404 2183 eos
428 2121 586 2192 insilisset,
615 2122 722 2182 sinon
746 2121 817 2182 olim
840 2121 916 2199 apud
939 2120 1006 2181 illos
1029 2120 1059 2181 in
1086 2121 1167 2199 lege,
1198 2121 1256 2182 ¹⁰in
1285 2121 1365 2203 propi

281 2221 310 2282 in
333 2222 492 2284 virtutibus
515 2230 544 2283 el
565 2221 715 2283 beneficiis
739 2223 909 2284 deversatus
937 2221 1105 2283 incredulos
1128 2241 1248 2301 semper
1268 2224 1365 2286 luisset

169 2320 223 2363 ⁰¹⁰·
230 2317 265 2369 ¹¹
177 2332 391 2413 ⁴⁸„433.pertus
426 2324 485 2385 Sed
501 2343 568 2385 eece
585 2323 720 2383 Christus
743 2322 837 2402 diligit
857 2323 1011 2412 parrulos,
1035 2322 1107 2385 tales
1130 2342 1197 2384 esse
1213 2323 1324 2385 docens
1339 2323 1365 2385 dt

165 2422 263 2527 ,fo
278 2424 327 2508 qui
350 2443 468 2504 semper
489 2425 617 2485 maiores
641 2424 730 2484 velint
752 2443 828 2486 esse.
873 2424 995 2486 Creator
1021 2433 1118 2486 autem
1148 2443 1237 2486 ursos
1266 2424 1365 2505 pueris

280 2525 375 2598 misit,
410 2524 554 2587 ulciscens
584 2518 779 2586 ¹¹Helisaeum
811 2525 975 2605 propheten
1008 2525 1138 2587 convicia
1169 2525 1205 2587 ab
1239 2526 1283 2587 eis
1315 2543 1365 2604 pas

279 2626 357 2688 Satis
379 2625 535 2705 impudens
555 2625 733 2698 Antithesis,
755 2644 821 2686 oum
844 2633 904 2692 tam
926 2626 1041 2686 diversa
1064 2626 1236 2699 committit,
1258 2625 1365 2705 parvuli

278 2745 404 2806 pueros,
438 2726 626 2787 innocentem
655 2726 751 2788 adbuc
776 2735 902 2787 aetatem
930 2736 960 2788 et
981 2726 1079 2788 iudicii
1109 2727 1165 2788 iam
1188 2746 1340 2805 capacem,

278 2827 432 2889 conviciari
461 2835 593 2907 poterat,
627 2845 666 2888 ne
695 2827 788 2889 dicam
817 2826 1058 2909 ¹'blasphemare
1116 2826 1230 2901 1’Βίὶιιιι
1259 2847 1329 2909 ergo
1350 2827 1365 2888 it

277 2929 366 3002 deus,
399 2947 456 2990 nec
476 2929 578 3007 pueris
601 2928 699 3008 impiis
722 2928 867 3008 pepercit,
901 2928 1019 3007 exigens
1047 2929 1151 2990 maiori
1179 2929 1268 2991 aetati
1290 2930 1365 2991 bono

277 3037 307 3092 et
329 3028 430 3107 utique
452 3031 544 3108 magis
566 3049 582 3091 a
604 3030 736 3102 minore3
768 3049 826 3109 qua
847 3047 916 3091 vero
939 3029 1052 3101 bonus,
1081 3030 1155 3091 adeo
1184 3029 1279 3110 diligit
1300 3049 1365 3110 para

278 3141 311 3190 uc
338 3131 414 3209 apud
436 3132 596 3211 Aegyptum
623 3131 803 3193 benefecerit
831 3130 1057 3205 obstetricibus,
1093 3130 1318 3209 protegentibus
1343 3149 1365 3211 p

277 3229 429 3295 Hebraeos
450 3231 651 3311 periclitantes
673 3232 770 3294 edicto
784 3230 958 3292 Pharaonis.
995 3230 1038 3292 lta
1061 3240 1090 3293 et
1111 3231 1183 3293 baec
1203 3231 1365 3294 allectiotll

279 3351 345 3394 cum
369 3332 529 3394 ¹'creatore
552 3341 608 3394 est.
640 3333 701 3393 lam
716 3351 795 3393 nune
809 3332 883 3392 deus
899 3331 1072 3405 Marcionis,
1095 3331 1145 3410 qui
1167 3332 1365 3394 connubium

276 3443 425 3508 versatur,
448 3434 598 3514 quomodo
619 3432 713 3496 videri
734 3440 833 3512 potest
852 3431 1043 3511 parvulorum
1064 3431 1202 3505 dilector,
1236 3452 1362 3513 quorum

277 3554 365 3597 causa
387 3534 567 3597 connubium
590 3533 659 3595 esti
693 3534 749 3606 Qui
766 3538 869 3593 semen
885 3533 963 3604 odit,
986 3534 1113 3594 fructum
1136 3552 1254 3612 quoque
1276 3551 1365 3595 essen

276 3654 400 3696 necesse
429 3637 502 3694 est.'
532 3635 617 3696 ¹⁵Nae
645 3634 693 3695 ille
722 3633 839 3695 saevior
866 3632 1020 3694 habendus
1048 3633 1189 3712 Aegyptio
1218 3645 1317 3711 reget.

275 3735 389 3796 Pharao
412 3734 530 3796 educari
553 3754 612 3796 non
634 3734 750 3796 sinebat
770 3734 914 3808 infantes,
936 3734 994 3794 iste
1008 3752 1064 3795 nec
1084 3733 1181 3806 nasei,
1203 3735 1365 3795 auterensr

274 3836 332 3899 illis
354 3837 442 3898 etiam
465 3835 567 3897 decem
590 3837 736 3898 mensium
758 3834 787 3897 in
811 3843 907 3896 utero.
944 3836 981 3895 nt
1002 3834 1079 3895 enim
1095 3842 1203 3913 quanto
1220 3834 1365 3897 eredibilia

274 3939 339 3999 eius
363 3938 523 4017 deputetur
543 3939 660 3999 allectio
682 3938 714 3998 in
735 3935 875 4016 parvulos
908 3936 958 4014 qui
988 3934 1187 3997 benedicendo
1209 3934 1365 3997 connubias

273 4037 515 4119 propagationem
538 4039 655 4116 generis
677 4037 795 4098 bumani
817 4036 916 4115 ipsum
938 4055 1055 4115 quoque
1076 4036 1202 4097 fructum
1225 4034 1361 4097 connubii

272 4139 436 4201 nedioendo
459 4137 612 4216 promisit,
635 4136 743 4217 quide
765 4137 885 4198 inlantia
900 4135 1013 4215 primus
1028 4134 1096 4199 est?
1128 4136 1365 4215 Repraesentatu

273 4355 296 4404 3.
316 4358 419 4405 institiae
437 4355 480 4404 BG.
531 4355 555 4404 1.
573 4356 776 4420 perehomensB.
830 4355 853 4406 5.
877 4356 955 4404 secari
981 4357 1005 4406 Β.
1058 4355 1082 4405 o.
1101 4355 1241 4405 commisisti
1258 4370 1304 4404 οιιι.
1315 4348 1365 4404 ece

272 4423 405 4472 auditorem
425 4421 467 4470 BG
519 4420 658 4472 &beleb
711 4424 818 4473 tlnout
837 4423 975 4472 inruentum
995 4423 1036 4473 BG
1091 4424 1130 4473 10
1148 4422 1288 4471 tuorem
1331 4419 1365 4470 11.

272 4488 358 4538 lissum
378 4490 434 4539 noa.
488 4486 528 4535 12.
547 4489 709 4551 blasphemari
728 4492 771 4540 dt).
826 4491 885 4539 125.
905 4490 1033 4548 Quinctio.
1082 4488 1290 4540 lacrumae
1334 4484 1365 4537 ts

271 4563 379 4605 versatur
396 4557 439 4605 nd.
460 4555 662 4606 Vaticannsunes.
697 4565 819 4608 aversatur
835 4560 928 4622 reliqui.
983 4557 1021 4608 15.
1039 4557 1131 4609 Necd.

270 4723 365 4774 melios.
401 4723 459 4774 Νιιιι
479 4721 546 4785 prins
567 4723 590 4771 in
610 4739 714 4787 persona
733 4725 829 4775 israelis
915 4741 937 4788 g.
955 4725 1005 4775 Nae
1023 4726 1065 4776 ille
1082 4725 1174 4783 sacrior
1190 4720 1365 4779 babendum

270 4791 326 4853 agit,
342 4792 387 4841 iam
399 4792 421 4841 1ιι
433 4790 829 4855 personsdiscipulornmcbristi.
881 4787 950 4870 rege]
975 4793 1017 4843 llis
1034 4792 1114 4844 verbis
1130 4791 1202 4841 utitur
1217 4788 1241 4837 1ιι
1259 4786 1340 4839 eaden
1356 4796 1365 4833 ι

270 4857 320 4920 (Fr.
331 4858 433 4925 lanias.)
882 4861 952 4910 stiam
972 4858 1043 4909 libl.
1063 4876 1114 4925 cap.
1125 4856 1166 4909 29.
