3242 5775
191 601 206 614 .
321 567 386 635 ⁸5⁴
599 580 702 634 cumr!
723 579 858 641 {milli
876 579 1045 626 accusante
1064 579 1265 627 annuntiant

319 735 424 799 disset.
456 731 613 807 Libertas,
635 749 696 795 non
718 732 898 805 necessitas,
920 730 977 793 deo
1001 730 1152 810 competit
1184 730 1261 794 biolo
1275 730 1409 795 voluerit
1422 733 1499 796 mala

319 851 338 898 a
360 834 524 914 semetipso
546 832 719 896 condidisse
741 834 856 914 “quam
878 850 939 894 non
962 832 1093 913 potuerit
1113 850 1176 894 non
1197 832 1379 896 condidisse.

177 956 303 1015 capuan
404 935 490 1000 Unici
511 934 559 996 dei
580 942 675 997 status
698 936 775 997 bano
788 934 920 1015 regulam
943 933 1104 1007 ¹rindicat‚
1126 951 1189 996 non
1210 927 1300 996 aliter
1317 934 1416 1009 unici,
1439 935 1498 997 nisi

318 1038 389 1121 qnia
410 1037 521 1110 solius,
544 1054 606 1097 non
628 1035 712 1097 aliter
733 1035 845 1110 cobus,
866 1034 926 1096 nisi
948 1034 1016 1115 quia
1036 1034 1111 1096 nibil
1132 1053 1199 1097 oum
1221 1034 1283 1096 illo.
1321 1037 1372 1098 Sic
1386 1044 1418 1098 et
1431 1037 1498 1117 pri·

318 1157 386 1204 mus
408 1139 481 1213 erit,
503 1137 571 1217 quia
594 1138 699 1199 omnia
714 1149 786 1217 post
807 1136 905 1198 illum:
928 1136 974 1198 sio
994 1135 1094 1198 omnia
1107 1136 1290 1217 postitium,
1314 1137 1382 1217 quia
1398 1139 1498 1200 omnia

318 1239 356 1303 ab
378 1240 445 1303 illo:
468 1239 513 1301 sic
534 1238 570 1299 ab
594 1238 661 1311 illo,
684 1237 753 1317 quia
775 1256 811 1298 ex
831 1237 945 1312 nihilo,
973 1245 1007 1298 ut
1027 1236 1069 1298 illi
1091 1256 1210 1317 quoque
1232 1237 1397 1319 scripturae
1418 1240 1496 1300 ratio

192 1337 299 1443 „RQ
319 1348 446 1403 constet
492 1339 566 1412 Quis
588 1339 728 1417 cognovit
749 1355 874 1399 sensum
895 1336 1032 1400 dominii
1064 1346 1116 1399 aut
1143 1339 1210 1417 quis
1238 1338 1280 1399 illi
1309 1338 1494 1401 consiliarius

222 1418 229 1440 ’
317 1439 397 1503 fuiti
419 1448 470 1502 aut
485 1458 573 1519 quern
588 1437 790 1501 ’consultatus
806 1437 894 1501 osv?
916 1447 968 1499 aut
982 1437 1060 1499 viam
1074 1438 1292 1520 intellegentiae
1309 1449 1340 1502 et
1354 1440 1498 1503 scientiae

320 1542 387 1622 quis
408 1539 641 1602 'demonstravit
662 1537 728 1600 illi?
749 1538 817 1617 qrris
840 1538 962 1601 tradidit
983 1545 1015 1599 et
1034 1539 1216 1602 retribuetur
1237 1538 1289 1602 eil
1316 1541 1412 1604 Nemo
1435 1541 1496 1604 uti-

319 1659 394 1722 que;
415 1641 502 1721 ⁴quia
524 1640 680 1712 nudaris,
702 1639 782 1700 nulla
797 1639 935 1713 materia,
958 1637 1038 1701 nulla
1053 1648 1158 1702 natura
1175 1641 1360 1704 substantiae
1373 1642 1496 1705 alterius

318 1742 422 1805 aderat
441 1741 493 1803 illi
533 1741 630 1802 Porro
653 1740 679 1801 si
701 1740 739 1801 de
760 1740 897 1821 ‘aliquo'
919 1749 1061 1820 operatus
1084 1747 1154 1815 est„
1169 1760 1295 1805 necesse
1316 1750 1366 1804 est
1386 1742 1441 1805 ⁸ab
1462 1761 1497 1805 ea

317 1843 382 1924 ipsa
401 1842 551 1923 acceperit
571 1851 602 1903 et
623 1841 779 1903 consilium
802 1850 832 1903 et
852 1848 1008 1904 mactatum
1031 1841 1255 1922 dispositionis,
1276 1843 1327 1905 'ut
1348 1844 1427 1905 marn
1448 1844 1496 1905 in·

318 1941 504 2023 tellsgentiae
525 1951 556 2005 et
576 1942 727 2004 scientiae.
770 1942 830 2003 Pro
853 1941 994 2022 qualitate
1016 1942 1096 2003 enim
1118 1942 1162 2004 rei
1185 1943 1303 2023 operari
1324 1944 1445 2020 babuit,
1468 1953 1498 2007 et

317 2044 483 2113 secundum
496 2044 648 2124 ingenium
670 2043 843 2117 'materiae
866 2061 928 2105 non
942 2043 1106 2106 secundum
1122 2062 1210 2105 sunm
1225 2044 1397 2121 arbitrium,
1420 2046 1496 2109 adeo

317 2150 352 2207 ut
373 2151 404 2207 et
424 2145 500 2207 mala
521 2164 577 2225 pro
599 2153 704 2206 natura
725 2163 787 2206 non
808 2162 880 2218 sua,
903 2144 955 2206 sed
977 2144 1162 2207 substantiae
1183 2145 1298 2208 lecerit.

168 2271 301 2333 mmm,
403 2246 437 2309 Si
458 2246 627 2310 necessaria
649 2253 695 2307 est
716 2245 773 2306 deo
796 2246 920 2307 materia
941 2244 979 2308 ad
994 2263 1087 2324 opera
1101 2246 1219 2321 mundi,
1242 2255 1275 2309 ut
1290 2247 1496 2328 Hermogenes

319 2346 514 2424 existimarit,
538 2346 641 2418 babuit
662 2346 737 2408 deus
760 2346 914 2408 materiam
936 2346 1024 2425 longe
1040 2346 1206 2425 digniorem
1229 2357 1259 2409 et
1282 2348 1497 2423 'idoniorem·,

318 2465 381 2511 non
400 2449 479 2528 apud
500 2448 699 2529 philosophos
713 2447 956 2521 ’aestimandam
977 2447 1031 2508 sed
1046 2448 1125 2527 apud
1139 2449 1302 2528 prophetas
1317 2448 1497 2530 intellegen-

317 2549 400 2623 dam,
434 2550 571 2629 sophiam
594 2567 679 2611 suam
700 2549 831 2623 scilicet3
852 2547 938 2610 ‘baec
958 2546 1085 2629 denique
1115 2549 1180 2611 sola
1206 2550 1346 2629 eognomt
1372 2569 1498 2614 sensum
1528 2631 1529 2636 ἵ

165 2648 441 2724 ιοοι.ιι,ιι.ᾶοωίυἰ.
473 2648 568 2723 'Quis
590 2650 669 2711 enim
691 2651 748 2712 scit
769 2668 847 2740 qupe
868 2655 939 2711 sunt
960 2648 1026 2723 dei,
1048 2657 1078 2711 et
1099 2668 1175 2730 quae
1196 2651 1228 2712 in
1248 2651 1332 2731 ipsc,
1356 2652 1417 2713 nisi
1430 2653 1497 2733 spi·

178 2751 410 2825 remuriam,
433 2749 502 2831 ‘qui
524 2752 555 2813 in
577 2749 672 2831 ipso?
714 2750 826 2830 Sophia
848 2759 947 2812 autem
969 2749 1109 2831 spiritum
1131 2752 1205 2814 haec
1224 2751 1283 2813 ‘illi
1305 2752 1498 2816 consiliarius
1528 2817 1529 2826 ,

316 2850 387 2926 luit,
409 2851 457 2914 via
480 2851 696 2932 intellegentiae
719 2859 748 2914 et
765 2852 911 2916 scientiae
932 2851 997 2932 ipsa
1020 2860 1083 2927 est3
1112 2852 1330 2928 canonicali,
1359 2853 1497 2917 iacienda
1527 2829 1529 2852 ⁴

165 2962 282 3056 uulgo:-
316 2953 491 3034 perillam,
514 2961 544 3016 et
565 2954 700 3015 laniendo
723 2972 789 3015 cum
811 2954 870 3015 illa.
902 2953 974 3016 Cum
996 2961 1114 3033 pararet
1135 2955 1264 3028 caelum,
1287 2955 1400 3036 inquit,
1421 2956 1497 3019 ade·
1525 2928 1529 3061 ΙΙ

194 3043 219 3085 ·’
266 3025 303 3069 ‘¹³'
316 3071 381 3115 ram
403 3053 461 3127 illi,
485 3064 515 3116 et
537 3072 604 3116 cum
625 3054 714 3115 tortia
736 3052 862 3116 iaciebat
882 3072 976 3133 super
995 3061 1100 3116 ventos
1123 3074 1198 3134 quae
1221 3074 1343 3119 sursum
1365 3056 1497 3133 ‘nubile

317 3162 436 3217 etcum
458 3156 562 3217 tirnms
584 3155 715 3236 ponebat
735 3155 870 3216 'tontest
894 3155 960 3216 eius
982 3173 1057 3235 quae
1080 3155 1137 3217 sub
1159 3157 1240 3218 caelo
1256 3164 1318 3228 est,
1340 3175 1398 3237 ego
1413 3176 1498 3222 eram
1522 3230 1529 3267 Ι

316 3256 510 3337 compingens
539 3275 605 3318 cum
635 3257 713 3337 ipso.
762 3255 826 3335 Ego
856 3273 953 3330 eram,
986 3255 1023 3317 ad
1052 3273 1140 3335 quem
1162 3256 1324 3336 gaudebat3
1353 3256 1499 3322 ‘cotddia

316 3365 416 3420 autem
438 3356 607 3420 oblectabar
628 3357 660 3418 in
682 3375 810 3436 persona
834 3356 917 3431 eius,
940 3356 1060 3436 quando
1082 3356 1300 3430 oblectabatur,
1331 3377 1399 3420 eum
1421 3378 1494 3440 per·

315 3459 439 3522 lecisset
460 3459 582 3534 orbern,
604 3465 635 3520 et
657 3458 891 3521 inoblectabatur
912 3457 943 3519 in
965 3457 1033 3519 titiis
1050 3458 1216 3521 bominum.
1250 3458 1326 3531 Quis
1341 3478 1406 3521 non
1419 3461 1497 3524 bana

241 3628 243 3632 ·
317 3610 356 3661 15.
376 3625 447 3674 quarn
466 3612 521 3674 quia
540 3625 590 3661 non
609 3612 723 3660 latinius.
761 3611 896 3674 Comprobat
913 3610 954 3660 rr.
968 3612 1056 3660 lucius.

385 3678 444 3742 Cap.
462 3679 530 3727 xvtt.
579 3678 602 3726 1.
621 3679 780 3740 vendicari„
799 3680 893 3743 ubique.
954 3677 979 3727 2.
998 3678 1139 3727 consolatos
1156 3685 1194 3727 est
1210 3678 1237 3729 Α.
1297 3678 1320 3730 3.
1339 3678 1495 3731 demonstra·

316 3744 394 3862 gitl.
451 3745 476 3794 t.
495 3745 585 3809 qual.
648 3745 940 3809 sumusnostra.
1001 3744 1025 3796 6.
1045 3754 1070 3795 ut
1087 3747 1117 3795 ab
1136 3761 1164 3796 ea
1181 3747 1208 3797 A.
1267 3747 1291 3796 7.
1310 3749 1494 3801 sthimia.

334 3819 460 3860 .natnrse
478 3814 503 3861 A.

384 3878 442 3941 Cap.
461 3878 539 3927 xvttt.
578 3878 599 3927 1.
618 3879 753 3929 idoniorem
771 3880 846 3930 tuot.
881 3879 1030 3929 idoneiorem
1048 3881 1141 3945 religari.
1194 3877 1218 3928 ².
1237 3881 1372 3931 extimanda
1391 3883 1412 3932 ai
1431 3880 1495 3947 apd

315 3946 450 4011 prophetas
473 3946 636 4008 intellegenda
653 3949 679 3996 A.
737 3947 761 3997 3.
782 3949 827 4007 Oui
845 3948 872 3998 A.
931 3950 956 3998 4.
975 3948 1044 4006 Quod
1062 3949 1088 3997 l.
1146 3948 1170 3996 5.
1196 3947 1246 3998 illic
1264 3951 1299 3999 bc.
1358 3949 1383 4000 li.
1402 3950 1529 4001 nubild-

317 4012 548 4131 q⁰⁰mc⁰d⁰ecnm⁰⁸
571 4014 597 4064 A.
651 4013 674 4063 i.
699 4015 779 4065 tontes
802 4016 855 4066 eod.
897 4024 992 4065 montes
1015 4015 1109 4077 ldoiie
1122 4017 1244 4080 maroti„
1272 4017 1417 4068 Felsaiasa.
1466 4014 1529 4079 ⁸..

316 4081 383 4145 quoti
402 4081 424 4129 ie
471 4113 503 4130 .·
1509 4116 1529 4121 --

350 4179 487 4244 Capilli.
513 4198 535 4231 a.
554 4179 783 4248 consultatorestil
803 4183 880 4234 idest
930 4183 1000 4248 ponit
1016 4184 1157 4234 Salomonis
1174 4183 1255 4233 rerba.
1286 4183 1338 4234 iioe
1356 4194 1435 4235 antean
1451 4197 1529 4235 ra·-

317 4249 455 4298 consultum
473 4251 573 4312 rogarit,
587 4252 723 4315 deponente
733 4253 820 4301 torma.
830 4251 878 4314 (ir.
930 4253 1036 4316 spondet
1053 4253 1102 4301 illis
1121 4253 1252 4315 postremis
1262 4251 1401 4315 Sapientiae
1416 4252 1529 4303 ΜΠ

318 4314 421 4375 lunius.)
931 4334 1023 4383 „qum
1041 4328 1155 4369 statueret
1168 4321 1322 4369 incitamenta
1333 4330 1426 4371 terrae:
1442 4320 1529 4382 aa

350 4407 375 4456 g·
394 4406 424 4457 ge
443 4405 535 4475 ,ΗΜ
559 4410 593 4462 De
617 4411 699 4477 ,liquo
724 4427 811 4475 8⁶³⁸st
841 4411 878 4463 ,εἰ
930 4390 1016 4437 eramu
1036 4388 1268 4446 cett.ti·'r.lunius.)
1295 4388 1529 4439 sortientia-ia-

232 4466 234 4471 ·
317 4483 386 4540 W„
405 4480 527 4527 materne„
930 4459 1077 4518 scriptorem
1086 4465 1174 4505 creater
1187 4471 1231 4519 pro
1242 4461 1327 4521 tontes,
1341 4464 1412 4521 quara
1421 4458 1529 4507 alian-*-

591 4571 597 4582 ,
650 4571 655 4580 ,
931 4523 1038 4573 iactant.
1058 4524 1134 4572 instit.
1154 4525 1201 4573 ibe.
1221 4524 1292 4581 litii.
1312 4534 1398 4575 serrat.
1440 4522 1529 4573 S—

351 4566 509 4647 C⁸P2¹v¹¹b
551 4585 571 4618 ¹·
590 4570 738 4648 ¹5¹⁰¹¹¹⁰st¹¹¹l
762 4571 799 4624 cf·
818 4587 881 4638 ΨΜ
931 4591 993 4642 inira
1007 4590 1107 4654 eapdl.
1127 4591 1198 4640 buius
1216 4595 1294 4655 ipsius
1308 4590 1529 4643 edrrmosll=

318 4635 427 4685 '‘lm''
447 4637 476 4685 ld
496 4638 529 4686 ⁰⁰
548 4638 624 4687 Pium
643 4639 730 4703 ΒΜ·
929 4673 1058 4720 mogeoem
1084 4660 1138 4709 libri
1162 4670 1259 4723 praeter
1282 4662 1357 4711 ullam
1375 4661 1529 4709 librer-

351 4720 374 4768 b.
393 4721 498 4784 ponebat
509 4717 599 4787 tontes]
614 4723 692 4772 Probo
702 4732 797 4774 moster.
813 4724 879 4775 Coa·
930 4728 1117 4789 discerpentium
1147 4728 1171 4777 in
1195 4730 1280 4779 eodem
1305 4731 1410 4794 Sophiae
1433 4725 1529 4776 tu=

317 4789 390 4837 trabit
407 4791 471 4838 enim
481 4791 653 4852 Tertullianus,
672 4793 821 4855 neosingula
834 4808 879 4858 ap·
929 4796 1051 4859 reperitur
1067 4799 1151 4859 foetes.
