3242 5775
256 664 318 728 692
512 671 614 728 ooitru
636 673 766 718 ssorum
788 657 954 717 nouuuris
976 669 1172 714 rsaruccuiu

256 827 421 893 substantia
442 825 528 888 lesus
551 843 585 886 ex
608 823 740 896 duabus,
771 841 808 883 ex
830 840 918 884 carue
940 831 970 884 et
997 820 1118 901 spiritu,
1157 819 1313 881 “mixtura
1337 825 1437 899 quaed
1450 801 1457 816 ¹

178 967 185 986 ,»
258 930 341 1001 dom,
363 938 397 988 ut
418 926 559 988 electrum
582 944 617 987 ex
639 943 714 986 auro
735 930 765 985 et
785 927 937 1002 argento‘‚
967 932 996 983 et
1023 921 1126 999 incipit
1146 939 1203 982 uec
1224 939 1331 981 aurum
1354 940 1437 991 csse,

257 1030 288 1091 id
310 1039 356 1091 est
376 1027 515 1107 spiritus,
538 1043 634 1104 neque
655 1031 827 1103 argeutum,
860 1023 889 1083 id
912 1032 960 1084 est
980 1041 1066 1095 caro,
1100 1023 1169 1084 dum
1192 1021 1317 1083 alterum
1340 1021 1437 1083 altero

240 1114 404 1201 'mutatum
437 1136 469 1188 et
496 1126 615 1188 tertium
642 1125 712 1203 quid
741 1124 876 1185 efficitur.
925 1122 1029 1202 Neque
1058 1141 1129 1202 ergo
1152 1122 1226 1198 deus
1250 1122 1308 1183 erit
1329 1123 1437 1196 lesus3

259 1247 359 1305 sumo
381 1229 459 1289 cuim
482 1226 571 1288 desiit
593 1245 673 1299 esse,
703 1225 752 1304 qui
774 1243 843 1287 caro
865 1225 960 1287 lactus
984 1232 1046 1285 est:
1080 1224 1204 1302 ¹⁵neque
1233 1224 1326 1283 homo
1349 1242 1440 1296 caro;

260 1347 328 1391 caro
351 1328 430 1390 euim
452 1346 513 1388 nou
535 1327 657 1405 proprie
680 1334 742 1398 est,
766 1324 862 1404 ¹⁸quia
886 1343 985 1386 sermo
1009 1324 1073 1385 luit.
1104 1323 1149 1384 lta
1164 1343 1200 1384 ex
1215 1331 1343 1402 utroque
1360 1342 1439 1384 neu-

200 1461 206 1480 ·
261 1438 340 1491 trum
362 1438 424 1499 est3
457 1427 536 1488 aliud
558 1427 646 1505 louge
668 1424 787 1487 tertium
809 1432 857 1487 est
878 1444 964 1505 quam
988 1435 1157 1503 utrumque.
1200 1424 1363 1486 Sedenim
1388 1424 1437 1484 iii·

260 1529 395 1590 reuimus
417 1528 500 1588 illum
521 1526 634 1589 directo
658 1533 689 1588 et
715 1527 803 1587 deum
832 1533 863 1587 et
888 1525 1040 1587 homiuem
1069 1526 1250 1604 expositum,
1284 1525 1350 1603 ipso
1381 1525 1441 1585 hoc

155 1753 163 1775 =
261 1729 357 1791 licavit
379 1746 444 1789 eam
465 1727 616 1788 voluntate
637 1727 749 1806 patris3
771 1734 852 1787 certe
875 1745 1086 1805 usquequaque
1109 1727 1200 1787 lilium
1223 1727 1270 1787 dei
1293 1725 1440 1786 etlilium

104 1829 108 1838 '
262 1828 411 1902 hominis,
439 1846 505 1889 cum
528 1827 617 1888 deum
640 1835 669 1889 et
689 1828 858 1900 homiuem,
889 1827 955 1888 siue
978 1827 1067 1888 dubio
1091 1826 1252 1889 secundum
1282 1836 1443 1905 utramque

196 1993 207 2012 κ
263 1928 458 1991 substantiam
481 1927 512 1988 iu
533 1946 588 1989 sua
609 1927 793 2008 proprietate
815 1926 990 2001 distantem,
1023 1928 1090 2008 qula
1119 1947 1214 2006 neque
1237 1946 1337 1988 sermo
1362 1926 1442 1988 aliud

264 2043 352 2108 wana
379 2017 470 2101 deus,
502 2045 599 2108 neque
626 2046 696 2089 earo
725 2028 803 2089 aliud
832 2046 921 2107 quam
948 2028 1050 2089 homo.
1101 2029 1150 2089 Sic
1172 2037 1200 2088 et
1222 2027 1381 2107 apostolus
1405 2028 1443 2088 de

138 2133 390 2207 nonus-utraque
413 2127 477 2190 eius
501 2127 666 2189 substantia
688 2128 784 2188 docet
839 2128 896 2201 Qui
918 2130 1012 2190 lactus
1035 2138 1097 2201 est,
1128 2129 1237 2207 iuquit,
1267 2148 1303 2188 ex
1326 2129 1443 2190 semiue

130 2301 137 2312 ¹
163 2227 367 2290 uuumvjd.
405 2228 461 2289 llic
481 2228 537 2289 erit
558 2228 650 2290 homo
673 2236 703 2289 et
723 2228 801 2288 lilius
824 2228 971 2302 hominis,
994 2230 1044 2309 qui
1067 2229 1204 2290 delinitus
1227 2238 1273 2290 est
1294 2230 1373 2290 lilius
1396 2229 1444 2290 dei

265 2327 428 2390 secuudum
450 2328 618 2407 spiritum:
642 2328 698 2391 llic
719 2330 776 2391 erit
797 2329 872 2390 deus
894 2338 924 2390 et
947 2348 1062 2414 sermo,
1095 2330 1142 2390 dei
1164 2330 1253 2412 lilius.
1299 2330 1444 2390 Videmus

225 2459 228 2534 q
265 2428 412 2509 duplicem
435 2436 561 2500 statum,
583 2447 644 2490 non
667 2431 841 2501 confusum,
864 2429 918 2490 sed
933 2430 1141 2503 coniunctum,
1164 2431 1194 2490 iu
1218 2450 1275 2492 uua
1297 2449 1443 2509 persona,

219 2539 226 2590 t
266 2528 355 2592 doum
376 2538 407 2591 et
425 2528 579 2589 hominem
600 2528 710 2591 lesum.
745 2530 814 2591 ''lle
836 2529 956 2592 Christo
979 2539 1078 2591 autem
1102 2530 1266 2592 ¹⁹dillerol.
1303 2531 1342 2591 Et
1364 2531 1441 2592 adeo

267 2628 347 2690 salva
369 2637 416 2689 est
438 2629 593 2708 utriusque
613 2631 782 2710 proprietas
805 2630 1004 2701 substantiae,
1038 2641 1071 2692 ut
1098 2641 1127 2692 et
1150 2633 1273 2710 spiritus
1295 2650 1346 2692 res
1372 2650 1446 2692 suas

268 2727 362 2807 egerit
381 2728 412 2788 iu
434 2728 503 2803 illo,
525 2729 555 2791 id
577 2740 625 2793 est
644 2731 769 2793 virtutes
791 2740 829 2793 et
844 2749 934 2811 opera
957 2740 986 2792 et
1007 2731 1106 2810 signa,
1137 2741 1167 2793 et
1188 2751 1256 2792 caro
1279 2731 1444 2809 passiones

269 2844 339 2891 suas
362 2829 461 2890 luucta
482 2829 538 2904 sit,
561 2831 698 2893 esuriens
720 2831 777 2893 sub
800 2831 933 2906 diabolo,
956 2832 1061 2894 sitiens
1077 2832 1133 2893 sub
1150 2829 1341 2905 Samaritidi,
1366 2832 1446 2893 fleus

268 2927 438 3002 Lazarum⁰‚
461 2930 546 2992 anxia
568 2931 720 3012 usquead
743 2940 887 3006 mortem,
910 2933 1037 3012 denique
1059 2941 1086 2994 et
1102 2942 1218 2994 mortua
1233 2942 1289 2994 est
1327 2932 1449 3005 Quodsi

269 3029 388 3090 tertium
411 3029 481 3109 quid
504 3040 602 3105 esset,
637 3051 672 3095 ex
694 3041 821 3112 utroque
844 3036 1014 3107 confusum,
1049 3044 1081 3095 ut
1110 3034 1265 3104 electrum,
1298 3052 1360 3094 nou
1386 3045 1447 3096 tam

271 3127 408 3190 distincta
431 3129 606 3192 documenta
627 3140 767 3211 parerent
787 3134 941 3213 utriusque
956 3134 1149 3195 substantiae.
1185 3134 1243 3195 Sed
1266 3142 1296 3195 et
1319 3136 1450 3214 spiritus

162 3230 168 3240 '
270 3229 395 3292 earnalia
419 3240 449 3305 et
469 3249 538 3292 caro
560 3231 734 3312 ¹''spiritalia
756 3235 865 3313 egisset
887 3254 923 3296 ex
939 3234 1146 3303 translatione,
1169 3234 1248 3296 ''aut
1262 3254 1360 3315 aeque
1376 3255 1447 3297 car-

270 3329 346 3421 ualia
368 3349 465 3410 neque
487 3330 645 3411 spiritalia,
673 3333 727 3395 sed
749 3335 854 3396 t'crtiae
874 3335 999 3397 alicuius
1028 3337 1140 3396 formae
1161 3335 1226 3396 ²²eu
1250 3336 1451 3412 confusione3

271 3430 363 3492 immo
392 3440 443 3494 aut
470 3449 570 3493 sermo
599 3441 735 3495 mortuus
769 3444 853 3496 esset
879 3445 930 3497 aut
955 3454 1024 3497 earo
1054 3445 1171 3497 mortua
1199 3454 1258 3495 uon
1289 3446 1390 3511 esset,
1423 3432 1450 3499 si

271 3548 370 3593 sermo
393 3550 557 3593 conversus
579 3541 663 3594 esset
683 3533 714 3595 iu
736 3553 871 3608 comem3
892 3546 944 3597 aut
957 3555 1025 3598 caro
1042 3538 1121 3597 euim
1136 3534 1311 3597 immortalis
1327 3539 1451 3610 luisset,

272 3640 322 3694 aut
336 3650 436 3694 sermo
451 3633 596 3695 mortalis.
631 3634 691 3696 Sed
713 3636 781 3713 quia
803 3634 986 3698 substantiae
1009 3637 1111 3698 ambae
1134 3637 1162 3697 iu
1187 3646 1265 3698 statu
1281 3656 1338 3698 suo
1355 3657 1453 3717 quoe·

273 3748 331 3809 que
350 3730 519 3821 ”distincte
541 3733 680 3812 agebant,
708 3735 776 3797 ideo
798 3736 856 3797 illis
879 3744 909 3798 et
931 3756 1039 3817 operae
1061 3747 1091 3798 et
1113 3738 1209 3799 exitus
1233 3737 1279 3798 sui
1303 3756 1451 3801 occurre·

158 3838 354 3894 tonuerunt.
387 3831 474 3892 [lisca
496 3831 585 3910 igitur
606 3852 672 3893 cum
688 3834 865 3898 Nicodemo:
888 3837 964 3910 Quia
986 3838 1066 3918 quod
1088 3837 1146 3898 ”iu
1168 3856 1256 3899 carne
1271 3846 1375 3901 uatum
1392 3847 1452 3914 est,

274 3946 342 3991 earo
366 3940 428 4002 est,
451 3936 481 3990 et
501 3930 580 4008 quod
604 3930 641 3992 de
663 3934 789 4012 spiritu,
810 3937 934 4017 spiritus
957 3945 1014 3998 est.
1047 3938 1148 4017 Neque
1171 3957 1239 3999 caro
1262 3939 1391 4017 spiritus
1406 3941 1449 4012 ut,
1472 4006 1473 4010 ,

275 4044 371 4106 neque
393 4029 515 4107 spiritus
531 4048 610 4092 earo.
644 4033 677 4095 lu
700 4053 760 4096 uuo
781 4037 869 4116 plane
891 4056 959 4100 esse
979 4048 1117 4118 possunt.
1152 4038 1192 4099 Ex
1210 4038 1256 4100 his
1272 4038 1359 4102 lesus
1375 4059 1451 4102 cou-

145 4142 264 4196 pueros.
275 4126 367 4200 stitit,
390 4147 426 4189 ex
448 4147 536 4191 carne
557 4131 666 4206 homo,
699 4154 736 4196 ex
758 4137 865 4214 spiritu
886 4138 976 4212 deus,
1005 4157 1092 4218 quem
1116 4148 1187 4201 tunc
1208 4140 1331 4218 angelus
1356 4160 1393 4203 ex
1415 4159 1450 4203 eo

201 4342 203 4347 .
275 4277 361 4355 lter
381 4280 479 4330 mixtura
498 4285 523 4332 Α.
542 4286 606 4335 teid.
656 4285 695 4334 15.
714 4300 876 4351 nequeunte,
896 4290 919 4340 id
938 4299 974 4340 est
993 4292 1080 4350 homo;
1100 4306 1155 4340 caro
1174 4293 1237 4340 euim
1257 4294 1290 4353 d„
1309 4295 1452 4344 comFoloio

276 4344 367 4395 llremo.
393 4413 397 4422 .
428 4348 465 4397 16.
485 4354 525 4413 qui
544 4354 576 4413 d,
596 4369 648 4403 cuat
666 4354 746 4404 Fuluio
763 4355 854 4407 Ursino.
915 4358 954 4407 l'l.
979 4359 1295 4409 circumeuntem.
1362 4360 1402 4411 18.
1421 4362 1453 4409 de

274 4426 322 4474 quo
341 4414 437 4463 Christo
456 4418 479 4465 l.
498 4419 563 4468 Leid.
625 4419 662 4469 ts.
688 4421 773 4471 differo
797 4425 852 4474 ded.
871 4425 945 4485 leid,
971 4433 1017 4475 tres
1039 4427 1149 4476 Vaticani.
1193 4428 1287 4475 dissero
1307 4427 1365 4478 tao.
1410 4428 1449 4478 20.

274 4479 408 4543 spiritualia
426 4484 451 4532 Δ,
476 4483 571 4548 illique.
623 4486 664 4536 21.
683 4497 724 4538 aut
741 4491 774 4552 d,
794 4506 845 4540 cum
861 4492 942 4542 Fuluio
960 4492 1050 4542 Ursino.
1096 4503 1120 4542 ut
1138 4495 1224 4544 Allobo.
1243 4496 1307 4544 teto
1362 4495 1404 4546 22
1423 4509 1452 4546 tx

275 4562 319 4596 om.
338 4549 404 4597 alcd.
457 4547 499 4599 23.
516 4553 644 4625 distinctae
662 4557 713 4606 cic.
766 4555 807 4606 24.
825 4557 855 4608 de
873 4559 987 4610 Latinius.
1467 4562 1474 4575 ⁴

309 4662 329 4695 ο.
349 4658 375 4696 ut
399 4648 514 4699 electrum
538 4667 565 4700 ex
589 4669 648 4704 auro
676 4664 700 4705 et
724 4653 836 4722 urgento]
921 4675 942 4708 e.
961 4661 1071 4709 esuriens
1095 4662 1139 4710 sub
1165 4662 1270 4720 diaholo,
1295 4664 1383 4714 sitiens
1406 4665 1453 4714 aab

274 4712 312 4762 ct.
330 4715 385 4763 Adi.
405 4716 517 4793 Hermos.
536 4720 641 4782 cupid.
886 4726 1037 4785 Samaritide‚
1056 4730 1116 4777 lleus
1136 4726 1263 4795 Lazarum]
1281 4731 1381 4781 Eisdem
1401 4733 1457 4782 lere

309 4781 332 4828 d.
352 4781 385 4831 lle
399 4784 495 4833 Christo
513 4795 591 4836 autem
611 4785 717 4854 differo]
737 4790 770 4840 lle
788 4793 835 4842 hoc
886 4795 964 4844 verbis
982 4799 1055 4845 utitur
1074 4797 1106 4845 lle
1126 4798 1203 4846 Carne
1222 4798 1278 4847 Chr.
1298 4812 1352 4863 cap.
1362 4799 1388 4848 9.

273 4847 338 4896 euim
357 4864 409 4914 cap.
427 4865 497 4916 sequ.
