3242 5775
546 651 693 696 nummus
714 652 888 698 asscxoura
909 656 967 701 ιιι.
982 657 1021 701 rr.
1311 652 1372 716 att

197 823 260 887 pora
279 822 377 868 nosse
400 802 486 865 carim
508 820 565 885 per
584 820 660 883 quae
681 803 826 884 probaret
844 822 906 867 non
928 806 1064 870 babebat
1105 801 1212 875 Merito
1234 795 1527 903 ”expro-qufflffl,

197 906 254 969 teat
279 906 371 968 etiam
401 904 483 985 quod
509 904 622 967 iustum
651 923 713 967 non
741 908 953 987 asemetipsis
983 910 1157 974 iudicarent.
1209 913 1287 977 Olim
1315 918 1375 980 boc

198 1008 304 1071 nudat
326 1026 385 1088 per
405 1005 637 1069 ⁸⁸Zachariam¹:
668 1006 784 1069 lustum
805 1008 947 1071 iudicium
970 1019 1001 1071 et
1013 1013 1203 1100 pacatorium
1226 1015 1371 1080 iudicate·
1398 1015 1466 1061 Μ·

200 1126 244 1191 per
262 1108 462 1171 Hieremiam:
484 1107 583 1170 Facite
605 1108 747 1170 iudicium
770 1119 801 1172 et
821 1109 990 1187 iustitiamq
1007 1130 1063 1191 per
1083 1113 1217 1177 Esaiam:
1238 1062 1371 1181 iudieatd
1382 1065 1527 1169 ¹ddnf¹¹⁸¹¹w⁸

200 1208 296 1291 papiiio
318 1218 352 1274 et
373 1209 533 1271 iustificate
555 1208 688 1283 viduam,
716 1209 867 1289 imputans
889 1212 977 1275 etiam
999 1214 1101 1275 vineae
1123 1214 1265 1277 ”Sorech
1288 1219 1369 1297 quod
1389 1165 1495 1269 ¹3:3¹⁶st

202 1327 250 1374 ten
268 1310 416 1374 iudicium
439 1310 561 1372 fecisset
581 1311 634 1372 sed
658 1311 829 1373 clamorem.
881 1312 940 1385 Qui
968 1332 1039 1393 ergo
1069 1314 1212 1377 docuerat
1233 1325 1267 1379 ut
1286 1320 1368 1381 iace·
1482 1363 1491 1384 .

202 1418 256 1473 reat
279 1431 317 1474 ex
346 1420 524 1493 praecepto,
557 1411 583 1473 is
616 1411 752 1492 exigebat
783 1421 817 1475 ut
847 1414 978 1476 iacerent
1009 1422 1040 1476 et
1067 1434 1103 1477 ex
1130 1415 1265 1479 arbitrio.
1310 1418 1369 1492 Qut

201 1509 416 1575 'seminaverat
435 1521 642 1592 praeceptum,
672 1513 722 1574 ille
743 1521 774 1575 et
795 1514 1021 1577 redundantiam
1043 1515 1108 1577 eius
1130 1515 1264 1595 urgebat.
1307 1517 1368 1580 Iam

202 1629 260 1676 tero
280 1631 372 1693 quam
395 1611 558 1674 absurdum
580 1620 615 1675 ut
635 1612 684 1675 itte
705 1614 858 1675 mandaret
879 1614 957 1676 iuste
971 1615 1102 1677 iudicare
1116 1616 1167 1695 qui
1182 1617 1271 1678 deum
1286 1616 1368 1680 indi-

202 1729 254 1778 ιιι
273 1713 388 1776 iustum
411 1712 606 1775 destruebat?
647 1713 722 1776 Nam
745 1722 775 1775 et
794 1716 939 1791 iudicem,
969 1716 1019 1795 qui
1048 1717 1139 1778 mittit
1167 1716 1197 1777 in
1219 1735 1368 1780 carcerem
1380 1713 1487 1811 igfflb

202 1831 247 1878 att
264 1814 347 1877 ducit
367 1813 439 1875 inde
467 1814 526 1875 nisi
549 1814 647 1875 soluto
671 1815 759 1876 etiam
781 1816 945 1878 novissimo
968 1805 1146 1896 quadrante,
1180 1817 1211 1878 in
1238 1835 1369 1897 persona
1471 1799 1478 1810 ⁶

204 1915 332 1977 mator-is
354 1915 581 1977 obtrectationis
604 1916 725 1977 nomine
748 1917 917 1979 disserunt·
955 1917 1000 1979 Ad
1023 1917 1104 1998 quod
1125 1935 1251 1980 necesse
1272 1916 1369 1981 babeo

204 2013 294 2077 tedam
316 2016 412 2095 gradu
435 2034 603 2077 occurrere.
653 2016 915 2098 Quotienscunque
944 2019 1023 2080 enim
1051 2018 1194 2081 severitas
1224 2017 1368 2080 creatoris

209 2116 368 2196 qponitum
403 2116 515 2179 totiens
543 2116 623 2177 illius
650 2125 700 2179 est
720 2117 857 2181 Christus
887 2118 934 2182 eui
961 2138 1017 2199 per
1046 2119 1183 2181 timorem
1211 2117 1290 2198 cogit
1311 2115 1368 2178 ob·

210 2217 338 2297 uqaium.
1368 2238 1370 2242 ·

276 2316 491 2390 Quaestionem
518 2335 624 2378 rursus
647 2317 684 2379 de
706 2318 860 2381 curatione
882 2319 1005 2382 sabbato
1029 2320 1105 2380 iacta
1126 2317 1278 2398 quomodo
1301 2316 1368 2379 dis·
1386 2340 1440 2396 cap.
1449 2337 1512 2384 xxx.

215 2416 308 2478 mitt
345 2417 558 2497 Unusquisque
585 2428 715 2480 vestrum
744 2419 875 2481 sabbatis
903 2439 965 2482 non
988 2420 1077 2482 solvit
1099 2419 1216 2481 asinum
1239 2426 1290 2481 aut
1309 2397 1496 2494 bo·²,¹i⁰.·.{i¹‚'·

216 2529 262 2576 tta
281 2535 367 2578 suurn
391 2535 407 2578 a
429 2518 567 2597 praesepi
590 2527 620 2580 et
641 2519 724 2581 ducit
743 2520 780 2580 ad
801 2518 930 2600 potumi
972 2520 1052 2600 Ergo
1074 2519 1238 2583 secuudum
1260 2499 1465 2604 condi-11¹3&

218 2611 308 2678 henr
328 2616 405 2696 legis
427 2628 569 2697 operatus
590 2619 685 2698 legem
709 2619 908 2693 confirmarit,
941 2638 1002 2682 non
1031 2619 1183 2695 dissolvit,
1216 2618 1368 2682 iubentem

219 2713 304 2778 flam
325 2735 402 2798 opus
424 2717 488 2777 fieri
511 2703 568 2778 nisi
591 2720 670 2797 quod
692 2720 776 2781 fieret
798 2718 881 2780 omni
900 2718 1032 2795 animae,
1054 2730 1164 2800 quanto
1186 2720 1288 2799 potius
1308 2718 1367 2782 btt-

221 2814 320 2879 naei
360 2817 574 2879 Parabolarum
601 2820 824 2899 congruentiam
854 2819 963 2899 ubique
994 2820 1213 2901 ¹recognoscor
1240 2818 1366 2900 exigere.

217 2912 297 2979 tnta
316 2927 364 2980 est
386 2937 512 2997 regnum
534 2919 599 2993 dei,
620 2921 731 3000 inquit,
761 2939 854 3000 grano
878 2921 1009 3001 sinapis,
1039 2923 1118 3001 quod
1141 2921 1254 3002 accepit
1275 2922 1367 2982 bomo
1379 2919 1498 3016 Lf,⁰·1¹‚¹¹¹·

224 3019 394 3080 treminarit
413 3020 445 3081 in
461 3020 549 3081 horto
572 3039 638 3082 suo.
675 3020 750 3093 Quis
773 3021 803 3081 in
826 3041 955 3103 persona
977 3021 1108 3084 hominis
1131 3019 1367 3101 intellegendus?
1420 3001 1426 3015 ⁸
1463 3002 1469 3014 ’

198 3108 301 3205 ¹[iiqte
320 3119 476 3195 Christus,
504 3121 587 3199 quie,
620 3121 688 3182 licet
708 3121 884 3194 Marcionis,
917 3122 996 3184 iilius
1026 3123 1158 3184 bominis
1187 3134 1235 3185 est
1261 3124 1369 3196 dietus,

226 3215 376 3301 fl'aeeepit
397 3239 415 3281 a
437 3229 521 3300 patre
549 3240 652 3282 semen
680 3222 780 3300 regni,
808 3240 979 3284 sermonem
1009 3223 1123 3285 scilieet
1152 3223 1313 3302 evangelii,
1340 3231 1372 3285 et
1487 3240 1492 3247 ·

227 3318 346 3382 abant
368 3320 399 3382 in
422 3322 512 3382 horto
534 3340 605 3395 suo,
636 3321 739 3401 utique
766 3323 796 3383 in
824 3323 951 3393 mundo,
988 3331 1060 3404 puta
1082 3342 1162 3384 nunc
1184 3324 1215 3384 in
1237 3323 1369 3385 bomine.

228 3412 265 3479 te
281 3438 341 3482 mm
363 3423 394 3482 in
418 3441 474 3482 suo
496 3422 584 3483 horto
607 3422 729 3494 dixerit,
752 3441 808 3483 nee
829 3422 958 3484 mundus
981 3432 1079 3484 autem
1102 3441 1158 3482 nee
1179 3422 1270 3482 bomo
1292 3421 1371 3483 iliius

229 3513 264 3591 fl,
280 3522 325 3582 sed
347 3522 509 3596 creatoris,
532 3542 602 3601 ergo
625 3523 675 3601 qui
697 3523 727 3583 in
751 3541 840 3584 suum
853 3522 1029 3584 'seminarit
1043 3520 1177 3583 ’creator
1193 3521 1369 3582 ostenditur.

229 3612 266 3679 ΙΙ
281 3621 318 3694 si,
339 3632 372 3684 ut
393 3622 474 3683 bunc
494 3622 630 3702 laqueum
653 3623 792 3694 eradant,
815 3624 1017 3686 converterint
1038 3621 1185 3684 ⁴hominis
1208 3639 1370 3702 personam

230 3716 352 3783 turino
375 3723 579 3785 inhominem
602 3725 795 3803 accipientem
824 3743 926 3786 semen
954 3724 1037 3802 regni
1066 3733 1096 3785 et
1122 3723 1317 3785 seminantem
1339 3722 1371 3784 in

230 3810 291 3881 bno
313 3823 410 3885 cordis
441 3824 504 3897 sui,
537 3843 594 3885 nec
620 3825 686 3904 ipsa
716 3823 840 3885 materia
868 3825 916 3885 alii
945 3825 1102 3886 conveniet
1123 3842 1211 3903 quam
1234 3821 1371 3884 creatori.

232 3912 531 3987 incesserimus
553 3929 595 3987 sit
621 3923 767 3985 lenissimi
801 3925 849 3985 dei
877 3943 999 4003 regnum
1029 3925 1109 4005 quod
1138 3925 1226 3986 etiam
1254 3921 1372 3985 ‘iudicii

231 4012 300 4083 bor
315 4022 471 4087 lacrimosa
492 4025 664 4087 austeritate
687 4024 902 4104 subsequitur?
931 4024 975 4086 De
996 4024 1133 4104 sequenti
1154 4024 1240 4103 plane
1262 4021 1369 4084 simili·
1383 4011 1490 4105 ιξοῗῇἷῖι·

233 4160 384 4238 &spatas
400 4176 443 4226 BC.
486 4175 527 4225 36.
546 4174 695 4225 Ezechielem
709 4175 783 4226 scat.
824 4174 865 4225 tt.
885 4175 972 4225 Soretb
988 4175 1060 4225 Bch.
1102 4173 1143 4224 38.
1162 4174 1314 4224 seminaverit
1328 4172 1371 4223 BG

276 4238 405 4304 tapam
447 4242 471 4292 i.
488 4257 639 4304 recognosco
658 4252 682 4292 te
700 4244 796 4304 exigere
822 4245 933 4293 Latinius.
969 4243 1051 4292 motat
1070 4244 1139 4291 etiam
1155 4242 1193 4291 Fr.
1211 4242 1300 4291 Iuniae
1347 4237 1374 4288 aa

233 4306 364 4360 mors.
421 4310 446 4359 3.
464 4325 510 4359 nee
528 4319 624 4359 creator
642 4312 665 4360 d.
723 4309 747 4359 4.
767 4311 877 4359 bomines
896 4311 919 4358 in
939 4322 1068 4372 personam
1088 4309 1176 4358 Christi
1197 4308 1219 4358 G.
1261 4306 1373 4356 homines

233 4377 329 4429 ma
345 4377 368 4427 in
386 4392 516 4441 personam
535 4378 625 4427 Christi
643 4376 690 4436 tt.)
749 4377 773 4426 5.
798 4386 823 4426 ut
848 4378 880 4426 sit
903 4377 1020 4425 lenissimi
1045 4376 1083 4424 dei
1108 4389 1208 4438 regnum
1233 4374 1298 4438 qnod
1322 4387 1372 4436 eqo.

232 4437 357 4493 abutatur
375 4446 412 4494 dei
431 4459 531 4508 regnum
551 4446 616 4509 quod
635 4445 720 4495 Bche.
767 4452 792 4493 ut
816 4445 933 4493 lenissimi
957 4443 996 4493 dei
1020 4457 1120 4503 regnum
1146 4442 1265 4503 significet
1288 4453 1372 4489 semen

232 4505 307 4564 m
343 4510 367 4562 6.
384 4511 499 4563 indiciam
517 4512 620 4562 ferroris
637 4512 805 4576 lachrymosas
823 4511 976 4561 austeritates
994 4510 1177 4575 subsequuntur
1193 4508 1373 4559 Fuistiraisrur.

251 4634 470 4710 lperzaebariam]
487 4645 636 4694 Vetustiores
647 4644 702 4695 iibri
713 4645 758 4695 ba·
810 4645 849 4695 Fr.
860 4644 943 4694 lunius
961 4657 1049 4693 nomen
1068 4644 1204 4695 Hieremiae
1225 4655 1270 4707 pro
1288 4637 1373 4688 Esaiae

231 4696 471 4781 flumhoetidmr,
492 4714 557 4776 quod
577 4715 683 4777 primurn
702 4728 759 4762 cor·
810 4712 977 4777 reponendum
1002 4712 1104 4772 censuit,
1129 4718 1152 4761 et
1176 4712 1238 4760 inira
1263 4720 1315 4768 rap.
1332 4701 1372 4751 34.

231 4776 399 4829 munatius.
434 4782 469 4830 ita
494 4795 570 4843 supra
597 4795 703 4845 quoque,
728 4781 759 4829 ad
811 4788 936 4829 resocatus
954 4784 991 4828 est
1008 4782 1075 4829 Amos
1091 4793 1138 4843 pro
1157 4779 1224 4829 Osee.

231 4838 277 4889 ἢ·
290 4845 365 4908 ..lania
375 4850 463 4898 exarsit
475 4849 499 4897 in
511 4848 676 4909 indignatione
687 4848 758 4896 mea“
791 4873 810 4905 0

252 4923 384 4979 Ῑῑιιιιιωι
396 4946 450 4980 ore.
461 4945 500 4979 ιιι.
513 4945 614 4979 οιιιιι.
633 4933 696 4978 Tem.
705 4931 733 4976 tt
1188 4923 1220 4976 to
