3242 5775
291 622 351 685 166
545 634 647 687 oniam
669 633 799 680 smum
822 634 987 679 ιιοιιιιιτιι
1010 631 1205 678 rauranum

286 804 342 850 nec
361 794 482 857 nomm,
504 784 612 847 ‘nullis
634 792 732 847 autem
747 791 853 847 notum
867 782 920 845 'ut
940 801 1002 846 non
1016 782 1120 846 eadem
1134 780 1337 845 damnatum&
1370 781 1444 846 um

284 879 371 966 piane
393 894 424 947 et
443 886 515 948 illud
537 886 693 959 ecclesias,
727 885 780 947 sed
808 904 897 958 suas,
931 894 992 947 tam
1018 892 1157 964 posteras
1184 901 1273 962 quam
1302 883 1444 948 adulterat

286 1005 411 1067 quarum
439 987 465 1049 si
493 991 634 1049 censum·
660 986 811 1068 requiras,
845 985 959 1047 facilius
987 984 1183 1066 apostaticum
1211 984 1347 1047 invenias
1376 1003 1444 1065 quat

288 1086 499 1169 apostolicum,
532 1087 681 1149 Marcione
702 1086 816 1148 seilicet
836 1087 1008 1156 conditore,
1040 1084 1086 1146 vel
1114 1084 1212 1164 aliquo
1241 1084 1280 1146 de
1301 1085 1444 1148 Marcioni

288 1188 431 1250 examine.
467 1186 591 1249 Faciunt
611 1188 693 1250 ieros
715 1196 746 1249 et
766 1184 900 1267 vespae¹,
922 1185 1032 1247 iaciunt
1052 1185 1192 1247 ecclesias
1215 1194 1246 1247 et
1260 1185 1444 1250 Marcionitae

286 1286 395 1350 Eadem
418 1289 577 1350 auctoritas
600 1288 791 1351 ecclesiarum
812 1286 1042 1368 apostolicarum
1065 1286 1173 1348 ceteris
1187 1304 1308 1366 quoque
1329 1285 1443 1366 petroci

287 1388 406 1451 nabitur
427 1390 603 1468 evangeliis,
630 1408 706 1469 quae
727 1388 853 1469 proinde
874 1406 929 1467 per
949 1387 1014 1449 illas
1043 1394 1074 1449 et
1095 1387 1258 1448 secundum
1280 1386 1345 1449 illas
1368 1387 1444 1452 habe

288 1507 369 1562 mus,
402 1490 520 1551 {oannis
543 1490 609 1552 dico
631 1499 661 1552 et
681 1489 836 1562 Matthaei,
869 1488 938 1550 licet
965 1496 994 1548 et
1015 1487 1131 1549 Marcus
1164 1488 1245 1567 quod
1268 1487 1360 1549 edidit
1382 1488 1445 1552 Petu

285 1590 478 1664 affirmeturt,
499 1590 584 1653 cuius
605 1591 754 1670 interpres
766 1590 894 1650 Marcus.
927 1587 1000 1649 Nam
1016 1596 1046 1649 et
1059 1588 1157 1650 Lucae
1178 1587 1349 1667 digestumh
1369 1587 1444 1652 Pau!

186 1739 189 1744 .
247 1761 251 1774 ι
286 1690 456 1752 adscribere
478 1692 585 1754 solent
629 1691 733 1771 'Capit
759 1689 969 1768 magistrorum
998 1689 1089 1749 videri
1117 1707 1193 1768 quae
1222 1687 1358 1768 discipuli
1386 1705 1445 1768 prn

286 1791 453 1871 madgarint.
488 1793 591 1872 itaque
613 1791 702 1854 etde
723 1790 769 1852 his
791 1789 922 1852 Marcion
944 1788 1137 1868 flagitandus,
1159 1787 1257 1867 ⁰qnod
1281 1789 1445 1852 omissisei

187 1937 199 1964 ,
285 1890 382 1953 Lucae
403 1893 505 1971 potius
528 1892 685 1965 institerit,
707 1891 790 1972 quasi
813 1909 875 1952 non
897 1891 1021 1952 ethaeo
1043 1888 1120 1968 apud
1142 1888 1281 1950 eeclesias
1297 1906 1314 1951 a
1328 1890 1445 1969 primo!

285 1991 334 2053 dio
355 1992 479 2065 tuerint,
502 1992 753 2073 quemadmodum.
771 2002 802 2053 et
823 1991 930 2053 Lucae.
961 1990 1071 2070 Atquin
1092 1990 1166 2050 haee
1186 1989 1280 2068 magis
1297 1991 1445 2069 aprino!

284 2091 334 2152 ‹iio
357 2092 451 2154 tuisse
472 2092 613 2155 credibile
635 2100 697 2166 est,
726 2099 760 2154 ut
779 2092 896 2172 priora,
928 2110 985 2171 qua
1010 2089 1191 2170 apostolica,
1225 2097 1258 2151 ot
1288 2081 1355 2152 curn
1383 2087 1445 2172 ipsi

284 2192 416 2254 ecclesiis
438 2191 595 2255 dedicarat
639 2181 776 2254 Ceterum
798 2192 884 2272 quale
906 2200 967 2264 est,
997 2191 1022 2251 si
1046 2190 1118 2251 nihil
1139 2189 1269 2270 apostoli
1292 2191 1445 2254 ediderunt

283 2300 316 2354 ut
337 2293 474 2373 discipuli
497 2295 598 2375 potius
620 2293 782 2365 ediderint,
816 2293 866 2371 qui
893 2310 951 2354 nec
977 2291 1112 2370 discipuli
1134 2292 1264 2353 existere
1286 2292 1445 2371 potuissen

284 2392 350 2455 sina
372 2394 429 2456 nlla
450 2393 586 2456 doctrina
607 2391 841 2473 magistrorum?
884 2392 978 2471 Igitur
1006 2392 1075 2453 dum
1103 2399 1222 2452 constet
1244 2392 1318 2453 haee
1338 2405 1445 2472 quoqu

284 2492 361 2572 apud
389 2494 528 2556 ecclesias
561 2494 673 2567 tuisse,
706 2512 759 2555 cur
790 2511 851 2555 non
879 2493 953 2553 hoec
979 2510 1097 2571 quoque
1125 2491 1256 2552 Marcion
1286 2491 1382 2572 attigit
1406 2505 1446 2552 av

285 2591 483 2664 emendanda,
517 2593 543 2655 si
564 2589 741 2667 adulterata,
774 2603 824 2655 ant
851 2592 1053 2671 agnoscenda,
1091 2592 1117 2652 si
1146 2590 1285 2671 integra?
1328 2591 1400 2654 Nam
1433 2605 1446 2652 t

283 2693 425 2771 competit
445 2702 494 2766 ut,
517 2693 543 2755 si
565 2693 616 2774 qui
637 2694 820 2775 evangelium
841 2691 1064 2774 pervertebant,
1087 2711 1190 2753 eorum
1210 2693 1305 2771 magis
1320 2703 1446 2756 curam

283 2792 508 2870 perversionem
534 2812 661 2874 quorum
691 2794 825 2857 sciebant
851 2793 1056 2855 auctoritatem
1083 2792 1289 2871 receptiorem.
1332 2794 1405 2856 ideo
1430 2801 1446 2858 t

283 2894 522 2976 pseudapostoli,
544 2895 624 2976 quod
645 2913 700 2976 per
720 2895 828 2957 falsum
849 2894 1003 2975 apostotos
1025 2895 1221 2956 imitarentur.
1257 2894 1292 2955 In
1314 2902 1446 2975 quantu

282 3012 353 3075 ergo
375 2996 565 3058 emendasset
585 3015 660 3076 quae
680 2996 811 3059 luissent
832 2994 1030 3067 emendanda,
1052 2995 1079 3056 si
1100 2984 1232 3056 inissent
1245 3004 1403 3077 corrupta,
1424 2986 1446 3053 ’1

282 3103 394 3156 tantum
416 3097 602 3158 confirmavit
622 3116 683 3159 non
705 3096 798 3159 tuisse
813 3103 953 3173 corrupta
968 3113 1043 3174 quae
1059 3113 1119 3156 uon
1133 3097 1247 3175 putavit
1261 3090 1446 3165 emendanfl¹

282 3194 433 3275 lieniquek
464 3197 631 3260 emendavit
657 3196 737 3277 quod
765 3205 938 3277 corruptum
974 3195 1160 3257 existimavit.
1216 3195 1277 3257 Sed
1309 3215 1365 3259 nec
1394 3194 1446 3279 inq

281 3295 404 3369 merito,
426 3297 494 3376 quia
516 3316 577 3359 non
590 3299 655 3361 ‘tuit
673 3306 856 3377 corruptum.
894 3295 926 3356 Si
942 3295 1021 3357 enim
1036 3295 1196 3385 apostolica
1214 3297 1356 3377 '⁰integre
1371 3280 1447 3363 ”dtu

281 3447 304 3499 o.
323 3449 398 3499 nuliis
416 3457 495 3499 antoni
515 3458 597 3501 notam
616 3452 684 3502 oded.
701 3448 830 3511 (Movent.)
865 3449 938 3498 uultis
956 3455 1038 3497 notum
1057 3449 1099 3498 BG.
1112 3450 1216 3498 Vaticani
1229 3451 1283 3499 duo.
1318 3448 1344 3498 7.
1361 3420 1447 3499 ntd

280 3516 363 3566 eadent
382 3517 519 3566 damnatum
538 3534 586 3582 epo.
623 3526 714 3568 utnon
733 3518 817 3566 eadem
836 3525 918 3565 notum
932 3516 957 3564 B.
994 3525 1084 3564 utnon
1104 3515 1188 3565 eodem
1208 3524 1289 3565 nitu·
1302 3516 1325 3567 ι’.
1360 3514 1447 3577 nt*

279 3597 309 3631 eo
327 3585 465 3631 damnatum
484 3587 551 3636 obed.
571 3587 702 3636 tinniensis
719 3582 848 3641 (inurent.)
884 3591 909 3632 ut
927 3597 981 3631 cuni
1000 3598 1029 3631 eo
1048 3584 1185 3631 domomum
1204 3584 1328 3634 Pometios.
1360 3574 1447 3647 att*

279 3650 350 3697 etiarn
368 3650 506 3698 damnatum
525 3653 638 3715 Latinior,
658 3654 698 3717 qui
715 3653 784 3700 simut
801 3651 867 3700 ittam
880 3651 973 3701 rameru·
991 3652 1170 3699 emendationem
1187 3653 1315 3714 proposuit.
1366 3648 1388 3701 ὓ.
1402 3648 1447 3705 θ,

279 3714 327 3778 pita
348 3715 370 3765 0.
388 3717 496 3766 Moron.
538 3717 609 3781 Capit
632 3719 874 3769 autemFr.1unios.
925 3716 950 3766 9.
969 3718 1026 3780 quid
1051 3720 1083 3775 d.,
1106 3733 1156 3766 cum
1174 3718 1254 3766 Futoio
1274 3718 1365 3768 Ursino.
1403 3710 1447 3779 10⁴⁴!

277 3782 369 3844 integro
396 3782 482 3832 scaea.
501 3784 606 3834 inurent.
644 3787 734 3847 integra
761 3785 794 3846 d.,
816 3786 927 3835 Latinius.
984 3783 1023 3832 ll.
1048 3784 1237 3833 decucurrerunt
1265 3785 1316 3836 Coc.
1342 3782 1447 3881 lavdi

278 3848 438 3900 decurrerunt
456 3849 513 3899 nod.

312 3949 335 3999 d.
344 3958 368 3998 nt
379 3963 427 3998 nou
439 3949 523 3999 eadem
533 3947 693 4018 damnatum]
704 3952 738 4002 ita
752 3966 836 4003 emen·
924 3965 946 4012 g.
965 3949 1028 3999 Petri
1047 3944 1192 4014 affirmetur]
1211 3949 1247 4000 Ci.
1260 3946 1447 4015 uriconium

277 4016 524 4066 dandumvidebatur.
549 4019 766 4082 dicitevangelinm
775 4020 838 4069 Mar·
890 4017 930 4068 tat.
950 4018 1048 4081 Scriptt.
1066 4018 1157 4066 Eectes.
1177 4033 1229 4080 cap.
1241 4016 1265 4068 8.
1423 4020 1447 4135 ff

277 4082 354 4133 rionis
381 4082 444 4146 apud
470 4086 590 4135 neminem
615 4094 698 4136 notum
717 4101 772 4136 esse
790 4087 837 4136 nisi
924 4085 946 4133 u.
966 4085 1044 4133 Lucae
1063 4080 1194 4149 digestum]
1218 4086 1259 4134 Sic
1276 4099 1350 4148 snpra
1368 4096 1418 4149 cap.
1439 4132 1447 4143 „

277 4164 324 4199 nna
342 4158 366 4201 et
383 4151 530 4200 damnatum.
571 4155 657 4205 Eodem
680 4155 716 4203 sie
739 4153 837 4217 saepius
889 4160 932 4213 „et
949 4152 1005 4201 inde
1022 4160 1079 4201 sunt
1098 4160 1179 4201 nostra
1198 4151 1317 4214 diperte‘'
1340 4150 1377 4202 Gi.
1392 4146 1447 4213 Sd&

277 4217 382 4279 positum
400 4225 438 4266 est
455 4219 517 4280 apud
537 4221 690 4285 Septimium.
720 4220 756 4270 Cf.
775 4235 837 4284 qnae
890 4233 949 4266 mas.
967 4219 997 4267 ad
1015 4219 1114 4268 tertuli,
1135 4219 1168 4266 tte
1187 4219 1263 4268 Pattio
1282 4217 1371 4282 capii.

277 4284 386 4333 adnotari
404 4284 434 4333 ad
452 4285 552 4347 tpotog.
571 4287 676 4353 capii.
888 4284 937 4334 20³
949 4301 986 4348 sq.
1011 4294 1035 4335 et
1058 4302 1119 4350 quae
1137 4287 1247 4335 adnotavi
1266 4286 1296 4335 ad
1315 4212 1447 4437 ΙῙΜΙΞ

310 4399 332 4432 ..
351 4381 463 4449 oo]
481 4384 507 4433 o
886 4351 1391 4483 discrutatur.uid⁹
1435 4342 1447 4467 ζ

276 4458 335 4501 Μιι
354 4452 383 4500 ⁸⁶
403 4451 436 4500 υς
454 4453 549 4502 ⁶⁰¹⁰⁰⁸
569 4470 621 4518 ⁰⁸¹³·
633 4452 672 4502 ¹3¹
920 4486 936 4534 i.
955 4482 1085 4551 dedicata]
1105 4488 1138 4536 tie
1150 4487 1220 4535 huius
1236 4485 1301 4537 verbi
1314 4480 1448 4549 otnaffi

309 4551 326 4600 t·
345 4551 444 4601 Faciunt
462 4553 527 4601 favos
545 4549 683 4617 etrespre]
701 4551 834 4616 Vespasia
886 4560 960 4602 toturn
979 4563 1016 4602 est
1035 4556 1064 4604 od
1083 4554 1204 4617 Scorpion.
1224 4569 1278 4618 cap.
1290 4555 1313 4605 1.
1421 4552 1444 4603 .'

274 4618 373 4667 subtimi
396 4633 410 4668 e
432 4619 483 4669 toto
507 4620 578 4669 nidos
606 4621 694 4680 tacere,
722 4628 745 4669 et
763 4621 787 4669 in
805 4622 835 4671 iis
919 4619 941 4666 Ιι.
963 4618 1082 4687 Denique]
1107 4623 1180 4672 Adeo.
1221 4620 1262 4670 Sic
1286 4620 1361 4686 paulo
1384 4606 1448 4673 init!¹

275 4701 353 4746 teras,
371 4687 443 4736 tradit
462 4687 553 4736 Plinius
571 4683 708 4751 [Mistdat.
724 4684 835 4752 ΧΙ.2Ι.].
885 4686 956 4735 etiam
982 4689 1108 4754 „Denique
1125 4689 1164 4737 ubi
1183 4701 1271 4737 manus
1288 4688 1323 4739 itii
1343 4688 1448 4753 Mardq

273 4754 379 4814 (digiti.)
408 4753 547 4804 Cthtnter
564 4754 683 4806 Primord.
702 4755 766 4806 Eccl.
784 4756 832 4806 tir.
884 4753 981 4803 intulit“
1000 4764 1056 4805 ceu.
1092 4757 1129 4807 Gi.
1148 4755 1238 4805 adnott.
1262 4755 1293 4806 ad
1312 4754 1348 4806 no
1365 4754 1448 4809 dudit-¹

274 4820 368 4884 pilii.
883 4834 937 4884 cap.
949 4819 989 4870 td.
1008 4829 1033 4871 ot
1050 4823 1081 4873 ad
1097 4824 1200 4889 apolog.
1217 4820 1328 4886 upon
1437 4864 1446 4879 .
