3242 5775
522 666 672 713 misnens
692 669 866 716 unctum
887 674 946 719 nra.
961 674 1001 720 ir.
1295 669 1357 732 tes

222 817 321 898 perdam
340 819 489 894 emittere,
518 817 632 881 “euius
654 819 765 882 nullam
787 830 1012 901 praestruxerat
1039 826 1275 894 distinctionem.
1319 835 1358 896 At

220 920 268 981 uim
284 929 391 982 creator
411 938 497 982 meus
520 919 579 981 “et
601 920 673 982 oiim
695 930 726 983 et
747 921 856 1004 ubique
878 927 1031 1006 praecepit
1058 927 1244 1007 indigentes,
1277 952 1355 1013 pau-

214 1031 312 1100 preest
330 1021 460 1102 pupillos
483 1030 513 1083 et
533 1021 637 1083 viduas
660 1024 794 1103 protegi,
817 1024 926 1099 iuvari,
949 1028 1136 1107 refrigerari3
1159 1031 1238 1091 sicut
1255 1042 1285 1093 et
1298 1050 1355 1111 per

212 1117 306 1183 benun
326 1122 508 1202 “Infringito
530 1140 639 1202 panem
661 1132 745 1185 tuum
759 1123 948 1202 ⁴⁹mendicis,
972 1136 1002 1188 et
1023 1130 1074 1208 qui
1091 1129 1157 1191 sinc
1173 1139 1251 1191 tecto
1268 1142 1503 1206 superueniunt.

210 1221 343 1286 'ndomum
365 1235 446 1286 tuam
469 1223 619 1297 inducito,
654 1233 685 1285 et
705 1224 818 1287 nudum
847 1227 873 1288 si
895 1228 1022 1302 videris,
1052 1230 1153 1309 tegito.
1196 1231 1272 1292 item
1294 1252 1350 1311 per

208 1319 352 1387 betbiefem
375 1325 413 1387 de
434 1325 500 1386 riro
523 1325 618 1387 iusto:
641 1325 751 1392 Panem
774 1345 864 1388 suum
885 1326 967 1390 dabit
993 1329 1151 1404 esurienti,
1185 1341 1215 1391 et
1237 1331 1348 1393 nudum
1363 1333 1457 1426 xfifficg·

208 1421 344 1505 'conteget
389 1425 470 1487 Satis
493 1444 564 1505 ergo
587 1426 645 1488 iam
666 1426 766 1488 ⁶¹tunc
794 1446 843 1490 me
870 1427 971 1490 docuit
997 1448 1031 1490 ea
1059 1431 1156 1492 facere
1184 1430 1251 1491 aliis
1273 1451 1350 1510 quac
1427 1414 1460 1436 ”

207 1525 250 1586 lbi
266 1528 347 1588 aelim
371 1527 447 1588 fieri.
490 1526 622 1589 Proinde
644 1528 839 1601 denuntians,
861 1526 929 1590 Non
952 1529 1085 1603 occides,
1107 1527 1176 1591 Non
1198 1530 1348 1594 adultera·
1362 1532 1484 1639 xff¹f3¹3qq

206 1621 244 1699 Β,
260 1628 319 1690 Non
339 1627 504 1700 furaberis,
526 1627 593 1688 Non
614 1629 722 1690 falsum
737 1629 940 1691 testimonium
955 1629 1054 1702 dices,
1077 1630 1179 1691 docuit
1192 1648 1231 1692 ne
1245 1632 1350 1695 faciam
1401 1613 1407 1633 ’
1485 1614 1492 1627 ’

206 1724 245 1787 dis
261 1747 330 1807 quae
351 1729 417 1791 fieri
440 1729 512 1790 mihi
533 1729 643 1803 noiin13
666 1739 696 1790 et
716 1729 784 1791 ideo
807 1731 904 1811 ipsius
926 1730 983 1792 erit
1001 1739 1193 1810 praeceptum
1208 1732 1238 1792 in
1255 1750 1347 1793 evan·

206 1826 254 1904 idio
271 1830 317 1908 qui
339 1829 411 1890 iliud
433 1838 516 1890 retro
539 1837 569 1890 et
590 1831 769 1909 praestruxit
790 1840 819 1893 et
842 1831 976 1893 distinxit
991 1831 1070 1893 etad
1086 1830 1241 1892 arbitrium
1257 1831 1348 1894 disci-

207 1925 270 2007 ἡκ
287 1949 357 1992 suae
379 1929 531 2010 disposuit
553 1938 584 1990 et
610 1930 717 1991 merito
741 1931 805 1993 iam
834 1931 1013 2012 compendio
1042 1929 1236 2018 substrinxit,
1267 1947 1469 2010 quo-tennis.

208 2026 257 2089 bn
273 2038 301 2092 et
320 2031 391 2092 alias
414 2032 545 2092 recisum
568 2049 737 2093 sermonem
760 2034 892 2094 facturus
915 2034 946 2094 in
969 2032 1058 2094 terris
1074 2031 1231 2106 dominus,
1254 2031 1284 2093 id
1300 2041 1349 2093 est
1404 2083 1416 2103 ,

210 2124 322 2204 frisius,
343 2130 579 2212 praedicabatur.

261 2229 309 2293 bic
327 2250 407 2294 nunc
429 2233 466 2294 dc
487 2233 591 2295 fenore
613 2251 680 2294 cum
693 2231 880 2314 interponit,
902 2233 940 2294 Et
962 2234 988 2295 si
1011 2231 1216 2294 feneraveritis
1238 2250 1255 2292 a
1277 2230 1346 2310 qui·
1364 2252 1489 2309 cepxrtt.

209 2323 243 2390 hs
258 2333 376 2412 speratis
399 2352 454 2394 vos
477 2341 667 2413 recepturos,
696 2353 770 2413 quac
798 2335 892 2414 gratia
921 2342 968 2395 est
990 2330 1100 2394 vobis?
1131 2349 1273 2413 percurre
1295 2349 1347 2391 se·
1361 2314 1495 2367 mm·

212 2433 292 2508 petia
312 2433 474 2496 Ezechielis
498 2433 535 2495 de
558 2435 663 2496 eodem
692 2436 755 2497 viro
779 2436 875 2497 iusto:
908 2434 1084 2506 Pecuniam,
1118 2432 1229 2511 inquit,
1263 2432 1459 2534 suamxssvffi

214 2527 288 2595 'hori
308 2554 367 2596 non
391 2535 488 2607 dedit,
511 2543 542 2596 et
562 2536 641 2615 quod
665 2535 872 2608 abundaverit,
894 2553 954 2597 non
970 2542 1085 2607 sumet,
1108 2533 1221 2596 fenoris
1237 2533 1350 2594 scilicet

213 2630 410 2708 maetam,
432 2636 511 2722 Quod
534 2646 579 2698 est
593 2655 692 2698 usura.
729 2636 817 2698 Prius
840 2637 931 2715 igitur
951 2636 1008 2698 fuit
1029 2644 1062 2697 ut
1083 2637 1211 2696 fructum
1233 2633 1347 2695 fenoris

214 2733 349 2811 edurat,
382 2756 442 2816 quo
471 2737 585 2799 facilius
613 2738 816 2799 adsuefaceret
842 2736 993 2797 bominem
1015 2735 1074 2815 ipsi
1096 2754 1217 2815 quoque
1239 2734 1346 2808 fenori,

214 2827 241 2895 'ri
254 2835 330 2911 terte,
351 2838 520 2920 perdendo,
543 2839 627 2901 cuius
650 2840 776 2901 fructum
792 2837 946 2900 didicisset
961 2837 1107 2900 amittere.
1140 2836 1224 2898 Hanc
1238 2835 1346 2897 etenim

215 2930 299 2999 femus
326 2959 446 3020 operam
476 2941 549 3019 legis
573 2940 665 3002 fuisso
697 2940 887 3020 procurantis
920 2939 1081 3018 evangelio.
1133 2937 1345 3011 Quorundam·

217 3039 260 3099 he
275 3040 351 3101 fidem
378 3041 519 3121 paulatim
547 3041 583 3103 ad
613 3044 775 3121 perfectum
803 3038 977 3118 disciplinae
998 3040 1184 3101 Christianae
1216 3038 1346 3101 nitorem

217 3136 283 3211 {nis
302 3142 462 3222 quibusque
484 3144 649 3223 praeceptis
672 3141 861 3203 balbutientis
882 3141 977 3201 adbuc
993 3140 1185 3218 benignitatis
1201 3140 1346 3200 informa·

217 3230 253 3299 Η.
280 3240 343 3305 Nam
366 3253 396 3306 et
417 3262 523 3323 supra,
545 3243 582 3303 Et
604 3243 727 3323 pignus,
749 3242 861 3321 inquit,
883 3241 1005 3303 ”reddes
1028 3241 1105 3313 dati,
1128 3240 1230 3319 utique
1245 3240 1272 3299 si
1286 3258 1346 3300 non
1361 3243 1473 3336 &ffb-7·

219 3334 411 3419 d'rotiendo,
441 3344 509 3423 quia
531 3344 674 3405 ⁵soiutori
697 3344 796 3422 ntique
819 3344 927 3423 pignus
949 3341 1167 3402 restituendum
1190 3357 1258 3400 esse
1279 3339 1347 3399 ‘ut-
1425 3323 1431 3345 ’

171 3486 172 3495 ,
220 3450 295 3521 neue
313 3464 370 3508 non
392 3446 566 3508 seriberent.
615 3444 706 3506 Multo
733 3442 919 3504 manifestius
947 3442 977 3502 in
1000 3439 1249 3500 Deuteronomio:
1282 3437 1470 3542 ¹5⁰¹¹x¹iiilte

221 3534 308 3606 fimes
327 3566 416 3627 super
437 3547 545 3626 pignus
568 3548 648 3617 eius,
672 3544 838 3607 redditione
860 3541 969 3604 reddes
986 3540 1027 3600 illi
1042 3538 1162 3617 pallium
1184 3539 1259 3599 circa
1276 3537 1349 3598 solis

171 3692 177 3701 .
224 3652 331 3721 mum,
353 3658 382 3710 et
403 3649 532 3709 dormiet
554 3648 582 3708 in
605 3646 693 3726 paffio
717 3664 784 3706 suo.
828 3642 933 3703 Adbuc
954 3641 1061 3702 clarius
1085 3658 1190 3720 supra:
1213 3638 1500 3712 Dimittendum

225 3752 277 3805 fle
293 3747 413 3811 debitum
436 3750 516 3829 quod
540 3749 591 3810 tibi
614 3747 769 3828 proximus
786 3744 888 3816 debet,
912 3750 942 3803 et
964 3744 1085 3804 baboni
1109 3748 1191 3802 tuum
1213 3758 1276 3821 non
1298 3758 1348 3801 rc·

225 3850 307 3919 Μ,
325 3851 460 3930 quoniam
483 3850 620 3912 remissio
643 3846 755 3909 domini
778 3846 825 3907 dei
849 3845 890 3905 tui
914 3844 1047 3905 invocata
1070 3850 1127 3904 est
1164 3841 1258 3901 Porro
1282 3857 1349 3899 cum

173 3945 177 3959 '
227 3934 311 4009 Ἥκω
330 3951 432 4013 dimitti
455 3950 552 4024 iubet,
575 3950 676 4028 utique
698 3966 759 4008 non
773 3945 984 4007 ‘tersotuiuro
1000 3944 1079 4023 (pius
1093 3941 1191 4003 'enirn
1205 3947 1269 4013 est,
1292 3939 1350 4001 etsi

171 4094 181 4123 ¹
229 4086 409 4153 {marinam
429 4103 615 4169 praestrinxerat
635 4102 657 4151 G.
700 4101 769 4150 euius
787 4113 832 4163 per
849 4098 941 4147 nuttam
967 4097 1096 4146 strinxerat
1115 4093 1140 4143 B.
1192 4091 1352 4144 steterim

171 4160 180 4193 ¹
231 4158 359 4221 'budae
379 4174 496 4223 i'utieano.
531 4172 588 4219 ofim
606 4171 699 4233 reliqui.
752 4165 793 4216 ta.
813 4166 936 4227 infringito
957 4164 1072 4213 esurienti
1091 4175 1178 4225 panem
1196 4161 1233 4211 cd.
1268 4158 1309 4208 49.
1328 4165 1352 4209 et

232 4229 308 4283 Uror
322 4241 357 4301 qui
374 4242 409 4290 ed.
463 4239 504 4288 50.
524 4240 629 4300 contegit
646 4238 671 4285 B.
724 4235 764 4285 51.
785 4249 849 4283 nunc
867 4235 889 4283 b.

269 4298 385 4364 faiditi.
423 4307 444 4356 f.
464 4308 563 4355 foenore
584 4307 637 4355 fob.
685 4302 709 4353 2.
728 4305 764 4352 sic
783 4303 806 4352 G.
855 4300 878 4349 3.
897 4298 985 4348 reddes
1005 4297 1063 4355 dati,
1082 4296 1228 4358 utiqueego.
1263 4292 1351 4343 reddes

172 4364 181 4397 ¹
232 4352 396 4434 bittr'giieflti.
438 4376 526 4424 reddes
545 4374 681 4437 utiqueub.
724 4370 809 4420 reddet
826 4369 909 4430 ntique
928 4368 964 4415 cd.
1016 4363 1258 4413 4.suliendoobed.
1299 4358 1352 4408 suf·

232 4430 340 4489 *¹le.
389 4443 412 4492 ⁵.
430 4444 541 4492 nointuro
566 4443 598 4502 d.,
626 4456 655 4489 ee
673 4440 832 4489 emendatione
849 4437 908 4485 Petri
928 4433 1051 4483 ciacconii.
1111 4430 1136 4480 6.
1154 4437 1276 4492 utcunque
1302 4440 1351 4476 non

172 4532 178 4563 i
231 4496 360 4570 *Mene
402 4520 482 4560 utrum
502 4510 574 4559 bomo
592 4504 731 4557 scriberet?
757 4504 861 4554 bfubcd.
913 4500 960 4551 db.
980 4498 1124 4549 exsofiituro
1146 4497 1268 4547 Vaticanus
1285 4494 1351 4543 atter.

171 4602 176 4633 ,ι
231 4552 302 4621 [Μ
315 4574 486 4627 fatetimini.

172 4668 177 4701 '¹
248 4662 356 4745 miii.
381 4677 544 4740 aevangefio.
564 4671 735 4739 Quorundam]
787 4670 874 4730 rendo,
901 4669 956 4732 quia
982 4665 1087 4717 solutori
1105 4663 1188 4727 utique
1205 4660 1294 4724 pignus
1311 4669 1352 4705 re·

229 4722 350 4802 bueria
363 4747 561 4810 muniebamur
574 4745 733 4809 quorundam.
787 4736 935 4788 stitueudum
953 4750 1009 4785 esse
1024 4742 1144 4795 utcunque
1154 4743 1201 4805 non
1211 4715 1351 4784 scriberet]

172 4838 175 4868 '—
229 4792 302 4858 ᾖ·
317 4814 409 4863 'fllium
428 4815 511 4864 refert.
788 4807 824 4856 lte
843 4806 903 4855 baec
919 4805 1001 4862 rerba,
1024 4807 1138 4862 corrupta
1162 4796 1221 4845 oiim
1238 4798 1263 4845 ct
1279 4788 1353 4852 piane

247 4868 414 4946 *uiuum
431 4881 513 4949 utique
530 4880 552 4931 ei
570 4894 619 4932 non
636 4880 668 4932 ait
683 4877 736 4928 soi·
789 4874 904 4936 obscura,
921 4869 1065 4924 emendasse
1083 4865 1141 4916 mibi
1158 4874 1214 4914 rum
1231 4858 1305 4908 dani.
