3242 5775
275 649 339 715 ott
530 663 633 715 onmrr
656 661 788 706 anrrmu
809 658 976 703 rnonnnrrs
1000 657 1199 703 rrnrunmtm

175 835 245 879 area.
280 823 365 879 utero
386 814 479 875 homo
501 830 517 873 a
539 829 598 891 quo
621 812 715 872 forma
743 808 888 889 compieta
910 816 965 869 est
1009 806 1083 869 Nam
1106 816 1135 869 et
1154 805 1288 870 ‘dionei‘
1312 808 1436 872 tex-un

163 886 256 939 ¹⁰³²
279 914 408 979 aborsus
430 931 514 975 reum
536 888 696 974 talionibus
718 909 853 982 'iudicat
876 927 943 971 cum
965 908 1022 969 iam
1037 908 1187 1002 'bominis
1205 917 1254 971 est
1268 929 1367 983 musa,
1387 928 1436 972 mn

278 1017 336 1078 iam
360 1014 401 1075 iili
423 1013 499 1075 vitae
522 1022 550 1074 et
573 1010 678 1074 mortis
702 1019 797 1072 status
820 1011 993 1089 deputatur,
1023 1027 1089 1070 eum
1111 1010 1160 1071 'et
1181 1011 1243 1072 fato
1266 1011 1326 1074 iam
1346 1012 1436 1075 ineui-

277 1116 374 1188 bitur,
397 1115 454 1178 etsi
476 1114 573 1175 adhuc
594 1113 625 1173 in
646 1121 741 1173 matre
762 1111 888 1172 vivendo
910 1129 977 1172 curn
999 1119 1093 1172 matre
1107 1110 1271 1189 plurimum
1286 1113 1435 1176 communi·

279 1225 326 1279 cst
347 1223 471 1278 sortem.
507 1215 608 1275 Dicam
631 1211 739 1291 aliquid
761 1211 850 1272 etde
871 1211 1057 1290 temporibus
1073 1212 1189 1274 animae
1204 1213 1372 1287 nascentis,
1393 1213 1437 1274 'nt

279 1317 414 1380 ordinem
436 1316 602 1376 decurram.
634 1312 779 1391 Legitima
801 1312 938 1373 nativitas
960 1314 1052 1373 ferme
1075 1313 1181 1374 decimi
1196 1314 1313 1375 mensis
1335 1315 1436 1395 ingres·

279 1436 331 1480 sus
353 1426 410 1478 est.
455 1414 513 1488 Qui
541 1431 683 1475 numeros
709 1413 939 1486 ratiocinantur,
972 1422 1002 1475 et
1028 1412 1211 1496 decurialem¹
1236 1432 1393 1477 numerum
1412 1423 1436 1476 ut

280 1517 386 1580 exinde
406 1515 589 1593 reliquorum
612 1515 792 1593 “parentem
816 1513 947 1586 cofuntf,
976 1514 1104 1593 denique
1125 1515 1325 1603 perfectorem
1347 1515 1434 1578 netin'·

279 1618 349 1681 tatis
372 1619 527 1678 bumanae'.
570 1615 632 1695 Ego
664 1614 699 1676 ad
728 1615 815 1676 deum
837 1614 938 1693 potius
967 1616 1197 1693 argumentabor
1224 1615 1317 1681 bunc.
1334 1617 1436 1679 modun

279 1717 439 1798 temporis,
468 1724 502 1802 ut
523 1717 625 1778 decem
647 1732 766 1776 menses
790 1714 948 1794 decalogo⁶
976 1717 1070 1795 magis
1092 1717 1271 1794 inaugurent
1291 1717 1435 1789 bominem,

279 1828 314 1882 ut
339 1826 421 1881 tanto
454 1817 599 1896 temporis
631 1834 757 1878 numero
790 1833 948 1877 nascamur
978 1825 1089 1896 quanto
1122 1817 1296 1897 disciplinae
1327 1835 1434 1881 numero

280 1919 500 1981 ”renascimun
534 1918 593 1979 Sed
616 1926 732 1980 etcum
756 1918 885 1995 septimo
907 1935 1010 1979 mense
1031 1918 1167 1979 nativitas
1189 1918 1277 1997 piena
1300 1928 1357 1994 est,
1379 1918 1435 1982 tae·

279 2020 337 2083 lios
360 2035 447 2099 quam
470 2027 590 2092 octavo,
613 2019 759 2080 bonorem
775 2018 887 2079 sabbati
905 2035 1078 2096 agnoscam,
1101 2025 1134 2078 ut
1149 2016 1237 2098 ¹’quo
1259 2020 1308 2082 die
1323 2021 1435 2083 tettan

281 2121 303 2156 ²⁴
313 2128 360 2182 cst
380 2120 429 2181 dei
444 2120 591 2191 conditio,
616 2120 679 2180 ¹“eo
695 2137 798 2180 mense
813 2118 961 2180 interdum
976 2119 1157 2198 producatur
1171 2118 1219 2180 dei
1235 2120 1345 2201 imago.
1372 2120 1436 2182 Con·

265 2209 398 2284 'mesum
421 2228 467 2281 est
487 2236 650 2299 properare
671 2219 830 2293 nativitati,
863 2229 893 2281 et
921 2219 1045 2280 ¹⁸tamen
1073 2220 1209 2282 ¹⁷idonee
1236 2239 1392 2284 occurrere
1413 2219 1435 2280 in

282 2320 533 2394 ¹'hebdomadem
557 2320 587 2381 in
610 2320 740 2399 auspicia
761 2319 991 2381 resurrectionis
1008 2327 1038 2381 et
1052 2320 1193 2399 requietis
1210 2330 1240 2383 et
1254 2322 1348 2403 regni.
1379 2321 1437 2383 ideo

166 2411 269 2507 ffi‘ffig,
283 2423 396 2503 ogdoas
418 2439 474 2483 nos
497 2439 557 2481 non
579 2430 675 2495 creat3
698 2429 768 2482 tunc
789 2420 868 2482 enim
890 2420 1009 2500 nuptiae
1031 2439 1091 2482 non
1114 2430 1210 2483 erunt.
1250 2423 1437 2492 ¹’Societatem

223 2493 230 2515 ’
281 2524 380 2586 cernis
411 2530 499 2601 atque
527 2522 641 2582 animae
672 2521 842 2582 iamdudum
876 2520 1163 2582 commendavimusf
1190 2542 1206 2583 a
1234 2522 1437 2587 ”conuenere

282 2624 429 2684 seminum
451 2622 586 2700 ipsorum
609 2638 704 2701 usque
726 2621 761 2682 ad
784 2621 915 2699 figmenti
937 2622 1160 2700 perfectionem.
1196 2622 1218 2655 ²¹
1226 2622 1356 2688 Perinde
1376 2639 1439 2687 ncnc

281 2722 381 2784 ”eta
407 2721 558 2783 nativitate
586 2701 789 2793 defendimus,
823 2721 959 2801 inprimis
987 2723 1067 2801 quod
1096 2723 1184 2784 simui
1212 2736 1368 2796 crescunt,
1399 2719 1438 2787 sed

281 2822 427 2883 ”diversa
450 2821 566 2883 ratione
587 2839 643 2901 pro
666 2839 806 2900 generum
829 2822 1020 2898 condicione,
1042 2842 1110 2886 caro
1126 2823 1265 2901 moduio,
1288 2826 1385 2889 anima
1403 2826 1439 2889 iu·

282 2925 387 3004 genio,
410 2942 479 2985 caro
500 2922 619 2994 habitu,
642 2923 737 2984 anima
754 2942 856 2984 sensu.
892 2922 1029 2985 Ceterum
1051 2925 1177 2986 animam
1199 2926 1366 2990 substantia
1387 2944 1440 2989 cre·

283 3042 368 3087 scere
390 3023 556 3102 negandum
579 3032 640 3095 est,
663 3041 701 3083 ne
723 3023 810 3084 etiam
832 3023 1034 3086 ”decrescere
1050 3025 1214 3086 substantia
1232 3027 1356 3101 dicatur,
1377 3027 1442 3089 ²'at-

283 3143 341 3204 que
362 3125 401 3186 ita
424 3133 454 3186 et
468 3123 617 3185 defectura
632 3122 784 3197 credatur3
807 3125 859 3185 sed
875 3125 919 3186 vis
935 3125 1010 3196 aius,
1034 3125 1064 3185 in
1079 3124 1164 3206 ”qua
1181 3127 1325 3189 naturalia
1341 3127 1446 3209 paam

283 3224 397 3287 consita
425 3224 633 3296 ”retinentum
667 3224 747 3284 saivo
768 3223 959 3286 'substantiae
986 3226 1123 3300 modulo,
1157 3235 1216 3307 quo
1244 3247 1259 3290 a
1288 3229 1451 3308 primordio

281 3326 380 3387 inflata
403 3332 465 3399 est,
486 3325 625 3404 paulatim
648 3342 714 3386 cum
737 3343 825 3386 carue
840 3326 1042 3404 productim-¹.
1076 3327 1231 3390 Constitue
1245 3336 1357 3390 certum
1371 3348 1458 3409 pon‘

282 3425 338 3487 dus
360 3424 423 3487 auri
445 3425 490 3486 vei
513 3425 643 3504 argenti,
676 3426 779 3486 rudem
808 3426 904 3487 adbuc
925 3445 1070 3488 massam:
1104 3425 1244 3490 collectus
1258 3427 1384 3491 babitus
1407 3428 1474 3493 es‘

281 3524 339 3599 ifli,
362 3533 392 3587 et
413 3527 513 3587 futuro
535 3525 654 3588 interim
676 3525 789 3600 minor,
813 3535 911 3588 nmen
933 3527 1091 3588 continens
1113 3529 1191 3591 intra
1211 3528 1318 3591 lineam
1340 3514 1479 3594 moduli

281 3676 306 3727 d.
324 3676 398 3727 tecet
416 3681 451 3739 t,
470 3679 637 3742 ionsenfiper.
672 3678 759 3741 Moysis
778 3680 799 3728 b.
836 3677 979 3741 ttovstttca.
1021 3679 1044 3727 t.
1064 3676 1198 3741 indicit(?t
1214 3682 1264 3745 Αφ.
1306 3681 1331 3733 8.
1350 3678 1479 3735 bomini³

281 3751 408 3793 esteausn
428 3759 481 3793 eum
501 3745 699 3795 inmittimus.
752 3744 776 3795 9.
795 3753 820 3794 et
837 3747 917 3796 ovat
971 3746 1010 3796 10.
1029 3746 1120 3799 Ordine
1138 3748 1265 3797 decurram
1283 3751 1309 3800 Α.
1353 3750 1479 3816 11.ρ1”

280 3818 376 3860 rentum
397 3811 434 3860 da.
489 3810 528 3859 12.
547 3812 670 3860 nascimur
686 3814 712 3862 1.
775 3812 906 3875 toquere
926 3813 963 3863 da.
1020 3813 1245 3866 tt.estcm.tca.
1310 3816 1350 3867 ib.
1369 3812 1479 3871 eod&

281 3885 333 3927 toto
351 3877 408 3926 dciv.
469 3876 507 3926 16.
526 3884 573 3926 tam
592 3880 615 3928 b.
674 3878 712 3927 l'f.
731 3880 819 3929 idonee
839 3880 891 3929 fab.
937 3880 991 3929 ideo
1010 3895 1040 3930 ne
1058 3882 1125 3946 Agit.
1166 3882 1255 3932 idoneo
1280 3885 1374 3945 neda.
1417 3870 1479 3935 13

280 3943 439 3992 ebdomadem
457 3945 499 4003 Αβ.
555 3945 593 3993 19.
612 3946 722 3994 sotietate
740 3949 782 4008 Αβ.
835 3946 875 3996 20.
896 3948 1082 4010 congregatione
1098 3950 1179 4012 Afinio.
1231 3949 1273 3999 21.
1294 3951 1398 4002 Perinde
1414 3948 1479 4002 tv

217 4040 223 4053 .
281 4008 385 4057 Proinde
408 4010 501 4073 refigat.
561 4009 601 4059 22.
626 4021 650 4061 et
673 4014 817 4063 nativitatem
835 4015 861 4063 1.
919 4013 960 4063 23.
984 4015 1057 4074 divisa
1076 4017 1115 4065 rt.
1178 4014 1219 4066 21.
1250 4018 1395 4070 adcrescere
1411 4004 1479 4082 ΔΡ

280 4089 390 4125 emanere
407 4078 457 4140 Λφ.
509 4076 550 4127 25.
569 4078 647 4142 adque
663 4081 706 4141 Api.
758 4079 798 4130 26.
819 4082 1028 4145 quantnnaturaiia
1046 4084 1071 4132 t.
1124 4082 1165 4133 21.
1183 4084 1302 4134 retinetur
1318 4090 1345 4136 1.
1425 4099 1434 4107 ·

317 4191 336 4224 c.
357 4174 442 4238 tfosei]
470 4177 503 4226 be
522 4179 566 4228 bac
583 4180 676 4240 genitivi
697 4180 774 4229 forma
793 4181 841 4231 ttrt
893 4183 1054 4231 contineret.“
1089 4183 1139 4232 Atta
1157 4193 1309 4234 sacramente
1337 4187 1439 4237 bumana

281 4256 354 4305 supra
374 4244 402 4292 ad
422 4260 473 4308 cap.
486 4245 526 4295 35.
893 4250 1077 4314 compositionis
1094 4250 1182 4300 ibidem
1201 4251 1324 4314 expendit.
1341 4254 1479 4313 (1.1ῦοῖ

315 4308 338 4359 d.
357 4318 380 4358 et
398 4313 544 4362 decurialem
563 4327 689 4362 numerum
715 4322 740 4362 nt
758 4315 843 4364 exinde
893 4317 942 4374 da.)

279 4375 429 4439 reliquiorum
455 4389 579 4442 parentem
599 4377 693 4442 cofcntl
723 4381 759 4431 Cf.
779 4380 841 4431 Pint.
927 4385 943 4432 f.
963 4379 1195 4450 commendavimus]
1221 4382 1259 4433 td·
1277 4395 1316 4436 est
1342 4387 1439 4451 probavi

279 4441 314 4491 [ie
332 4444 395 4492 Piae.
416 4446 505 4495 Pbitcs.
524 4448 542 4502 i,
560 4446 583 4496 2.
625 4448 690 4497 tdde
714 4449 841 4500 Censorio.
894 4465 956 4509 mus,
975 4451 1199 4500 demonstravimus.
1224 4452 1261 4503 Cf.
1273 4452 1479 4517 quaernnottfl

279 4508 313 4557 [ie
333 4510 374 4558 [tte
394 4512 444 4560 Nat.
464 4528 516 4576 cap.
529 4514 567 4564 tt.
603 4515 688 4564 vitruv.
709 4514 749 4573 tlt,
763 4516 783 4563 1.
894 4519 922 4566 ad
942 4519 975 4567 De
995 4518 1070 4566 Pafiin
1090 4533 1142 4582 cup.
1155 4518 1180 4568 1.

313 4591 334 4626 e.
352 4577 480 4641 decalogo]
511 4580 646 4643 ifvstarium
670 4582 750 4631 simiis
768 4597 839 4631 vene·
926 4598 948 4646 g.
972 4585 1087 4648 pavitatinr
1115 4599 1168 4634 com
1194 4600 1267 4635 earne
1292 4586 1439 4650 producitur.
1466 4609 1479 4623 ·

278 4650 346 4692 retur
364 4645 525 4695 Cassiodorus
549 4649 572 4696 in
598 4649 721 4697 bominum
747 4651 838 4698 forma·
891 4652 957 4714 iptio
971 4652 1128 4712 tergestinum
1148 4650 1233 4717 [linx
1252 4654 1281 4702 de
1292 4654 1382 4705 Genesi
1400 4652 1479 4718 reg!

277 4710 343 4759 tione
361 4711 401 4760 fib.
421 4713 454 4760 De
468 4714 550 4762 Anime
568 4730 621 4777 cap.
634 4715 672 4764 16.
691 4730 718 4764 en
737 4730 838 4765 numero
892 4715 961 4782 uftl:
988 4721 1122 4779 „Paulatim
1148 4735 1200 4769 curn
1220 4736 1293 4770 earne
1313 4722 1437 4785 producit!

277 4777 393 4827 denario:
414 4788 458 4838 „ut
476 4795 561 4828 cursus
580 4785 639 4830 vitae
659 4791 838 4846 nostraeatqua
889 4786 913 4834 in
938 4788 1080 4835 membrin.“
1099 4788 1205 4849 ttttgatv.)
1246 4788 1284 4839 ct.
1308 4789 1437 4850 Augustius

277 4847 385 4907 operatio
410 4855 562 4897 sacramenta
588 4849 699 4898 caelestis
729 4851 838 4912 decafogi
890 4853 905 4901 t.
917 4852 942 4913 1.,
961 4855 1001 4916 qui
1020 4854 1162 4905 Tertuiiieni
1180 4856 1322 4919 opinionem
1339 4857 1435 4906 refutat.
