3242 5775
550 643 587 685 os
609 641 853 687 nesunnscrrornr
877 641 990 686 cannas.
1294 630 1358 693 507

197 811 210 852 r
235 791 358 852 israelis
382 800 490 853 statum
513 793 732 869 resurgentium
757 792 908 852 ¹⁷ossuum
941 790 1038 870 imago
1067 792 1272 867 contenditur,
1305 813 1359 857 cur

198 892 272 953 tiam
295 910 354 951 non
378 891 481 953 lsraili
506 893 725 965 tantummodo,
756 912 857 953 verum
881 901 909 953 et
933 891 1072 953 omnibus
1094 893 1232 972 gentibus
1254 893 1358 956 eadem

198 1012 255 1071 pes
277 993 470 1053 annuntiatur
491 1003 520 1053 et
541 991 826 1071 recorporandarum
851 1002 880 1052 et
895 992 1171 1054 redanimandarum
1190 992 1357 1071 ¹'reliquia-

197 1112 249 1154 um
273 1101 303 1154 et
325 1094 361 1155 de
384 1093 548 1171 sepulchris
572 1092 876 1153 ¹⁹exsuscitandorum
898 1091 1110 1153 mortuorum?
1153 1092 1195 1153 lle
1219 1081 1358 1155 omnibus

199 1194 262 1255 nim
285 1194 394 1254 dictum
418 1201 480 1254 est:
502 1194 607 1255 Vivent
628 1193 752 1265 mortui,
775 1193 836 1253 ”et
857 1201 1017 1271 exsurgent
1038 1193 1074 1253 de
1096 1192 1280 1272 sepulchris:
1302 1208 1508 1262 rostenxxrrao.

198 1295 279 1368 uim,
312 1294 390 1372 ''qui
419 1314 434 1356 a
464 1304 493 1356 te
524 1303 588 1366 est,
621 1292 764 1353 ¹'medela
793 1302 840 1354 est
868 1294 988 1355 ossibus
1017 1312 1131 1355 eorum.
1176 1294 1249 1355 ltem
1273 1295 1357 1356 alibi:

197 1395 288 1455 'eniet
315 1396 439 1455 adorare
468 1395 565 1455 omnis
599 1413 667 1455 caro
700 1395 730 1454 in
759 1402 920 1472 conspectu
954 1393 1066 1468 ”meo,
1104 1395 1175 1455 dicit
1205 1394 1508 1484 dominusneuxuac

197 1493 335 1568 tuaadol
370 1495 464 1555 'lcum
493 1494 656 1573 praeterire
683 1495 816 1573 coeperit
842 1494 959 1556 babitus
988 1496 1089 1556 mundi
1118 1495 1217 1557 huius.
1262 1495 1358 1575 Supra

199 1598 277 1657 nim:
313 1596 569 1668 Quemadmodum
597 1595 709 1656 caelum
738 1595 875 1655 ²⁵novum
905 1603 935 1655 et
964 1603 1040 1656 terra
1069 1614 1159 1669 nova,
1194 1615 1268 1675 quae
1298 1604 1507 1676 eg'oruuxvtn

197 1698 276 1770 acio,
299 1696 328 1756 in
352 1707 513 1775 conspeetu
536 1715 619 1770 meo,
643 1696 714 1756 dicit
735 1697 889 1768 dominus,
913 1697 953 1757 ita
975 1695 1065 1756 stabit
1086 1715 1188 1757 semen
1211 1705 1355 1758 vestrum.

197 1798 268 1858 Tunc
290 1815 361 1875 ergo
383 1796 442 1856 ²“et
464 1796 541 1874 quod
565 1797 672 1857 subicit
694 1796 878 1875 implebitur:
901 1797 938 1857 Et
960 1796 1097 1870 exibunt,
1120 1798 1221 1877 utique
1243 1799 1281 1860 de
1301 1815 1507 1869 se-resuxuat.

197 1898 330 1971 ulchris,
360 1905 389 1957 et
411 1896 551 1957 videbunt
573 1906 654 1957 artus
677 1896 810 1957 ²'eorum
834 1897 883 1976 qui
906 1896 996 1975 impie
1018 1888 1156 1975 egerunt‘,
1189 1885 1355 1979 ²'quoniam

198 1999 292 2060 ermis
316 1998 433 2057 illorum
456 2015 516 2057 non
540 1996 655 2057 decidet
677 2004 707 2057 et
728 1996 833 2075 ²”ignis
857 2016 959 2059 eorum
983 2016 1042 2059 non
1066 1999 1267 2079 extinguetur,
1296 1993 1358 2063 ”et

197 2108 271 2161 runt
285 2098 457 2177 conspectui
480 2098 560 2157 omni
576 2098 671 2169 carni,
695 2098 808 2158 scilicet
830 2117 904 2176 quae
926 2099 1100 2160 resuscitata
1123 2108 1153 2160 et
1175 2119 1296 2180 egressa
1319 2102 1356 2163 de

197 2200 351 2281 sepulchris
375 2199 526 2258 dominum
549 2216 604 2276 pro
628 2199 682 2258 hac
704 2198 795 2277 gratia
819 2199 962 2259 adorabit.

268 2300 327 2360 Sed
350 2317 387 2360 ue
411 2298 599 2359 solummodo
623 2317 726 2358 eorum
749 2317 907 2377 corporum
923 2300 1103 2361 resurrectio
1119 2300 1253 2361 videatur
1266 2307 1508 2380 prae-Cumu-

197 2401 274 2461 licari
297 2418 373 2478 quae
395 2398 559 2477 sepulchris
583 2398 812 2471 demandantur,
841 2398 934 2459 habes
963 2400 1119 2480 scriptum:
1152 2401 1189 2461 Et
1209 2402 1504 2475 mandabonpoexxaa.

197 2502 315 2579 piscibus
340 2500 429 2560 maris
453 2507 483 2558 et
506 2497 695 2558 ¹eructabunt
718 2517 787 2558 ossa
819 2516 892 2576 quae
915 2507 986 2560 sunt
1007 2510 1153 2571 comesta,
1183 2512 1212 2562 et
1232 2501 1355 2565 ¹laciatn

197 2601 386 2681 compaginem
410 2599 445 2659 ad
468 2600 670 2675 compaginem
694 2607 723 2658 et
746 2617 781 2657 os
803 2599 839 2658 ad
864 2616 909 2658 os.
949 2600 1042 2677 Ergo,
1066 2601 1183 2680 inquis,
1207 2611 1237 2664 et
1257 2604 1355 2684 pisces

197 2701 440 2764 resuscitabuntur
463 2707 492 2758 et
514 2706 628 2758 ceterae
650 2697 763 2758 bestiae
784 2708 814 2758 et
828 2698 912 2759 alites
928 2700 1115 2773 carnivorae,
1139 2710 1172 2762 ut
1185 2702 1357 2767 'revomant

197 2819 257 2878 quos
279 2800 490 2871 comederunt,
514 2798 580 2877 quia
604 2807 632 2858 et
652 2798 729 2877 apud
744 2799 866 2877 Moysen
888 2800 962 2878 legis
986 2800 1098 2879 exquiri
1122 2803 1296 2881 sanguinem
1319 2805 1356 2867 de

197 2905 321 2964 omnibus
345 2899 474 2962 bestiis?
520 2900 586 2959 Non
608 2901 719 2977 utique.
765 2901 823 2960 Sed
846 2901 956 2962 idcirco
979 2904 1170 2965 nominantur
1191 2905 1304 2967 bestiae
1327 2916 1356 2968 et

197 3005 278 3079 pisces
303 3005 332 3063 in
356 3001 602 3061 ‘redhibitionem
625 3001 722 3061 carnis
746 3011 776 3061 et
797 3002 965 3079 sanguinis,
989 3021 1048 3081 quo
1064 3004 1158 3082 magis
1176 3007 1357 3085 exprimatur

197 3103 362 3165 resurrectio
387 3103 474 3162 etiarn
498 3102 706 3161 devoratorum
730 3119 905 3179 corporum,
929 3121 994 3162 cum
1019 3103 1054 3162 de
1077 3103 1151 3182 ipsis
1168 3105 1355 3168 devoratori-
1393 3145 1398 3158 ·

197 3198 240 3264 bus
260 3205 372 3267 exactio
397 3203 530 3263 edicitur.
576 3202 649 3261 Puto
673 3210 769 3261 autem
793 3201 881 3260 huius
909 3220 1028 3279 qnoque
1055 3203 1170 3264 divinae
1197 3206 1355 3283 potestatis

199 3299 393 3366 documentum
418 3303 556 3362 idoneum
579 3302 700 3374 lonam,
724 3320 789 3360 cum
806 3301 996 3379 incorruptus
1019 3302 1190 3380 ⁶ulramque
1213 3303 1356 3364 substan-

198 3398 269 3478 tiam,
293 3423 410 3465 carnem
435 3412 520 3480 atque
544 3403 688 3472 animam,
712 3400 747 3459 de
770 3401 834 3459 alvo
858 3400 948 3478 piscis
971 3400 1141 3461 “evolvitur
1180 3401 1216 3461 Et
1236 3402 1377 3481 'utique

198 3502 280 3565 lriduo
305 3503 534 3580 concoquendae
564 3503 642 3562 carni
673 3501 784 3561 viscera
814 3499 869 3560 ceti
891 3499 1099 3560 ‘suffecissent
1119 3499 1240 3579 'quam'
1263 3520 1354 3581 capu·

198 3595 258 3676 lum,
280 3623 367 3682 quam
392 3602 599 3681 sepulchrum,
624 3621 710 3678 quam
733 3601 850 3662 senium
877 3601 1028 3678 requietae
1049 3608 1135 3678 atque
1158 3601 1356 3662 ¹⁰reconditae

198 3699 304 3767 deuius
328 3704 512 3782 sepulturae3
535 3703 616 3762 salvo
641 3720 675 3761 eo
692 3701 771 3779 quod
787 3710 818 3761 et
833 3700 960 3773 bestias,
984 3684 1091 3761 ¹*loros
1106 3700 1137 3760 in
1154 3699 1356 3763 Christianum

200 3848 229 3903 ll.
244 3872 342 3906 ossuum
361 3857 398 3905 de.
421 3856 530 3904 Vaticani.
572 3854 663 3902 ossium
682 3855 774 3916 reliqui.
839 3852 877 3901 l8.
896 3853 1042 3915 reliquarum
1061 3853 1104 3901 ta.
1159 3852 1197 3901 19.
1217 3853 1356 3903 excitando-

198 3925 310 3973 unaco.
359 3922 400 3971 20.
420 3931 443 3970 et
461 3938 504 3971 om.
517 3922 560 3970 aa.
601 3919 642 3968 21.
662 3921 701 3981 qui
721 3935 733 3968 a
752 3929 774 3968 te
793 3921 899 3969 estbcd.
936 3921 975 3982 qui
995 3935 1007 3967 a
1026 3927 1049 3967 te
1066 3920 1159 3983 reliqui.
1201 3918 1241 3968 22.
1262 3920 1356 3969 medela

198 3994 271 4040 ared.
309 3990 414 4039 medulla
434 3991 509 4037 esto.
546 3988 740 4050 medelareliqai.
782 3986 824 4035 23.
844 4001 896 4035 mco
916 3989 967 4036 bed.
1003 3983 1130 4044 dr'ri,eod.
1166 3988 1257 4036 domini
1276 3988 1355 4037 eollo.

198 4049 271 4107 lamini
291 4061 356 4107 etl.
397 4057 437 4105 24.
457 4058 543 4105 trrml.
586 4053 626 4102 25.
647 4068 732 4102 novum
751 4054 852 4103 onndd.
900 4052 940 4102 26.
960 4061 982 4102 et
1001 4053 1065 4116 quod
1084 4053 1172 4102 subicit
1188 4056 1214 4103 l.
1249 4062 1273 4103 et
1290 4055 1355 4117 quod

198 4129 252 4172 tram
270 4126 328 4174 dicit
347 4125 404 4173 aco.
447 4123 510 4186 quod
529 4122 616 4169 subicit
634 4123 726 4184 reliqui.
786 4120 827 4170 27.
853 4134 936 4168 eorurn
956 4123 1040 4169 cml.
1100 4118 1140 4168 28.
1165 4120 1288 4183 quomodo
1311 4121 1357 4171 AB.

198 4181 227 4236 ii.
243 4192 302 4252 ignis
321 4192 418 4239 illorum
436 4193 460 4239 t.
498 4191 594 4237 illorum
614 4189 675 4248 ignis
695 4189 719 4236 B.
771 4188 812 4237 30.
832 4195 855 4236 et
873 4189 918 4235 erit
936 4187 994 4235 ratis
1013 4186 1153 4249 conspectui
1170 4188 1248 4237 loca

251 4261 308 4322 Cap,
327 4259 416 4308 xxxtt.
454 4258 476 4305 l.
495 4257 698 4313 eructuabuntc.,
720 4255 969 4305 extriburl'uticnnis.
1004 4253 1192 4316 eruptabuntB.
1227 4253 1251 4302 2.
1269 4254 1355 4303 luciam

199 4327 284 4385 valed.
321 4326 408 4374 lacient
427 4326 503 4374 raca.
555 4323 578 4371 3.
597 4322 771 4372 vomantlBC.
829 4320 853 4370 4.
873 4321 1038 4370 redibitionem
1057 4319 1100 4368 aa.
1143 4320 1303 4370 redhibitione
1321 4323 1356 4370 tr.

200 4381 351 4454 &utramque
369 4393 536 4448 substantiam,
562 4404 658 4439 carnem
677 4396 747 4450 atque
766 4389 870 4437 animam
889 4388 948 4437 llld.
993 4395 1093 4449 utraque
1116 4387 1259 4447 substantia,
1284 4400 1357 4437 carue

201 4460 255 4517 itque
277 4461 355 4507 anima
380 4456 473 4521 reliqui.
532 4457 555 4506 6.
575 4458 692 4506 evomitur
710 4457 823 4505 Latinius.
877 4456 901 4503 l.
921 4455 1015 4517 utrique
1039 4453 1143 4502 triduum
1162 4455 1205 4504 aa.
1258 4453 1282 4504 8.
1307 4461 1356 4503 tam

200 4523 333 4629 plecisseut
352 4527 383 4587 d.,
404 4541 433 4574 er
450 4524 750 4574 emendatfoloiillrsini.
801 4522 826 4573 9.
844 4537 891 4585 qna
912 4521 971 4583 aaa.
1010 4520 1049 4569 10.
1067 4520 1179 4570 conditae
1195 4521 1271 4571 tata.
1317 4518 1355 4568 ll.

208 4599 249 4639 erar
265 4593 306 4642 re.

225 4689 274 4753 Cap.
292 4691 382 4741 llllllll.
427 4708 448 4741 a.
479 4692 631 4740 sollecisseut
658 4687 742 4756 quarn]
795 4697 907 4748 verteret,
925 4695 980 4738 aute
997 4690 1142 4754 suffecissent
1167 4683 1293 4737 inculcavit
1310 4690 1356 4733 tam

201 4749 280 4817 lllipsis
304 4759 459 4809 usitatissima
488 4759 641 4822 comparativi
659 4760 741 4820 mucis,
795 4756 947 4820 particulam,
974 4770 1044 4820 quam
1069 4764 1093 4805 et
1117 4755 1232 4816 Rigaltius
1257 4751 1356 4813 recepit.

203 4830 257 4881 llam
279 4840 331 4875 cum
356 4826 419 4875 Fulv.
432 4827 532 4876 Ursinus
560 4841 607 4876 uon
634 4824 743 4875 auimad·
796 4824 833 4874 (Il.
853 4824 942 4873 aduott.
962 4824 992 4874 ad
1010 4823 1044 4872 De
1061 4820 1234 4885 Virgllelaud.
1254 4815 1355 4882 eaput.
