3242 5775
315 647 376 710 ¹86
571 662 673 713 Olllll'l'l
695 660 827 703 sarrttttt
848 659 1013 703 alunnum
1035 658 1236 704 rabanum!

313 832 351 875 an
378 810 529 892 perdere?
564 820 599 874 ut
628 810 658 872 id
687 811 787 890 operis
815 809 1019 890 ”permittens
1041 780 1128 890 'cuod
1153 827 1209 889 pro
1238 809 1338 871 anima
1361 811 1431 872 facta

313 922 394 976 esset
415 913 589 975 admoneret
610 930 663 991 eos
686 931 761 992 quae
782 911 902 992 ”opera
925 910 1040 973 sabbati
1068 910 1115 973 lex
1142 910 1334 991 prohiberet,
1365 912 1431 973 burn

313 1014 439 1088 scilicet,
474 1024 504 1075 et
524 1032 600 1094 quae
621 1013 825 1094 praeciperet,
858 1013 956 1074 divina
985 1012 1113 1087 scilicet,
1146 1031 1221 1093 quae
1248 1013 1357 1075 fierent
1378 1011 1431 1075 ani

177 1115 436 1193 uue.u1‚a.”omni.
470 1115 615 1176 Dominus
638 1115 751 1177 sabbati
768 1114 881 1188 dictus,
904 1112 972 1194 quia
995 1113 1150 1176 sabbatum
1171 1121 1292 1176 utrem
1314 1133 1402 1176 suam
1422 1122 1431 1176 t

314 1217 411 1280 batur.
446 1216 534 1290 Quod
556 1217 644 1278 etiarn
667 1216 694 1277 si
716 1216 931 1289 destruxisset,
955 1215 1078 1288 merito,
1101 1234 1158 1295 qua
1174 1215 1313 1277 dominus
1333 1216 1430 1296 magia

315 1319 364 1399 qui
386 1318 523 1380 institnit.
558 1317 617 1378 Sed
640 1336 701 1378 non
719 1318 847 1378 omnino
870 1317 1017 1378 destruxit
1037 1335 1094 1396 qtta
1117 1316 1272 1390 dominus,
1295 1324 1329 1379 ut
1351 1317 1422 1379 binc

314 1438 456 1500 apparere
477 1418 575 1498 possit
596 1438 634 1480 ne
657 1429 717 1480 turn
740 1418 859 1498 quidem
882 1418 913 1479 in
934 1437 1019 1480 arcae
1042 1418 1264 1480 circumlatione
1289 1418 1369 1498 apud
1389 1417 1431 1480 ¹²1

314 1521 481 1583 ricbuntem
503 1520 657 1582 sabbatum
679 1538 696 1581 a
718 1528 853 1582 creatore
874 1519 1067 1581 destructum.
1103 1519 1178 1580 Nam
1200 1527 1231 1580 ct
1251 1519 1323 1588 illud
1346 1537 1424 1599 opus

316 1631 379 1684 erat
407 1621 485 1701 quod
512 1622 577 1700 ipse
609 1628 816 1700 praeceperat,
850 1629 879 1681 et
908 1620 987 1699 quod
1015 1629 1139 1701 propter
1166 1619 1280 1682 animas
1303 1621 1431 1701 disposu

315 1723 469 1785 bominum
491 1741 615 1784 suorum
637 1723 668 1783 in
690 1721 863 1783 discrimine
883 1721 953 1783 belli
980 1722 1167 1784 constitutas
1217 1721 1277 1784 Sed
1306 1724 1364 1784 etsi
1390 1721 1431 1784 od

194 1824 422 1898 aa·.r,n.alionbi
446 1823 636 1886 sabbatorum
651 1825 809 1903 protessus
825 1832 888 1894 est,
911 1823 1013 1884 Vestra
1036 1822 1157 1885 sabbata
1173 1822 1316 1896 dicendo,
1339 1823 1431 1885 bomin

317 1945 351 1988 ea
374 1925 535 2006 deputans,
557 1944 619 1985 non
643 1943 712 1998 sua,
734 1943 809 2003 quae
832 1924 897 1985 sine
913 1923 961 1985 dei
976 1924 1082 1986 timore
1100 1924 1230 1986 celebrat
1243 1925 1373 2004 populus
1386 1923 1431 2004 pla

189 2015 301 2118 xlm
316 2026 445 2100 delictis,
478 2026 564 2088 labiis
594 2026 681 2087 deum
708 2025 850 2104 diligens,
883 2044 950 2114 non·
974 2024 1079 2098 corde,
1113 2025 1177 2086 suis
1207 2025 1356 2100 sabbatis,
1388 2025 1418 2088 id

317 2146 510 2207 quaecunque
531 2127 684 2206 disciplina
707 2126 772 2187 eius
788 2135 962 2205 agerentur,
986 2126 1075 2187 alium
1090 2134 1198 2188 statum
1215 2127 1298 2200 lecit,
1324 2125 1418 2206 quae*

163 2217 446 2318 ¹32,”{¹v¹1¹·¹2³eundem
473 2237 577 2308 postea
604 2227 800 2307 ”propheten
826 2226 926 2292 ,²⁰vera
955 2237 986 2288 et
1014 2228 1136 2289 delicata
1165 2238 1194 2290 et
1221 2247 1282 2290 non
1311 2230 1431 2309 prolana

317 2330 499 2411 pronuntiat.
528 2329 593 2391 ‘lta
621 2348 677 2390 nec
705 2329 841 2390 Christus
874 2328 997 2390 omnino
1029 2329 1183 2392 sabbatum
1215 2329 1371 2403 rescindit,

318 2432 412 2508 legem
435 2430 530 2492 tenuit
558 2440 588 2491 et
610 2449 700 2510 supra
728 2430 758 2491 iu
786 2449 875 2492 causa
903 2430 1117 2509 discipulorum
1144 2450 1200 2510 pro
1230 2432 1328 2493 anima
1355 2449 1431 2511 opert

319 2531 533 2606 (esurientibus
557 2532 636 2591 enim
658 2531 797 2592 solatium
820 2530 876 2592 eibi
899 2531 1049 2605 indulsit),
1079 2541 1108 2593 et
1135 2551 1215 2593 nuno
1241 2551 1361 2594 manum
1382 2531 1431 2594 aria

169 2637 306 2689 “oth-ldl·
322 2650 445 2702 curans,
478 2630 562 2691 lactis
590 2630 699 2710 ubique
727 2632 884 2710 ingerens,
917 2632 983 2693 Non
1009 2634 1077 2694 reni
1105 2632 1269 2695 dissolvere
1296 2634 1431 2714 legem,·

276 2732 278 2735 ’
319 2732 497 2811 adimplere,
519 2732 577 2792 ³⁰si
591 2733 721 2794 blarcion
744 2734 799 2794 bac
820 2751 893 2794 voce
916 2751 951 2794 os
967 2733 995 2794 ei
1011 2733 1187 2795 obstruant.
1224 2735 1431 2815 adimplente

320 2843 351 2896 et
371 2833 420 2895 bic
439 2832 550 2913 legem,
573 2833 642 2895 dum
661 2834 867 2896 condicionem
882 2833 1092 2914 interpretatur
1107 2836 1187 2910 eius,
1212 2847 1336 2917 operum
1351 2836 1431 2899 ditior

320 2936 391 2997 tiam
411 2935 568 3010 illuminat,
602 2935 671 2996 dum
700 2936 769 2997 lacit
790 2955 866 3016 quae
886 2935 934 2997 lex
956 2937 993 2998 de
1016 2936 1129 2998 sabbati
1157 2937 1240 3000 seriis
1269 2939 1390 3019 excipit,
1420 2938 1431 3001 t'

320 3038 418 3116 ipsum
441 3035 555 3098 sabbati
577 3037 655 3098 diem
677 3037 881 3099 benedictione
903 3038 996 3117 patris
1019 3058 1035 3099 a
1057 3039 1222 3118 primordio
1246 3050 1379 3102 sanctum
1398 3039 1431 3103 ba

320 3139 447 3200 factione
470 3156 523 3199 sua
546 3137 635 3199 efficit
656 3139 850 3211 sanctiorem,
879 3139 909 3199 in
931 3158 990 3218 quo
1014 3139 1127 3201 scilicet
1148 3141 1245 3202 divina
1268 3141 1413 3222 praesidia

319 3239 479 3313 nistrabat,
502 3239 582 3319 quod
604 3240 791 3301 adversarius
813 3239 879 3301 aliis
903 3239 1006 3302 diebus
1029 3242 1248 3321 praestitisset,
1283 3261 1321 3304 ne
1343 3242 1431 3305 sabba

321 3340 464 3403 creatoris
488 3350 623 3414 ornaret,
646 3359 683 3402 ne
705 3359 794 3420 opera
818 3340 915 3402 debita
937 3340 1060 3402 sabbato
1075 3342 1223 3404 redderet.
1257 3344 1291 3405 ln
1314 3362 1372 3424 quo
1398 3342 1431 3407 d

171 3452 356 3522 amputasset
376 3442 531 3504 Helisaeus
553 3441 744 3522 ³¹propbetes
766 3442 988 3503 ³²Sunamitidis
1017 3442 1108 3504 filium
1137 3454 1288 3506 mortuum
1315 3442 1431 3507 restituit

322 3545 425 3615 uitam,
448 3544 531 3604 vides
546 3544 718 3623 pharisaee,
743 3553 832 3623 tuque
847 3543 995 3617 blarcion,
1017 3543 1088 3605 olim
1110 3546 1254 3607 creatoris
1278 3566 1347 3609 esse
1364 3544 1431 3609 sabb

322 3643 512 3715 benefacere,
547 3644 673 3705 animam
701 3643 842 3716 liberare,
879 3663 940 3704 non
969 3644 1113 3722 perdere,
1147 3647 1220 3709 nibil
1249 3647 1431 3709 Christum!

323 3742 460 3804 intulisse
482 3743 560 3821 quod
583 3763 644 3804 uon
667 3744 707 3806 sit
728 3764 763 3806 ex
785 3747 894 3817 torma,
925 3764 959 3806 ex
982 3746 1118 3819 lenitate,
1152 3767 1188 3809 ex
1210 3748 1431 3825 misericordia,

171 3843 542 3925 1n.xxrt'.a.praedicatione
569 3863 687 3923 quoque
714 3847 869 3908 creatoris.
926 3846 1000 3907 Nam
1035 3856 1065 3907 et
1090 3848 1140 3909 bic
1166 3849 1305 3929 specialis
1334 3848 1431 3913 medid

321 3944 509 4025 prophetiam
532 3955 745 4025 repraesentat.
798 3947 983 4010 lnralesount
1012 3966 1117 4010 manus
1147 3950 1329 4025 dissolutae,
1363 3949 1431 4013 aiod

324 4062 419 4124 genua
442 4043 587 4107 dissoluta
609 4048 639 4107 in
661 4049 831 4127 paralytico.
1392 4068 1395 4073 '

325 4198 366 4248 24.
385 4200 527 4262 permittens
545 4201 580 4262 n,
595 4202 772 4251 Polallrriaus.
808 4180 952 4267 pfomittens
970 4205 1064 4268 reliqui.
1107 4202 1149 4253 25.
1168 4205 1192 4253 in
1210 4218 1286 4269 opera
1303 4205 1328 4255 B.
1371 4202 1431 4255 w

323 4267 355 4325 d.,
376 4267 488 4316 Latinius.
524 4270 603 4317 omnnio
623 4269 708 4319 lldobc.
760 4268 801 4319 27.
820 4270 999 4320 lliericbontem
1020 4273 1073 4322 Cot.
1108 4272 1283 4322 iericbontbem
1302 4272 1328 4323 B.
1378 4266 1431 4322 aa*

323 4336 420 4397 phetam
437 4334 482 4383 ΒΟ.
535 4334 691 4385 29.ve1·aer
716 4337 872 4387 delicatacd.
915 4353 970 4388 rora
989 4348 1012 4388 et
1031 4340 1117 4389 dilecta
1135 4342 1172 4389 ob.
1217 4348 1331 4390 renuerat
1352 4330 1431 4393 rand

323 4408 433 4450 torruerat
450 4401 536 4450 delicta
558 4404 580 4451 G.
633 4402 674 4452 30.
693 4403 713 4451 si
732 4404 818 4456 BCobc.
859 4419 904 4455 nec
921 4408 953 4467 d,
973 4422 1003 4456 ec
1020 4409 1081 4457 coni.
1100 4408 1176 4463 Fulvii
1192 4408 1278 4457 dreini.
1330 4406 1371 4457 bl.
1388 4416 1431 4471 pn

323 4474 362 4516 tae
382 4468 405 4517 G.
459 4467 500 4518 32
518 4469 645 4518 sunamitis
662 4471 689 4519 ll.
1422 4470 1431 4499 .·-

358 4618 381 4665 g.
400 4602 421 4651 si
439 4600 544 4653 lloroion
563 4603 608 4652 bac
623 4618 680 4653 roeo
699 4619 726 4654 os
745 4606 767 4655 ei
785 4607 884 4657 obstru·
970 4607 994 4656 b.
1013 4616 1101 4658 statum
1119 4608 1176 4657 lecit
1194 4603 1268 4673 quaa]
1292 4606 1380 4659 Durior
1401 4600 1431 4657 dl

323 4666 376 4734 xit]
395 4670 447 4719 lloc
464 4678 502 4720 est
520 4669 656 4721 sillercion
677 4673 698 4721 ei
718 4673 763 4722 bac
780 4689 838 4723 voco
856 4689 884 4725 os
936 4677 1102 4738 pronominis.
1118 4677 1315 4737 demonstrativi,
1344 4690 1388 4725 noo
1411 4668 1431 4725 ti

324 4738 884 4802 obstruxisaeseaopotovit.correxerantl'ulv.
937 4744 1049 4793 inusitata
1068 4745 1092 4792 in
1111 4743 1149 4793 bis
1167 4743 1275 4808 seriptis.
1298 4734 1431 4827 tament

325 4806 427 4856 Ursinus
445 4814 469 4858 et
485 4806 536 4857 llic.
548 4806 664 4868 lligaltins
681 4823 744 4868 „neo
761 4809 885 4859 biarciou“
938 4810 968 4860 od
987 4810 1091 4876 eopdll.

325 4874 765 4939 cett-,rerbornmsouteutiamparom
773 4876 886 4927 assecuti.
1418 4874 1431 4907 ‘¹
