3242 5775
358 654 396 697 rx
418 652 512 696 cleers
536 650 733 696 acarnanum
753 650 792 694 oe
815 641 997 694 mammon
1020 651 1153 711 anteriori
1172 653 1242 699 nne.¹
1283 688 1285 698 .
1328 607 1392 704 tot

214 803 316 865 millia.
359 800 467 864 Hicin
489 801 612 885 Graecia
633 798 764 863 nascitur
784 798 822 860 dc
843 792 972 861 Siturno
994 807 1025 862 et
1045 799 1128 881 Ope,
1158 808 1188 864 et
1210 821 1248 866 ne
1269 822 1285 866 a
1307 811 1393 886 patre

214 904 442 975 interficeretur,
464 909 515 962 aut
536 902 562 962 si
584 902 629 962 las
645 910 699 962 ,est
713 900 822 974 dicere,
844 899 943 964 denuo
958 890 1123 979 pareretur,
1146 903 1262 965 Cretam
1277 904 1392 969 delatus

215 1003 343 1065 consilio
366 1002 470 1064 mattis
492 1001 523 1063 in
544 1010 630 1064 antro
645 1001 733 1063 ldaeo
749 1000 895 1073 nutritur,
919 1000 1298 1084 a'Cretibnsbominibua
1312 1008 1390 1070 natis

214 1124 298 1165 arma
320 1101 520 1183 quatientibus
543 1102 722 1174 accidiatur,
750 1118 856 1181 caprae
876 1101 967 1163 ubera
990 1103 1086 1180 sugit,
1120 1104 1205 1166 cnios
1227 1107 1393 1170 excoriatae

215 1205 294 1285 pelle
316 1203 440 1265 amictus
462 1203 554 1265 utitur
574 1202 698 1265 nutricis
719 1221 806 1274 suae,
830 1201 944 1264 scilicet
964 1220 982 1263 a
1000 1222 1034 1263 se
1049 1203 1236 1267 interfectae:
1259 1207 1313 1268 sed
1329 1216 1391 1270 bea

214 1305 371 1368 cincinnos
393 1321 502 1365 aureos
524 1303 551 1364 ei
573 1303 670 1365 assuit
689 1311 846 1365 centenum
868 1302 959 1364 boum
988 1304 1123 1383 singulos
1145 1306 1273 1385 pretium
1288 1307 1391 1370 valen·

216 1415 279 1478 tes,
302 1406 378 1466 sicut
399 1403 534 1478 meminit
554 1413 658 1466 auctor
680 1422 784 1465 eornm
805 1402 971 1475 Homerus,
993 1403 1114 1467 credere
1137 1406 1163 1467 si
1185 1425 1311 1486 aequum
1333 1416 1392 1471 est

215 1506 273 1567 llic
294 1505 390 1572 adulta
412 1513 508 1565 aetate
529 1523 596 1566 cum
617 1511 702 1585 patre
722 1503 815 1565 annis
831 1502 1034 1582 compluribus
1063 1505 1172 1568 bellum
1195 1508 1304 1587 gessit,
1335 1527 1391 1571 eu·

215 1606 350 1687 pararit,
371 1605 530 1685 parricidio
553 1605 675 1666 domum
698 1604 819 1678 invasit,
843 1621 967 1665 sorores
989 1605 1112 1685 virginis
1132 1609 1293 1689 stuprarit,
1316 1628 1392 1691 qna-
1447 1588 1449 1594 ’

216 1725 285 1768 nrm
307 1724 395 1768 unam
416 1706 448 1767 in
470 1705 620 1768 connubio
643 1705 746 1784 elegit,
769 1712 885 1788 patrem
907 1705 997 1766 armis
1016 1706 1142 1785 legarit:
1164 1717 1279 1770 caetera
1293 1717 1394 1773 autem

217 1815 302 1868 actus
324 1806 403 1867 illius
426 1806 537 1887 scripta
559 1814 637 1869 suut.
674 1805 717 1867 Ex
733 1805 889 1867 connubiis
904 1804 1009 1868 alienis
1023 1815 1075 1867 aut
1089 1807 1252 1886 virginibus
1274 1809 1393 1872 violatis

217 1907 297 1969 filios
320 1907 376 1968 sibi
400 1907 551 1969 adulteros
573 1906 739 1985 generavit,
761 1924 873 1986 pueros
895 1905 1042 1984 ingenuos
1064 1908 1262 1983 attaminant,
1289 1900 1393 1990 tyran·

217 2010 287 2070 nico
310 2008 460 2088 regalique
487 2008 613 2088 imperio
642 2007 794 2086 oppressit
821 2007 965 2087 populos,
1000 2008 1067 2070 sine
1092 2008 1171 2088 lege:
1205 2008 1285 2071 bunc
1309 2018 1395 2090 pater

217 2128 307 2189 quem
336 2109 480 2172 lnitialem
509 2108 597 2171 deum
624 2108 719 2169 luisse
747 2107 908 2186 opinantur
935 2116 1087 2183 errantes,
1124 2109 1211 2172 celari
1238 2110 1269 2173 in
1296 2093 1395 2176 insin

219 2209 308 2272 Creta
337 2209 496 2288 ignoravit,
529 2209 608 2271 lilius
636 2227 772 2288 quoqne,
805 2226 893 2288 quem
921 2208 1124 2287 potentiorem
1149 2209 1237 2272 deum
1259 2211 1395 2288 madunt,

217 2312 351 2403 iugatum
373 2329 390 2371 a
412 2329 445 2395 ee
466 2318 581 2391 patrem
602 2310 694 2371 latere
715 2310 747 2370 in
769 2308 850 2370 ltalia
872 2309 977 2370 nescit.
1014 2309 1047 2370 Si
1069 2318 1133 2371 erat
1153 2310 1184 2371 in
1206 2310 1304 2387 caelo,
1328 2330 1395 2375 cum

218 2430 282 2473 non
303 2411 423 2473 ridebat
443 2411 513 2490 quid
535 2410 662 2472 initalia
684 2408 863 2490 gereretur?
896 2408 962 2470 Non
985 2410 1063 2471 enim
1085 2410 1117 2472 in
1133 2410 1239 2489 angulo
1255 2419 1301 2475 eet
1315 2418 1397 2474 terra

218 2513 312 2575 ltalia.
351 2512 536 2592 Quamquam
557 2512 582 2573 ei
599 2512 705 2573 luisset
719 2511 804 2583 deus,
827 2510 920 2571 latere
935 2529 1002 2571 cum
1018 2510 1092 2572 nihil
1108 2511 1249 2573 debebat:
1271 2512 1397 2575 latuisse

216 2623 320 2676 autem
341 2612 400 2685 ibi,
427 2631 516 2693 quem
537 2611 600 2673 ltali
623 2611 783 2672 Saturnum
812 2610 1029 2684 vocitaverunt,
1058 2611 1170 2690 liquido
1198 2612 1397 2693 opprobatum

218 2724 283 2788 est,
314 2733 331 2776 a
353 2714 437 2775 cuim
458 2713 622 2775 latitatione
642 2712 741 2791 lingua
763 2710 908 2790 Hesperia
929 2712 1033 2773 Latina
1061 2712 1212 2774 nominata
1235 2720 1281 2775 eet
1301 2731 1399 2793 usquo

214 2818 249 2879 in
274 2815 469 2878 bodiemnm:
493 2814 569 2876 sient
591 2813 678 2875 etiam
701 2822 803 2873 auctor
826 2811 928 2873 eo'ruua
945 2812 1084 2892 Virgilius
1100 2813 1250 2874 meminit:
1272 2831 1344 2893 ergo
1366 2813 1397 2875 in

213 2908 480 2996 ter-regeneratus
500 2916 618 2988 dicitur,
641 2916 722 2987 dum,
746 2923 835 2974 etna
857 2913 894 2975 ab
917 2932 952 2975 eo
975 2933 1068 2993 regno
1092 2914 1228 2994 pellatur,
1250 2915 1344 2989 timet,
1368 2923 1400 2977 et

213 3030 370 3098 tamquam
391 3018 537 3079 aemulum
559 3016 676 3096 quaerit
697 3033 820 3086 necare,
850 3023 880 3076 et
908 3015 1082 3094 subreptum
1110 3016 1208 3077 nescit
1228 3016 1337 3090 latere,
1368 3023 1400 3077 et

213 3128 328 3202 postea
350 3116 424 3179 deus
445 3118 524 3179 lilius
547 3125 660 3196 patrem
682 3115 889 3195 prosequitur,
912 3116 1079 3178 interficere
1094 3117 1210 3195 quaerit
1220 3117 1398 3178 immortalis

215 3219 436 3292 immortalem,
465 3218 544 3280 credi
573 3225 690 3296 potest,
722 3226 751 3277 et
772 3216 927 3277 intervallo
947 3216 1045 3295 'pelagi
1068 3217 1192 3290 fallitur,
1229 3225 1259 3278 et
1285 3217 1399 3295 lugiese

214 3324 356 3402 ignorat,
386 3328 416 3380 et
437 3338 502 3381 cum
525 3319 599 3379 haec
620 3302 777 3397 agerentur
799 3318 877 3378 inter
908 3316 984 3376 duos
1007 3317 1081 3377 deos
1112 3318 1142 3376 in
1172 3317 1260 3377 terris
1284 3316 1397 3376 caelum
1480 3374 1482 3378 ,

215 3426 373 3485 desertum
397 3429 450 3482 cst.
494 3418 587 3479 Nemo
616 3417 838 3479 administrabat
860 3417 989 3495 pluvias,
1023 3435 1110 3477 nemo
1140 3416 1273 3487 tonabat,
1308 3433 1420 3475 nemo,

216 3520 407 3605 gubernabat
430 3529 542 3582 tantum
564 3520 673 3580 molem
697 3517 790 3578 orbis.
841 3518 902 3578 Nec
924 3517 1002 3576 enirn
1023 3525 1154 3594 possunt
1181 3516 1279 3575 dicere
1301 3523 1397 3575 actum

218 3626 361 3696 illorum,
384 3631 414 3684 et
434 3622 511 3682 bella
535 3621 564 3681 in
587 3621 668 3681 caelo
690 3611 759 3680 esse
782 3621 871 3679 lacta:
901 3619 974 3678 baec
995 3617 1073 3677 enirn
1096 3617 1126 3675 in
1149 3624 1250 3676 monte
1273 3615 1397 3693 Olympo

198 3710 332 3787 ,fiebam
356 3723 385 3783 in
402 3722 541 3782 Graecia:
564 3722 617 3785 sed
641 3710 695 3782 nec
713 3720 826 3781 caelum
841 3717 1014 3796 ³Olympum
1036 3726 1168 3789 vocatur,
1191 3715 1303 3776 caelum
1320 3714 1399 3776 enirn

217 3825 337 3888 caelum
361 3831 422 3895 est,
446 3823 610 3906 dequibus
633 3840 704 3899 crgo
727 3819 842 3879 actibus
866 3837 969 3879 corum
984 3817 1112 3895 primurn
1133 3816 1339 3887 tractabimus,
1363 3815 1400 3877 de

218 3925 393 3996 nativitate,
416 3923 453 3984 de
470 3924 650 3997 latitatione,
673 3923 710 3981 de
725 3920 907 3998 ignorantia,
931 3918 966 3977 de
982 3918 1156 3995 parricidio,
1180 3918 1217 3978 de
1234 3916 1399 3988 adulteriis,
1454 3941 1456 3946 ·

220 4029 260 4089 de
285 4025 428 4087 obscenis
451 4022 581 4095 actibus,
615 4023 652 4083 de
674 4021 764 4082 rebus
786 4038 848 4079 non
871 4020 982 4090 adeo,
1012 4018 1065 4079 sed
1089 4019 1124 4079 ab
1148 4017 1318 4078 horninibus
1341 4016 1400 4078 im-

219 4126 433 4190 mundissimis
461 4134 490 4185 ct
516 4122 778 4185 truculentissimis
808 4119 995 4186 commissis,
1032 4119 1080 4197 qni
1111 4120 1136 4178 si
1166 4126 1268 4178 essent
1294 4117 1325 4178 in
1354 4117 1401 4178 his

222 4226 428 4307 temporibus,
452 4225 589 4286 omnibus
612 4223 726 4302 legibus
750 4222 792 4281 roi
818 4221 1023 4291 subiacerent,
1046 4238 1121 4297 quae
1143 4220 1236 4279 multo
1259 4218 1402 4278 iustiores

222 4340 253 4392 et
278 4326 448 4389 severiores
471 4344 558 4404 quam
581 4334 663 4389 actus
685 4325 813 4384 illorum.
851 4323 969 4382 Patren]
991 4321 1081 4380 armis
1104 4314 1247 4398 pulsavit,
1270 4318 1317 4378 lex
1332 4317 1400 4377 Fal-

220 4431 300 4492 cidia
317 4437 348 4488 et
363 4426 538 4504 Sempronia
560 4425 738 4505 parricidam
761 4423 790 4483 in
815 4423 899 4483 culeo
924 4440 989 4482 curn
1012 4422 1083 4481 loris
1099 4420 1212 4498 ligaret,
1235 4428 1264 4479 et
1279 4437 1402 4480 sorores

221 4529 375 4608 corrupit,
398 4527 444 4588 lex
460 4527 580 4604 Papinia
604 4524 743 4586 omnibns
766 4523 873 4603 poenis
895 4542 950 4601 per
972 4520 1086 4599 singula
1102 4519 1237 4581 rnernbra
1259 4520 1402 4598 probruin
1467 4523 1471 4527 ’

220 4632 363 4711 puniret,
392 4628 537 4688 connubia
561 4627 654 4687 aliena
676 4624 800 4696 invasit,
829 4625 874 4684 lex
898 4623 970 4682 lulia
998 4623 1161 4683 adulterum
1192 4638 1279 4682 suurn
1308 4619 1402 4697 capite

219 4735 374 4801 afficeret,
412 4747 523 4808 pueros
555 4728 702 4805 ingenuos
740 4724 939 4794 attaminavit,
976 4723 1022 4783 len
1053 4722 1188 4783 Cornelia
1223 4715 1402 4796 transgressi

222 4853 246 4902 2.
265 4852 360 4915 „Forte
380 4847 525 4898 Curetibos“
545 4849 628 4910 legiter
645 4849 670 4895 in
686 4862 759 4909 marg.
829 4843 853 4892 3.
871 4845 961 4905 „Forte
980 4842 1113 4907 olympum
1133 4844 1216 4905 legitor
1232 4841 1257 4887 ia
1274 4852 1345 4898 marg.
