3242 5775
576 669 720 714 mrmsns
741 663 882 714 omnin.
1024 724 1029 733 ,
1240 652 1302 718 ddi

151 819 243 899 patris
271 818 329 880 mei
356 818 487 880 nomine.
540 818 748 882 lodeseilicet
774 819 945 882 suffecerat·
972 818 1024 880 lilii
1046 817 1082 880 ad
1102 823 1215 898 petrem
1236 835 1303 881 vox.

151 920 226 982 Ecce
247 920 299 981 *ex
321 919 495 981 abundantia
517 920 679 1000 respondet
699 919 736 982 de
757 921 838 982 eaelo
860 930 958 1001 pater,
980 919 1040 982 lilio
1060 919 1303 993 ‘mntesurmoe

150 1020 206 1081 liic
228 1029 273 1083 est
294 1021 369 1083 lilius
391 1039 475 1083 meus
497 1019 636 1096 dilectus,
657 1020 766 1100 inquo
787 1019 863 1084 bene
885 1021 982 1096 sensi,
1010 1021 1106 1085 audite
1126 1019 1218 1084 illum.
1259 1001 1402 1104 ltax'blffi

150 1121 199 1182 ⁷et
220 1125 253 1183 in
274 1121 348 1196 isto,
378 1121 556 1194 Glorifieari,
585 1131 615 1183 et
640 1120 806 1202 glorificabo
835 1140 957 1197 rursus,
989 1132 1061 1202 quot
1086 1139 1231 1203 personae
1251 1121 1440 1191 tibin.ru,ne

150 1221 303 1296 videntur,
325 1213 550 1304 perversissime
571 1224 711 1297 'Praxea,
733 1222 790 1285 nisi
812 1233 882 1303 quot
905 1232 934 1285 et
955 1221 1067 1285 voces?
1102 1222 1200 1285 liabeo
1213 1222 1303 1285 illium

151 1322 181 1384 in
205 1323 308 1397 terris,
331 1324 421 1386 habes
442 1334 556 1404 patrem
577 1324 608 1385 in
630 1324 726 1387 caelis.
758 1324 824 1387 Non
845 1333 892 1387 est
913 1323 1060 1405 separatio
1080 1324 1152 1398 isto,
1173 1324 1224 1386 aed
1240 1324 1304 1386 dis·

151 1424 261 1503 positio
284 1425 390 1487 divina.
423 1427 559 1488 Ceterum
581 1426 690 1488 scimus
712 1426 798 1487 deum
821 1427 908 1488 etiam
929 1425 1004 1488 intra
1026 1424 1149 1506 abyssos
1171 1443 1255 1499 esse,
1276 1433 1307 1488 et

152 1526 262 1606 ubique
284 1527 463 1599 consistere,
486 1527 538 1588 sed
560 1526 588 1588 vi
610 1536 639 1589 et
659 1535 816 1607 potestate.
858 1526 962 1588 Filium
985 1544 1117 1607 quoque,
1144 1533 1179 1588 ut
1198 1526 1305 1588 indivi·
1382 1533 1384 1537 '
1435 1597 1440 1607 ,

152 1627 259 1699 duum,
288 1628 441 1706 cumipse
464 1628 581 1708 ubique.
624 1628 735 1690 Tamen
763 1627 793 1690 in
821 1629 885 1708 ipsa
905 1623 1093 1711 ὀἰκονομίᾳ
1113 1626 1308 1706 pater·voluit

151 1728 243 1789 tilium
265 1728 295 1789 in
319 1729 407 1790 terris
429 1729 545 1804 haberi,
569 1747 693 1791 severo
715 1729 745 1789 in
768 1728 865 1791 melis.
902 1729 996 1803 ¹⁰Quo
1019 1728 1131 1809 etipse
1153 1727 1229 1791 fitius
1252 1746 1305 1789 su-

152 1830 282 1910 spieiens
304 1839 334 1891 et
355 1830 457 1892 orabat
479 1840 509 1891 et
528 1830 696 1911 postulabat
718 1849 734 1892 a
755 1843 854 1911 patre,
875 1849 934 1911 quo
956 1838 986 1893 et
1006 1848 1063 1892 nos
1084 1838 1200 1892 erectos
1214 1828 1304 1893 doee-

153 1930 201 1992 bat
229 1950 329 1992 orare:
362 1932 449 1993 Peter
474 1940 591 2006 noster,
624 1932 674 2012 qui
701 1950 734 1993 es
760 1931 791 1993 in
824 1931 934 2007 caelisp
961 1931 1053 1993 ¹'eum
1076 1931 1116 1993 sit
1137 1938 1166 1992 et
1187 1930 1304 2012 ubique.
1318 1944 1457 1996 nemun.

152 2032 235 2093 Hane
256 2032 354 2093 sedem
377 2051 460 2093 suam
482 2033 573 2094 voluit
593 2032 718 2112 ’'pater:
740 2032 894 2096 minoravit
914 2032 1006 2094 tilium
1020 2031 1135 2094 modico
1157 2032 1229 2095 citra
1248 2051 1304 2095 an·
1317 2045 1438 2099 trcvuta

153 2133 236 2211 gelos
259 2133 294 2194 ad
316 2129 424 2194 terram
446 2132 660 2206 ¹'dimittendm
689 2134 780 2214 gloria
808 2143 905 2196 tamen
927 2134 1091 2196 ethonore
1112 2142 1306 2197 coronaturus

152 2233 233 2296 illum
257 2234 287 2295 in
308 2234 405 2295 caelos
427 2236 614 2297 resumendo.
662 2235 741 2297 llaec
767 2236 824 2297 iam
847 2234 1012 2315 praestabat
1031 2234 1089 2308 illi,
1124 2234 1239 2310 dicens,
1270 2234 1308 2298 Et

154 2335 329 2414 glorificavi,
352 2345 381 2396 et
402 2336 581 2415 glorificabo.
624 2336 758 2398 Postulat
777 2336 854 2399 filius
876 2336 913 2398 de
933 2338 1038 2410 terris,
1061 2344 1144 2415 pater
1164 2336 1309 2417 promittit

154 2455 170 2496 a
193 2436 291 2497 caelis.
326 2436 402 2509 Quid
425 2438 594 2499 mendacem
616 2437 685 2499 lacis
708 2446 737 2499 et
757 2450 870 2517 patrem
893 2435 1056 2499 etlilium?
1088 2436 1119 2498 Si
1134 2437 1210 2500 ¹⁴aut
1223 2421 1307 2517 pater
1325 2427 1328 2434 ’

154 2538 191 2598 de
214 2536 301 2599 caelis
322 2536 496 2618 loquebatur
517 2540 552 2601 ad
576 2538 709 2613 ¹⁸tilium,
731 2557 797 2601 cum
819 2528 884 2618 ipse
905 2548 985 2601 esset
1005 2538 1081 2601 tilius
1104 2538 1179 2618 apud
1201 2547 1306 2614 terrae,

154 2633 205 2699 a'ut
225 2638 301 2699 lilius
323 2638 358 2699 ad
382 2648 494 2719 patrem
516 2640 704 2721 precabatur,
727 2658 792 2701 eum
815 2638 880 2719 ipse
902 2648 982 2701 esset
1003 2640 1080 2701 tilius
1102 2639 1178 2719 apud
1193 2639 1306 2703 caelest

155 2738 240 2818 quale
267 2747 314 2801 est
341 2750 373 2800 nt
399 2739 477 2801 lilius
510 2729 579 2803 item
614 2740 802 2822 ¹⁰postularet
828 2760 844 2801 a
873 2740 1052 2821 semetipso,
1088 2741 1264 2821 postulando
1290 2759 1308 2804 a

155 2849 253 2921 patre,
275 2840 328 2901 ¹⁷si
350 2841 426 2903 lilius
449 2854 511 2904 erat
531 2839 637 2923 pater?
659 2851 709 2905 aut
729 2842 837 2905 iterum
856 2850 940 2923 pater
960 2842 1014 2904 sibi
1033 2842 1098 2923 ipse
1112 2842 1306 2924 promitteret,

152 2943 352 3022 promittendo
382 2944 456 3016 lilio,
494 2945 520 3005 si
541 2955 624 3024 pater
651 2941 737 3006 erat?
779 2944 817 3006 Ut
837 2945 881 3007 sic
901 2945 976 3006 duos
990 2944 1110 3006 «divisos
1133 2944 1308 3020 diceremus,

153 3045 301 3122 quomodo
326 3044 474 3116 iactitatis,
498 3045 676 3108 tolerabilius
692 3046 782 3107 ¹'erat
796 3046 871 3108 duos
887 3046 998 3107 divisos
1013 3065 1099 3126 quom
1115 3064 1205 3114 unum
1220 3046 1307 3109 deum

153 3146 338 3225 versipellem
354 3146 530 3225 praedicare.
566 3147 666 3228 ltaque
687 3147 722 3208 ad
739 3147 812 3208 istos
829 3146 933 3209 ¹”nunc
947 3147 1084 3209 dominus
1098 3148 1307 3226 pronuntiavit,

154 3246 220 3307 Non
241 3255 364 3326 propter
384 3266 431 3308 me
453 3247 535 3309 ”ista
556 3267 612 3308 vox
634 3249 729 3322 veuit,
761 3249 813 3309 sed
841 3257 964 3327 propter
983 3266 1052 3321 vos,
1086 3258 1118 3309 ut
1138 3249 1257 3310 credant
1277 3256 1307 3309 et
1320 3264 1443 3316 mxumo.

155 3349 201 3419 hi,
225 3358 254 3409 et
274 3356 386 3427 patrem
410 3358 439 3409 et
459 3349 550 3409 filium
572 3349 602 3408 in
624 3348 687 3409 suis
716 3368 861 3427 quemque
882 3348 1050 3409 nominibus
1073 3357 1102 3409 et
1123 3350 1257 3427 personis
1280 3355 1309 3409 et

154 3450 237 3510 locis.
282 3449 339 3511 Sed
361 3450 454 3511 adhuc
475 3449 615 3510 exclamat
635 3450 718 3511 lesus
740 3460 768 3511 et
790 3449 874 3522 dicit,
905 3449 962 3522 Qui
989 3449 1081 3510 credit
1102 3448 1133 3508 iu
1154 3467 1217 3522 me,
1245 3466 1306 3509 nou
1321 3466 1442 3518 texunt.

155 3551 187 3609 in
212 3569 258 3610 me
279 3551 386 3625 credit,
416 3551 467 3612 sed
490 3549 519 3611 in
543 3570 608 3613 eum
631 3551 722 3612 credit
742 3550 791 3630 qui
815 3569 861 3611 me
882 3550 977 3622 misit,
1005 3549 1071 3627 quia
1092 3567 1146 3628 per
1166 3548 1308 3611 lilium‘iu
1400 3598 1405 3615 .

157 3661 268 3730 patrem
290 3653 431 3725 creditur,
454 3662 484 3714 et
504 3653 661 3713 auctoritas
683 3652 821 3714 credendi
836 3651 895 3710 silio
910 3658 993 3730 pater
1008 3659 1063 3711 est.
1091 3651 1128 3711 Et
1142 3650 1190 3729 qui
1204 3648 1305 3712 ¹¹con·
1320 3668 1441 3722 terune.

156 3735 245 3832 spicit
265 3771 326 3826 me,
349 3754 493 3833 conspicit
514 3772 579 3814 eum
603 3753 651 3832 qui
673 3772 720 3814 me
742 3753 832 3814 misit.
876 3749 1059 3825 Quomodo?
1089 3752 1226 3833 quoniam
1247 3750 1307 3814 sei-

155 3855 223 3915 licet
245 3873 260 3915 a
282 3855 456 3934 memetipso
478 3872 538 3914 non
561 3873 626 3916 sum
647 3854 779 3929 locutus,
803 3854 871 3926 sed,
894 3853 942 3932 qui
965 3873 1010 3914 me
1029 3853 1110 3915 misit
1123 3862 1220 3934 pater,
1242 3853 1441 3933 ipsennmu.

155 3955 226 4016 mihi
249 3956 415 4017 mandatum
438 3956 532 4028 dedit,
555 3956 624 4035 quid
646 3956 756 4029 dicam,
780 3955 899 4035 etquid
922 3956 1033 4036 loquar.
1066 3955 1208 4016 [lominus
1230 3954 1308 4017 euim

156 4058 206 4118 dat
232 4057 303 4118 mihi
330 4058 456 4136 linguam
484 4057 654 4137 disciplinae
681 4058 717 4118 ad
745 4058 996 4137 cognoscendum,
1029 4059 1144 4137 quando
1173 4065 1306 4136 oporteat
1319 4061 1419 4130 tinne.

156 4211 179 4257 5.
198 4224 225 4259 ea
243 4210 371 4260 abundanti
389 4211 512 4273 respondit
524 4212 636 4260 Latinius.
677 4210 701 4260 6.
720 4219 896 4260 contestaturus
915 4226 963 4272 eqo.
998 4218 1144 4260 contestatur
1161 4212 1307 4263 librionroer.

157 4278 180 4324 i.
200 4286 222 4325 et
240 4280 262 4325 in
282 4277 326 4327 isto
345 4280 380 4328 cd.
416 4287 438 4326 et
457 4280 501 4326 isto
520 4280 611 4342 reliqui,
631 4287 651 4328 et
670 4281 732 4327 leid.
773 4277 796 4327 8.
816 4278 918 4327 Praxean
936 4280 962 4328 A.
979 4278 1042 4326 leid.
1084 4277 1108 4327 9.
1127 4281 1265 4328 oeconomio
1284 4281 1307 4329 d.

157 4347 334 4396 ottonomiail.
353 4346 415 4394 leid.
458 4345 497 4395 10.
516 4347 583 4404 Quod
600 4347 643 4397 AB.
662 4347 725 4396 leid.
767 4346 805 4394 11.
825 4354 918 4394 etcum
937 4347 959 4395 d.
1008 4344 1307 4408 luminelumine

155 4406 249 4468 ttur‘mis
266 4414 300 4473 l)
320 4414 566 4463 minorarentur.
620 4413 658 4463 13.
676 4414 821 4462 demittendo
841 4415 873 4473 d.,
892 4414 956 4463 Folo.
969 4413 1071 4462 Ursinus.
1113 4411 1151 4461 14.
1170 4415 1307 4465 autemid.

156 4482 220 4530 Laid.
264 4482 301 4530 15.
320 4483 393 4529 tilium
413 4482 432 4529 si
451 4490 528 4529 notem
547 4491 684 4545 pateream
703 4483 796 4544 ipset.
816 4483 877 4530 leid
919 4478 957 4597 Sd.
975 4481 1109 4544 postularet
1123 4482 1154 4541 d,
1167 4497 1216 4532 cum
1228 4483 1307 4532 Fuluio

157 4550 247 4597 Ursino.
282 4549 386 4612 postulet
403 4549 488 4598 tuate.
506 4551 569 4598 leid.
618 4549 656 4598 tt.
674 4549 694 4598 si
712 4550 807 4599 omna.
827 4550 889 4598 leid.
947 4546 969 4598 8.
989 4548 1073 4598 tritt.
1091 4550 1152 4598 leid.
1196 4548 1233 4599 19.
1252 4558 1308 4598 tunc

157 4619 188 4674 d,
209 4633 258 4666 cam
276 4618 355 4666 Falaio
375 4617 464 4666 Ursino.
516 4616 555 4665 20.
575 4633 616 4667 vox
634 4619 679 4666 ista
696 4620 720 4667 Δ.
740 4618 802 4666 laid.
848 4614 888 4666 21.
906 4617 1022 4680 conspicit
1039 4630 1076 4666 me
1094 4618 1159 4669 obed.
1193 4631 1231 4666 me
1249 4631 1307 4666 con·

155 4686 227 4747 spicit
244 4686 269 4734 l.
305 4685 420 4747 conspicit
438 4685 462 4733 d.
480 4686 543 4733 leid.

192 4820 248 4883 Cep.
264 4819 344 4868 xxttt.
370 4835 390 4867 a.
408 4814 545 4882 suffecerat]
564 4818 708 4882 Ereoqnod
759 4835 804 4868 una
823 4833 865 4868 vor
884 4817 947 4868 illius
964 4821 1021 4869 satis
1048 4821 1123 4871 inerat
1145 4819 1206 4884 petri
1224 4825 1249 4867 at
1266 4831 1306 4867 ac·

154 4888 220 4937 tilius
239 4898 291 4938 erat
308 4888 460 4952 veniebatque
478 4888 502 4936 in
520 4888 709 4952 nominepatris,
759 4888 899 4953 quiesceret.
918 4886 1074 4951 (ieiunius.)

1459 833 1468 862 t
