3242 5775
290 633 355 703 bbb
401 698 404 705 ,
544 641 647 697 nourr
670 638 802 685 serrum
827 634 994 683 raonnurrs
1015 632 1214 707 rsurnmmrrr

291 797 362 865 ast?
398 797 505 859 Sermo
528 800 627 857 autem
650 790 758 872 spiritu
780 795 913 852 sunctae
936 795 1000 862 est,
1023 794 1053 849 et
1074 792 1108 849 ut
1130 783 1170 847 ita
1184 781 1331 870 dixerim,
1352 797 1453 845 sermo·
1521 759 1529 817 ¹

237 877 239 883 ¹
291 899 340 963 nis
363 915 472 976 corpus
494 902 543 959 est
570 892 703 974 spiritus.
757 891 865 954 Sermo
894 907 966 969 ergo
996 895 1027 950 et
1055 886 1086 948 in
1112 893 1198 966 patre
1226 901 1365 965 semper,
1394 882 1455 945 sicut
1507 877 1529 910 ¹¹

148 1018 278 1071 ro.xrv,rr.
291 998 380 1074 dicit,
402 997 465 1078 Ego
486 996 518 1059 in
539 1003 640 1077 patre,
663 1000 694 1055 et
715 992 793 1073 apud
816 992 905 1053 deum
927 1006 1062 1069 semper,
1085 986 1165 1049 sicut
1183 985 1329 1067 scriptum
1351 991 1412 1047 est:
1428 981 1456 1044 b

199 1118 281 1171 ro.r,r.
294 1113 395 1163 sermo
419 1105 483 1161 erat
503 1094 581 1177 apud
604 1095 709 1168 deurn,
732 1101 763 1155 et
783 1109 935 1172 nunquam
957 1097 1114 1169 separatus
1136 1105 1153 1150 a
1174 1095 1277 1168 patre,
1299 1094 1351 1149 aut
1368 1084 1456 1148 alima

176 1208 395 1284 ro.x‚ac.patre,
419 1198 504 1279 quia,
526 1197 591 1277 Ego
614 1203 743 1275 atpater
756 1212 850 1256 unum
865 1210 980 1254 sumus.
1012 1190 1094 1252 Haec
1114 1189 1171 1253 erit
1192 1184 1372 1273 ”auocata
1393 1183 1457 1247 veri·

294 1300 384 1374 tatis„
418 1306 521 1362 custos
549 1296 689 1371 unitatis,
720 1314 778 1375 qua
806 1294 954 1374 prolatum
983 1292 1109 1354 dicimus
1137 1290 1269 1353 hliuma
1291 1297 1393 1371 patre,
1419 1284 1458 1349 scd

245 1449 251 1456 .
295 1417 360 1465 nnn
381 1398 589 1479 ¹⁸separatum.
639 1396 767 1459 Protulit
793 1395 874 1457 enim
902 1394 977 1457 deus
1006 1411 1194 1468 sermonem,
1227 1388 1458 1471 quemadmodum

297 1501 388 1565 etiam
409 1497 576 1581 paracietus
598 1495 703 1571 dccet,
731 1497 809 1559 sicut
829 1496 913 1558 radix
934 1496 1071 1585 irnticem
1095 1495 1214 1557 ctione
1236 1492 1360 1555 dudum
1381 1498 1409 1553 et
1425 1484 1460 1549 sol

296 1600 423 1678 radium.
455 1578 545 1661 'Nam
572 1607 602 1661 et
629 1598 705 1660 istae
727 1595 844 1677 species
866 1590 1034 1679 προβολαὶ
1061 1603 1133 1659 sunt
1160 1612 1263 1657 earnm
1293 1589 1459 1656 substantia·

213 1705 220 1717 '
296 1719 366 1766 rum
394 1719 431 1764 ex
458 1699 567 1780 qubus
595 1698 755 1780 prodeunt.
808 1697 870 1760 Nec
899 1697 1093 1760 dubitaverim
1126 1696 1219 1759 tilium
1248 1693 1350 1758 dicere
1377 1700 1406 1755 et
1422 1706 1459 1752 ra·

298 1802 375 1866 diris
402 1799 557 1875 fruticem,
582 1808 626 1872 ,et
652 1798 744 1862 fontis
772 1798 911 1873 fluvium,
952 1806 983 1860 et
1010 1797 1084 1860 solis
1111 1797 1245 1872 radium,
1264 1796 1355 1876 ,qrrie
1381 1790 1461 1856 omme

300 1902 387 1983 origo
415 1918 527 1981 pareus
556 1908 618 1980 est,
652 1907 682 1962 et
708 1917 797 1961 omne
828 1898 908 1979 qnod
938 1918 974 1961 ex
1001 1898 1116 1978 origine
1144 1895 1299 1978 prbiertur
1318 1891 1462 1977 progenis
1518 1925 1522 1934 ·

300 2010 365 2078 est,
388 2002 481 2065 multo
504 2001 598 2080 magis
621 2018 722 2063 sermo
745 2000 809 2075 dei,
832 2001 884 2080 qui
906 2001 994 2063 etiam
1016 2000 1139 2083 proprie
1153 2017 1265 2061 nomen
1285 1995 1340 2061 nbi
1354 1993 1465 2077 accepitt

300 2118 359 2164 nce
379 2101 476 2163 irater
497 2108 596 2164 umen
619 2118 635 2162 a
657 2100 772 2174 radice,
800 2117 857 2163 neo
877 2101 987 2163 fluvius
1008 2119 1024 2162 a
1047 2102 1146 2175 tonte,
1174 2118 1231 2162 nec
1251 2099 1356 2162 radius
1378 2118 1396 2160 a
1417 2093 1467 2158 soie

278 2200 497 2277 ··discernitur,
520 2201 599 2264 sicut
618 2219 675 2263 nec
695 2219 712 2262 a
735 2200 791 2262 dec
815 2218 926 2263 sermo.
957 2201 1053 2281 Igitur
1074 2200 1240 2263 secundum
1253 2200 1365 2263 horum
1379 2215 1467 2263 exem·
1527 2213 1529 2222 ·

300 2295 422 2384 plorum
443 2302 570 2364 formam
591 2301 736 2383 profiteor
757 2318 806 2363 me
827 2302 905 2363 duos
927 2301 1043 2375 dicere,
1066 2301 1155 2363 deum
1174 2309 1205 2363 et
1220 2319 1394 2363 sermonem
1409 2300 1471 2368 citt

301 2411 419 2486 patrem
434 2411 464 2466 et
478 2402 571 2463 filium
585 2400 693 2482 ipsius.
725 2401 800 2462 Nam
823 2410 853 2463 et
874 2401 958 2463 radix
980 2412 1011 2464 et
1030 2403 1128 2464 frutex
1150 2402 1225 2465 dnae
1245 2420 1297 2488 res
1321 2410 1410 2477 sunt,
1430 2398 1474 2463 scd

303 2501 496 2576 coniunctae,
525 2511 555 2564 et
573 2502 645 2563 ‘tons
668 2509 699 2563 et
719 2501 830 2564 ssumeu
853 2501 929 2564 dnae
956 2502 1073 2583 species
1097 2511 1184 2578 sunt,
1218 2502 1272 2565 sed
1295 2503 1476 2573 “indivisam

303 2610 335 2665 et
354 2602 403 2664 sol
424 2609 455 2664 et
475 2599 578 2663 radius
600 2601 676 2664 duae
697 2602 812 2665 formae
833 2611 919 2676 sunt,
947 2604 1002 2666 sed
1023 2604 1229 2667 cohaerentes.
1281 2604 1383 2669 Omne
1405 2602 1478 2687 quod

302 2701 407 2784 prodit
428 2699 584 2782 exaliqua
608 2703 773 2765 seeundum
801 2703 843 2766 sit
869 2703 936 2766 eius
963 2722 1088 2768 necesse
1112 2714 1164 2767 ‘est
1190 2705 1228 2767 de
1255 2724 1317 2787 quc
1346 2705 1482 2790 ”prodit

280 2811 366 2866 'non
387 2801 457 2864 iden
480 2811 578 2865 tamen
600 2813 648 2865 est
668 2813 846 2883 separatum.
878 2805 1033 2869 Secundus
1054 2814 1153 2869 autem
1174 2805 1226 2869 ribi
1241 2813 1304 2881 est,
1327 2807 1390 2870 duo
1405 2815 1484 2879 sunt,

303 2902 340 2967 etv
357 2904 466 2967 tertius
479 2903 539 2967 'ubi
561 2913 623 2981 est,
653 2917 714 2967 tres
736 2914 816 2968 sunt
869 2907 989 2971 Tertius
1013 2908 1092 2971 enirn
1115 2918 1161 2972 est
1182 2909 1306 2989 spiritus
1335 2928 1353 2972 a
1376 2910 1435 2972 dec
1457 2918 1487 2972 et

222 3059 224 3063 ,
302 3003 386 3080 tilio,
419 3005 501 3088 sicut
523 3005 630 3069 tertius
652 3025 669 3069 a
689 3004 789 3068 radice
817 3007 932 3070 tructus
961 3027 998 3071 ex
1025 3009 1146 3085 trudes,
1181 3018 1212 3073 et
1232 3011 1341 3073 tertius
1362 3012 1488 3073 arente

303 3104 389 3167 rivus
411 3123 448 3168 ex
474 3105 613 3182 flumine,
646 3115 677 3169 et
698 3108 804 3170 tertius
827 3128 844 3171 a
867 3109 932 3172 sole
953 3127 1028 3190 apex
1050 3129 1087 3173 ex
1108 3111 1203 3174 radio.
1245 3111 1325 3174 Nihil
1347 3120 1490 3176 tamena

303 3204 429 3268 matrice
456 3204 617 3282 alienatur,
646 3219 743 3288 aqua
764 3210 963 3290 proprietates
992 3229 1062 3274 snas
1090 3211 1182 3275 ducit
1224 3211 1270 3276 ltu
1291 3213 1410 3276 minitas
1431 3232 1492 3297 per

305 3291 555 3372 ¹⁸consertcs⁸‘et
581 3326 733 3371 connexos
763 3310 872 3390 gradus
901 3320 1024 3391 apatre
1053 3313 1215 3376 decurrens
1244 3323 1275 3378 et
1294 3315 1493 3379 monarchiae

306 3406 384 3470 nihil
405 3408 555 3491 obstrepit
576 3418 607 3472 et
629 3399 848 3493 ”oieovoptoe
871 3420 981 3476 statum
1002 3414 1157 3499 protegit·

190 3537 292 3596 εφη
391 3509 476 3572 Hanc
496 3530 544 3574 me
566 3511 698 3592 regulam
719 3514 909 3594 professum,
931 3533 989 3595 qua
1010 3504 1197 3597 inseparatos
1219 3514 1256 3578 ab
1271 3515 1415 3579 alterutro
1430 3536 1490 3600 pn·

306 3615 384 3671 trem
405 3618 436 3673 et
456 3610 553 3676 titium
572 3620 603 3675 et
622 3613 762 3691 spiritum
783 3623 894 3690 testor,
917 3623 986 3679 tene
1001 3615 1125 3696 ubique,
1149 3616 1233 3679 etita
1247 3617 1319 3696 quid
1333 3620 1490 3698 quomodo

308 3698 423 3773 dicatur
451 3729 606 3790 agnosces.
659 3713 736 3775 Ecce
765 3715 846 3777 enim
873 3716 939 3778 dico
968 3717 1056 3779 aliurn
1085 3736 1154 3780 esse
1180 3726 1312 3799 patrem,
1344 3727 1375 3782 et
1396 3720 1490 3784 alium

307 3807 418 3885 fliium,
440 3819 471 3872 et
492 3813 582 3873 aliurn
602 3811 749 3892 spiritum.
782 3816 856 3878 biale
879 3818 992 3897 accepit
1011 3818 1121 3880 idiotes
1143 3818 1269 3899 quisque
1290 3829 1343 3883 aut
1362 3838 1491 3902 perrer-

307 3926 363 3972 sue
385 3910 444 3972 hcc
465 3910 591 3986 dictum,
620 3915 704 3992 quasi
726 3915 927 3979 diversitatem
950 3927 1039 3980 sonet
1059 3928 1090 3981 et
1111 3938 1146 3981 ex
1168 3919 1342 3999 diversitate
1363 3940 1491 4004 sepera-

304 4009 423 4098 ticnem
445 4011 649 4091 'protendat·,
671 4014 764 4094 patris
788 4025 819 4079 et
839 4017 892 4080 filii
909 4027 939 4081 et
954 4019 1087 4100 spiritus.
1118 4019 1302 4084 Necessitate
1315 4031 1417 4088 autom
1431 4023 1493 4088 hee

309 4108 396 4186 dico,
419 4128 485 4173 cnm
507 4113 635 4178 eundem
656 4127 771 4196 patrem
794 4126 825 4181 et
845 4118 938 4181 hlium
960 4128 991 4181 et
1005 4121 1143 4202 spiritum
1157 4122 1357 4200 contendunt,
1378 4124 1490 4189 adver·

308 4209 593 4297 eus'²elaovoptev
614 4217 804 4292 monarchiae
825 4219 989 4296 adulantes,
1012 4239 1074 4283 non
1096 4230 1195 4285 tamen
1210 4222 1382 4287 diversitate
1397 4226 1490 4289 alium

309 4328 473 4396 12'proboie
489 4334 533 4386 AB.
551 4336 616 4387 beid
661 4335 701 4388 13.
718 4343 857 4402 separatum
875 4340 961 4391 hebed.
980 4341 1047 4391 dors.
1082 4334 1214 4407 s‘eperntim
1232 4343 1298 4395 reta
1334 4353 1447 4410 paratum
1462 4344 1494 4397 B.

310 4398 351 4449 14.
369 4400 503 4453 indiversus
520 4405 546 4454 Α.
564 4404 629 4454 haid.
673 4404 712 4454 15.
731 4405 842 4468 procedit
857 4407 884 4457 Α.
901 4408 967 4459 beid.
1010 4401 1194 4475 16,·ionsortes
1211 4414 1238 4463 Α.
1256 4412 1323 4465 terr.
1359 4412 1401 4463 Π.
1419 4413 1494 4464 cibo·

307 4467 392 4518 nemis
408 4469 435 4519 Α.
453 4471 517 4520 beid
553 4472 711 4522 oeconomiae
729 4474 754 4523 d.

379 4535 437 4600 cap.
456 4537 495 4586 lh.
540 4537 881 4604 l‚porrendarFr.1nniar.
923 4537 1201 4608 portendebatur.
1262 4544 1287 4596 2.
1301 4546 1445 4600 odoacaris
1461 4549 1494 4599 Δ.

309 4600 376 4654 leid.
399 4604 579 4655 'oeconomiam
597 4607 621 4656 d.

343 4703 461 4768 Capaeih.
486 4686 667 4774 asprcrendar]
685 4709 814 4760 Fr.1unius
831 4724 873 4760 re·
900 4746 904 4753 -
924 4725 970 4777 pro
987 4715 1126 4777 sipar'fieore.
1162 4713 1200 4764 (li.
1218 4714 1281 4765 inira
1300 4715 1409 4780 capit.
1432 4715 1490 4766 bdr.

307 4771 468 4823 reribendnm
487 4776 580 4824 censoir
594 4778 727 4839 portendat.
761 4779 796 4828 he
812 4792 872 4828 sane
923 4779 996 4830 hiare.
1007 4781 1045 4842 IV,
1056 4780 1097 4832 29.
1107 4780 1148 4833 ³0.
1158 4779 1201 4833 db.
1219 4781 1246 4845 V,
1256 4782 1368 4835 beta
1386 4783 1422 4835 De
1438 4782 1492 4834 Pn-

307 4836 442 4911 Septimins
464 4841 608 4907 saepissime
631 4843 679 4913 bpe
701 4843 774 4896 rerba
798 4846 873 4896 utitur
924 4846 970 4898 die.
988 4848 1075 4913 capi.
1475 4850 1506 4894 '·
