3242 5775
481 642 487 653 ’
521 685 670 730 eumaeus
691 684 865 731 nacioniiii
885 685 944 734 nia.
959 683 998 735 it.
1289 686 1352 751 215

206 832 297 896 tbriito
323 844 372 898 tuo
402 834 559 916 competit,
595 835 742 910 Marcion,
775 837 811 898 ad
842 839 980 902 meritum
1009 841 1238 907 contusionist'
1261 847 1353 915 Plane

197 937 286 1015 podere
307 944 334 997 te
355 931 444 999 debet
465 937 546 1017 quod
568 936 651 998 illum
673 937 738 1017 ipse
760 937 879 1001 finxisti.

257 1036 328 1098 llam
351 1045 382 1098 et
402 1039 463 1099 bne
483 1040 528 1100 iel
549 1038 677 1100 maxime
699 1038 876 1101 erubescere
898 1039 1044 1116 debuisti,
1076 1044 1155 1123 quod
1178 1044 1261 1109 illum
1283 1068 1350 1114 enm
1368 1070 1495 1126 Cannu.

197 1138 271 1218 iope
291 1146 323 1199 et
336 1138 420 1200 llelia
443 1138 473 1200 iu
496 1157 621 1201 secessu
644 1139 756 1200 montis
778 1141 913 1222 conspici
927 1143 1057 1222 pateris,
1080 1161 1205 1223 quorum
1228 1147 1346 1213 destru-
1362 1129 1460 1227 Q·
1500 1195 1507 1202 ·

197 1248 237 1300 tor
253 1239 424 1301 advenerat.
468 1239 535 1301 lloc
555 1240 669 1301 sedicet
690 1239 818 1319 intellegi
840 1241 933 1303 noluit
955 1262 1009 1304 ior
1032 1242 1080 1304 illa
1108 1244 1145 1306 de
1168 1248 1266 1311 caelo:
1293 1251 1351 1316 llic
1368 1264 1503 1320 taeitos.

197 1340 314 1402 itlilius
335 1360 424 1403 meus
447 1339 588 1412 dilectus,
617 1341 697 1402 bunc
725 1341 841 1415 audite,
874 1342 904 1403 id
933 1351 980 1404 cst
1006 1362 1067 1404 non
1089 1345 1212 1425 Moysen
1239 1349 1351 1415 iamet

198 1442 291 1503 eliam.
322 1442 404 1521 llrgo
428 1441 594 1502 sufficiebat
616 1460 673 1502 inii
695 1440 759 1502 sola
783 1442 849 1502 sine
865 1443 1067 1505 ostentatione
1080 1445 1176 1526 Moysi
1192 1457 1222 1509 et
1235 1449 1347 1515 Heliae.

197 1542 342 1604 etiniendo
366 1544 448 1604 enim
470 1561 558 1621 quem
586 1542 723 1603 audirent
751 1561 946 1622 quoscunque
974 1543 1049 1606 alins
1078 1547 1223 1610 uetuisset
1244 1551 1350 1614 audiri.

197 1654 221 1705 it
241 1643 391 1724 numquid
413 1642 532 1705 Esaiam
560 1651 590 1704 et
611 1643 790 1704 Hieremiam
820 1651 995 1722 ceterosque
1023 1663 1099 1723 quos
1129 1664 1189 1708 non
1219 1652 1352 1715 ostendit

197 1745 302 1807 misit
325 1743 439 1816 audiri,
463 1744 491 1805 si
511 1745 605 1805 vetuit
627 1762 703 1823 quos
725 1742 879 1806 ostendit?
911 1743 997 1805 Nunc
1011 1753 1041 1805 et
1056 1746 1081 1806 si
1096 1749 1265 1826 praesentia
1280 1750 1350 1812 illo-

197 1845 312 1907 nituit
334 1845 522 1919 necessaria,
545 1862 617 1921 ¹nou
640 1845 741 1924 utique
763 1845 794 1905 in
818 1844 967 1924 colloquio
990 1846 1235 1923 ostenderentur,
1269 1852 1350 1930 quod

197 1947 375 2008 miliaritatis
397 1945 540 2006 indicium
562 1953 623 2017 est,
646 1964 701 2006 neo
721 1945 752 2005 in
775 1945 930 2007 consortio
954 1945 1110 2020 claritatis,
1140 1948 1220 2026 quod
1243 1949 1348 2030 digua*

197 2047 255 2108 inis
278 2056 311 2108 et
332 2046 445 2125 gratiae
468 2045 635 2125 exemplum
658 2055 719 2119 est,
749 2045 819 2107 ¹sed
848 2046 878 2106 in
906 2046 1047 2108 sordibus
1070 2045 1234 2126 aliquibus,
1268 2053 1349 2131 quod

197 2146 385 2209 estnictionis
407 2155 613 2225 argumentum
636 2155 698 2221 est,
730 2146 823 2207 immo
845 2146 877 2207 in
898 2147 1031 2208 tenebris
1052 2149 1214 2223 creatoris,
1242 2150 1350 2230 quibus

197 2247 365 2309 'radendis
395 2255 460 2308 erat
486 2247 616 2319 missus,
653 2246 740 2326 longe
770 2246 858 2309 etiam
887 2247 1009 2309 discreti
1037 2267 1052 2307 a
1075 2248 1206 2311 claritate
1228 2250 1349 2326 Christi,

197 2349 332 2427 ⁴niroces
354 2358 386 2409 et
405 2348 520 2409 litteras
543 2347 625 2427 ipsas
648 2365 753 2409 eorum
776 2347 812 2408 ab
829 2348 979 2427 evaugelio
995 2367 1051 2409 suo
1068 2357 1132 2410 erat
1147 2358 1349 2429 separaturus.

198 2448 240 2511 Sc
257 2450 287 2511 in
311 2450 425 2511 alienos
448 2449 634 2510 demonstrat
649 2448 731 2522 illos,
753 2448 824 2509 dum
840 2468 942 2510 secum
957 2449 1055 2511 babet.
1100 2445 1151 2511 Sic
1176 2450 1348 2530 relinquen-

197 2548 233 2610 ὴ
251 2551 339 2613 docet
360 2569 437 2630 quos
461 2549 518 2611 sibi
541 2549 644 2627 iungit.
698 2548 747 2609 Sic
775 2549 904 2611 destruit
930 2568 1006 2630 quos
1036 2550 1073 2612 de
1095 2550 1187 2612 radiis
1210 2552 1272 2614 suis
1294 2572 1347 2615 ex-

197 2651 269 2713 init.
312 2652 390 2725 Quid
412 2653 523 2712 laceret
544 2650 679 2711 Cbristus
701 2648 861 2728 ipsorum?
903 2649 1014 2724 Credo,
1038 2651 1202 2713 secundum
1223 2671 1348 2733 perver-

198 2749 293 2813 fflem
313 2752 386 2813 tales
408 2771 462 2813 eos
485 2749 647 2812 revelasset
661 2749 764 2829 quales
776 2750 914 2811 Christus
927 2750 1086 2812 Marcionis
1109 2751 1276 2826 debuisset,
1299 2765 1350 2817 aut

200 2867 367 2933 metuoque
389 2852 464 2914 alios
489 2870 589 2914 secum
611 2870 697 2932 quam
713 2851 876 2932 prophetas
893 2864 992 2914 suos·.
1027 2851 1086 2914 Sed
1102 2852 1171 2933 quid
1186 2861 1246 2915 tam
1262 2853 1348 2916 Chri-

205 2956 252 3013 n·
269 2954 404 3015 mentoris
428 2973 517 3034 quam
540 2972 640 3014 secum
664 2952 823 3014 ostendere
844 2953 1063 3033 praedicatores
1086 2953 1183 3016 suos?
1206 2955 1348 3017 cumillis

208 3051 276 3114 ittet
294 3055 395 3134 quibus
418 3056 448 3116 in
472 3054 703 3115 revelationibus
720 3063 783 3114 erat
805 3052 912 3115 visus?
935 3073 1001 3114 cum
1023 3052 1082 3114 illis
1104 3054 1185 3134 loqui
1209 3057 1258 3135 qui
1282 3075 1350 3119 eum

214 3150 298 3215 hait
314 3155 423 3217 locuti?
459 3174 526 3217 cum
550 3154 592 3215 eis
615 3154 739 3234 gloriam
762 3173 846 3215 suani
874 3154 1093 3216 communicare
1122 3174 1138 3215 a
1161 3155 1268 3234 quibus
1292 3157 1349 3218 do-

218 3249 286 3315 fies
303 3256 405 3334 gloriae
425 3253 676 3334 nuncupabatur?
699 3273 765 3315 cuin
780 3253 1010 3334 'principalibus
1026 3254 1108 3326 suis,
1131 3273 1260 3333 quorum
1275 3256 1351 3317 alter

225 3354 293 3431 mli
310 3356 477 3418 informator
499 3355 670 3435 aliquando,
694 3355 768 3415 alter
788 3357 967 3415 reformator
982 3355 1175 3434 quandoque,
1197 3355 1271 3415 alter
1292 3355 1351 3415 ini·

228 3447 285 3515 flor
300 3458 395 3519 icteris
416 3459 602 3529 testamenti,
625 3456 699 3517 alter
720 3463 943 3541 consummatur
965 3454 1064 3515 uoiil.
1098 3453 1189 3531 lgitur
1205 3463 1234 3512 et
1248 3452 1353 3515 Petrus

234 3544 313 3617 'ubo
330 3558 550 3619 contubernium
573 3557 683 3618 Christi
705 3556 751 3616 sui
774 3572 941 3635 agnoscens
965 3553 1170 3615 individuitate
1192 3552 1256 3614 eius
1280 3570 1353 3632 sug-

197 3698 202 3711 ·
239 3651 443 3723 Uenusilium:
465 3659 583 3719 Bonum
605 3666 652 3718 est
673 3676 729 3717 uos
752 3656 800 3717 bic
822 3674 890 3716 esse
916 3654 1040 3728 (bonum
1063 3654 1149 3733 plane
1171 3653 1221 3715 ubi
1235 3654 1354 3733 Moyses
1372 3674 1505 3728 incitus

197 3745 206 3794 ²
243 3748 474 3836 &tabeliasp
499 3767 545 3831 et,
567 3758 721 3820 Faciamus
743 3757 792 3818 bic
813 3757 868 3817 tria
889 3755 1095 3829 tabernacula,
1119 3773 1210 3817 unum
1233 3753 1301 3827 tibi,
1325 3762 1356 3816 et

197 3826 211 3936 ζ’
209 3884 218 3919 i
247 3838 400 3932 bianum,
422 3869 451 3922 et
466 3860 568 3920 lleliae
592 3878 700 3930 unum,
723 3858 776 3917 sed
798 3856 935 3918 nesciens
954 3855 1023 3935 quid
1038 3853 1160 3916 diceret.
1195 3852 1354 3926 Quomodo

198 3952 224 4055 'a
252 3950 348 4019 hbui
374 3960 515 4023 Utrumne
539 3959 664 4038 simplici
681 3977 799 4029 errore,
823 3976 860 4018 an
882 3957 997 4017 ratione
1018 3955 1091 4033 ‘qua
1114 3954 1301 4015 defendimus
1324 3953 1356 4016 in

198 4035 210 4067 ¹
257 4054 383 4122 *miae
402 4060 594 4142 prophetiae·
623 4059 734 4138 gratiae
755 4056 918 4129 ‘ecstasim
947 4056 977 4116 id
1004 4064 1051 4116 est
1073 4055 1247 4128 amentiam,
1279 4072 1354 4116 con-

197 4129 230 4195 ui

197 4200 231 4263 ,ᾗ
292 4166 393 4243 bitti.
428 4181 449 4230 l.
468 4180 512 4229 aed
532 4187 556 4229 et
574 4180 597 4227 in
609 4180 675 4229 Goba.
712 4177 735 4226 2.
755 4178 795 4226 Sic
808 4177 873 4226 enim
884 4175 980 4224 alienos
998 4175 1110 4224 latinius.
1129 4173 1355 4223 hamelinum.

197 4279 232 4347 ug
267 4240 376 4356 ’,ΞΜ
391 4249 414 4297 lt.
435 4250 557 4297 Vaticanus
570 4263 639 4295 unus.
691 4245 723 4294 4..
737 4246 847 4293 meiitum
867 4244 941 4293 nuni.
976 4241 1213 4292 briotreidem.
1265 4239 1288 4289 b.
1308 4253 1356 4303 que

198 4352 233 4395 δ
361 4328 422 4376 acini
439 4317 495 4365 iibri
513 4330 599 4364 omues.
652 4311 676 4361 6.
695 4313 809 4361 ecstasim
828 4312 854 4361 B.

217 4406 234 4458 Ι
282 4390 367 4461 l*llll
385 4429 491 4478 i.qoam
511 4414 644 4477 propbetas
661 4407 742 4477 snos]
794 4405 948 4475 prophetiae]
970 4408 1020 4457 lloe
1033 4407 1125 4482 videtur
1143 4407 1230 4482 iecisse
1241 4404 1308 4454 libris
1321 4404 1357 4454 lle

198 4484 234 4531 ia*
269 4448 401 4543 hibeni„
421 4496 493 4546 quain
517 4482 650 4544 propbetas
675 4494 743 4527 suos.
794 4477 897 4534 Ecsteii,
923 4488 1027 4539 quornm
1053 4475 1161 4522 meminit
1188 4473 1355 4534 Hieronymus.

270 4514 381 4593 hliae
395 4558 428 4596 est
444 4548 594 4624 Tertulliano
613 4547 716 4624 ellipsis.
794 4544 901 4621 tlligilt.)
937 4543 961 4592 V.
986 4542 1122 4620 llieionyin.
1154 4538 1229 4616 Catil.
1256 4539 1355 4614 Scriptt.

197 4611 235 4665 le*
286 4588 743 4677 k*ttmiiiiinetornoii.]l2lias,qoem
794 4612 859 4660 Eecl.
880 4624 902 4658 in
921 4609 1080 4666 Tertulliano,
1107 4614 1131 4656 et
1148 4605 1277 4669 Nicepbor.
1295 4604 1356 4652 ilict.

197 4684 228 4732 le*
309 4662 507 4743 &merserunt
527 4689 677 4744 putaverunt.
706 4680 742 4729 ct.
795 4676 860 4727 nect.
881 4673 1019 4734 iurati.
1055 4674 1212 4747 defendimus,
1238 4673 1296 4719 be.
1315 4682 1356 4717 ee·

198 4749 228 4848 a.
315 4741 436 4856 :pult
452 4757 477 4827 et
494 4748 534 4797 bd.
560 4747 742 4797 lreneenslldii.
795 4743 926 4859 ponimur.
951 4743 999 4859 206st
1026 4742 1117 4792 adnott.
1141 4738 1172 4789 ed
1194 4737 1237 4786 lib.
1256 4735 1274 4785 Ι.
1299 4733 1357 4783 ddi.

197 4826 220 4868 Ι
351 4824 437 4864 wenni
455 4822 569 4878 inteiprr.
796 4826 869 4861 ,irs
888 4824 941 4874 cap.
985 4844 992 4859 .

197 4907 205 4928 .
319 4876 348 4928 F
363 4873 491 4931 &ludium
520 4883 545 4931 'in
571 4895 642 4932 unia
670 4894 745 4930 noire
