3242 5775
586 653 734 697 suffusus
757 656 929 703 melmin
950 663 1006 705 sto.
1025 664 1063 705 ll'.
1348 659 1411 723 229

199 805 201 810 '
263 799 344 880 'diligi
364 809 393 863 ut
415 801 573 880 praestet¹,
607 804 823 867 interveniente
850 817 881 869 et
907 806 956 872 laio
983 812 1031 874 illa
1060 799 1324 897 ”praescriptione
1352 843 1410 904 qun

256 902 344 964 dulim
366 903 444 983 apud
466 923 535 965 eum
557 904 685 967 debeant
706 907 787 967 credi
809 910 922 971 maiora
944 914 1021 990 apud
1037 934 1124 994 quem
1146 917 1262 980 minora
1282 939 1408 1000 pracce-

251 1003 304 1065 dmt
324 1023 410 1083 qoam
433 1006 513 1084 apud
535 1025 603 1067 eum
625 1006 672 1068 cui
694 1008 804 1069 nullam
827 1010 865 1071 de
886 1012 1049 1076 maioribus
1071 1016 1159 1078 fidem
1180 1018 1277 1099 aliqua
1291 1023 1408 1088 minore

243 1114 488 1185 praeparaverunt
528 1107 638 1170 Viderit
659 1109 785 1170 nuncsi
808 1121 958 1175 aeternam
980 1116 1076 1177 nostri
1091 1118 1277 1183 addiderunt.
1315 1122 1407 1188 ⁸‘lloc

240 1207 295 1268 nihi
323 1208 400 1270 satis
431 1216 496 1282 est,
529 1210 608 1287 quod
633 1210 769 1272 Christus
796 1212 845 1273 ille
867 1222 1020 1290 aeternae,
1053 1216 1143 1278 ³'non
1172 1219 1295 1300 longae,
1328 1225 1404 1288 vitae

233 1307 362 1370 inritator
385 1309 424 1370 de
445 1308 585 1389 longaeua
608 1311 781 1383 consultus,
804 1332 892 1392 quam
915 1315 1099 1390 destruebat,
1132 1337 1193 1381 non
1214 1322 1280 1383 ”ad
1302 1333 1402 1388 aeter·

231 1427 287 1471 mm
309 1410 417 1490 potius
439 1411 613 1473 exhortatus
636 1421 683 1474 est
705 1413 874 1486 hominem,
898 1435 984 1495 quam
1007 1417 1162 1481 interebat
1198 1421 1323 1497 ”Quid
1347 1445 1401 1488 oro

227 1523 266 1583 te,
287 1513 416 1573 lecisset
426 1511 564 1573 Christus
580 1514 739 1586 creatoris,
764 1514 859 1594 siqui
878 1519 1002 1579 creatori
1026 1519 1175 1599 diligendo
1197 1523 1403 1588 aedificaverat

224 1613 384 1684 homiuem,
401 1631 464 1673 non
480 1622 545 1674 erat
559 1613 730 1676 creatoris?
752 1615 859 1689 Credo,
876 1627 1015 1696 negasset
1030 1619 1210 1698 diligendum
1225 1632 1400 1688 creatorem.

300 1714 379 1776 Cum
403 1713 435 1773 in
458 1714 587 1793 quodam
608 1716 675 1777 loco
692 1725 809 1777 orasset
823 1718 859 1778 ad
874 1726 988 1797 patrem
1004 1719 1085 1781 illum
1103 1722 1304 1800 superiorem,
1328 1725 1401 1788 satis
1420 1736 1529 1794 esp-m

217 1814 446 1895 impudentibus
468 1825 499 1876 et
520 1817 683 1878 temerariis
707 1818 800 1878 oeulis
823 1820 988 1897 suspiciens
1010 1821 1046 1881 ad
1070 1821 1182 1882 caelum
1197 1824 1358 1898 creatoris,
1380 1797 1528 1887 ⁸¹⁴⁰⁰‘'¹¹'¹

214 1935 275 1996 quo
305 1925 368 1977 tam
397 1934 508 1996 aspero
532 1926 562 1978 et
589 1937 677 1979 saevo
708 1929 738 1979 et
764 1919 906 1996 grandine
932 1931 966 1981 et
993 1922 1115 1983 tulmine
1144 1923 1292 2001 potuisset
1318 1924 1397 1999 elidi,

215 2019 294 2079 sieut
317 2026 349 2077 et
363 2017 552 2078 Hierusalem
569 2018 699 2098 ¹sulligi·
722 2020 758 2080 ab
780 2039 816 2079 eo
839 2023 950 2099 potuit,
974 2040 1132 2101 aggressus
1155 2041 1223 2085 eum
1246 2043 1281 2086 ex
1303 2025 1396 2087 disci·

213 2119 294 2199 pulis
318 2120 459 2198 quidam,
492 2119 634 2192 Domine,
657 2121 766 2199 inquit,
790 2122 865 2182 doce
886 2142 944 2182 nos
968 2142 1069 2195 orare,
1100 2123 1529 2188 sicos¹et10anneatuc.x1.t

214 2219 382 2300 discipulos
406 2238 481 2280 suos
504 2220 620 2293 docuit,
654 2222 767 2282 seilicet
792 2223 860 2301 quia
888 2223 977 2284 aliuns
999 2225 1088 2285 deum
1109 2225 1195 2286 aliter
1216 2224 1398 2287 existimaret

215 2321 373 2382 orandum.
418 2321 485 2382 Hoc
506 2321 555 2399 qui
576 2321 849 2401 ³praesumpserat,
881 2324 964 2403 prius
994 2334 1041 2387 est
1067 2324 1175 2404 probet
1196 2325 1284 2386 alium
1307 2326 1396 2388 deum

215 2422 329 2484 editum
351 2441 367 2482 a
392 2422 525 2483 Christo.
574 2422 668 2484 Nemo
698 2424 776 2484 enim
803 2434 870 2485 ante
898 2424 1042 2488 voluisset
1071 2444 1158 2486 orare
1186 2443 1278 2487 nosse
1306 2444 1394 2504 quam

217 2523 372 2586 eddicisset
394 2542 483 2602 quem
507 2533 614 2584 oraret.
664 2524 756 2603 lgitur
782 2525 808 2584 si
837 2525 995 2598 didicerat,
1027 2526 1132 2606 proba.
1187 2526 1219 2587 si
1247 2544 1395 2605 nusquam

219 2643 310 2705 uque
339 2625 437 2686 adhuc
468 2623 595 2704 probas,
629 2625 704 2685 scito
733 2625 815 2685 illum
844 2627 872 2686 in
902 2636 1065 2688 creatorem
1094 2628 1218 2687 sormam
1246 2627 1393 2690 orationis

221 2726 403 2806 postulasse,
438 2725 469 2785 in
500 2743 587 2803 quesn
619 2725 707 2785 etiam
735 2726 871 2805 discipuli
899 2727 1018 2788 loannis
1054 2726 1187 2790 orabant.
1237 2727 1296 2789 Sed
1324 2728 1392 2807 quia

168 2869 169 2880 ,
223 2835 253 2887 et
280 2826 407 2889 loannes
442 2845 554 2888 novum
593 2826 719 2905 aliquem
757 2827 890 2889 ordinem
928 2828 1072 2889 orationis
1110 2829 1281 2902 induxerat,
1322 2828 1390 2891 idco

168 2904 170 2921 '
226 2926 278 2988 tue
303 2938 333 2990 et
364 2948 381 2989 a
413 2928 532 2988 Christo
559 2928 723 3006 discipulus
752 2928 817 2988 eius
846 2930 1109 3009 ‘exlsostulandum
1148 2949 1209 2990 non
1242 2930 1390 2992 immerito

230 3037 473 3108 praesumpserat,
509 3038 540 3089 ut
572 3037 601 3089 et
632 3029 672 3088 illi
704 3030 740 3088 de
770 3031 893 3109 proprio
924 3031 1058 3110 magistri
1089 3031 1135 3091 sui
1165 3030 1301 3093 instituto
1329 3051 1391 3095 uon

230 3127 339 3201 ⁸alium,
375 3130 429 3190 sed
463 3129 564 3201 aliter,
599 3111 686 3190 deuna
711 3139 841 3191 orarent.
899 3131 1029 3193 Proinde
1067 3151 1122 3191 nec
1151 3130 1286 3192 Christus
1322 3143 1390 3193 ante

234 3232 360 3292 ontiouis
388 3231 523 3291 notitiam
553 3231 697 3310 discipulo
725 3232 900 3292 contulisset
929 3252 1015 3310 quam
1046 3232 1094 3293 dei
1123 3232 1229 3310 ipsius.
1287 3232 1331 3292 lta
1359 3241 1390 3293 et

236 3331 336 3409 ipsein
357 3352 422 3393 eum
446 3332 548 3394 docuit
569 3332 734 3393 orationem
757 3351 843 3410 quern
860 3334 1021 3412 discipulus
1037 3351 1131 3410 usque
1147 3331 1242 3392 adhuc
1256 3341 1388 3393 noverat.
1496 3340 1501 3353 ’

238 3429 349 3512 denique
371 3452 479 3494 sensus
503 3433 645 3493 orationis
668 3452 755 3512 quern
778 3434 866 3494 deum
890 3434 1006 3510 sapiant
1027 3449 1220 3508 recognosce.
1265 3430 1317 3491 Gui
1339 3432 1388 3492 di-

239 3548 304 3600 tsus.
332 3533 439 3595 Pater?
471 3535 499 3595 ei
521 3534 569 3611 qui
592 3554 640 3595 me
663 3535 783 3594 omuino
813 3553 875 3594 non
903 3534 986 3607 lecit,
1020 3552 1037 3593 a
1065 3550 1124 3611 quo
1154 3530 1298 3609 originem
1326 3547 1528 3604 nonoretur.

241 3633 325 3706 ttalso,
344 3654 378 3696 an
400 3635 425 3697 ei
449 3635 499 3713 qui
522 3655 569 3696 me
591 3636 727 3696 laciundo
744 3646 773 3696 et
787 3635 963 3696 instruendo
980 3631 1153 3714 generavit?
1180 3633 1278 3712 Aquo
1294 3632 1386 3711 spiri-

242 3740 290 3794 tus
308 3746 434 3798 sanctum
455 3735 648 3817 postulcml?
681 3755 777 3842 apuu
805 3755 861 3796 nec
887 3736 1043 3797 mundialis
1066 3733 1187 3813 spiritus
1209 3741 1386 3813 praestatur,

244 3878 389 3947 22tiligesdi
412 3890 450 3938 dei
477 3899 632 3953 praeceptam
658 3898 683 3939 ut
706 3897 812 3952 praestet
838 3890 902 3938 Fnln.
923 3891 1027 3938 Ursinus.
1085 3885 1125 3936 tt.
1150 3886 1342 3950 praestructione
1359 3885 1385 3936 11.

245 3946 382 4004 attint.
434 3956 475 4006 35.
496 3957 658 4007 oonom.BC.
711 3957 752 4006 36.
772 3958 801 4005 ad
821 3957 921 4005 omllC.
974 3955 1014 4003 31.
1034 3955 1102 4013 Quod
1121 3955 1141 4003 l.

298 4020 434 4084 espltttt.
473 4025 494 4072 1.
513 4025 592 4084 sntugi
612 4025 809 4083 od.,Fr.lunins.
845 4024 931 4084 sullugi
950 4023 1022 4072 ntea.
1044 4023 1165 4071 Vaticanus
1182 4028 1285 4084 nterqsoe.
1320 4018 1343 4069 2.
1362 4028 1387 4071 et

246 4089 317 4136 tsi.
337 4088 358 4137 3.
367 4092 555 4155 praesumpserit
564 4093 628 4141 fuls.
637 4092 741 4140 Ursinus.
770 4092 793 4140 t.
805 4091 975 4155 postulandum
989 4091 1145 4140 t'ats'ennonin
1155 4089 1222 4137 atter.
1248 4088 1272 4136 5.
1282 4087 1353 4136 sliam
1363 4104 1383 4138 e.

274 4184 320 4236 tit
341 4198 361 4239 et
380 4192 474 4241 Christo
502 4208 565 4256 opus
590 4201 626 4241 est
653 4194 719 4254 diligi
748 4202 774 4242 ut
825 4193 956 4241 ltattlsaeos
975 4190 1160 4250 „Sanctitlcetur
1177 4202 1264 4237 nomeu
1283 4184 1384 4237 tuum!“

249 4251 343 4323 mter]
357 4258 417 4322 Opus
433 4268 479 4320 est,
498 4264 539 4321 ait,
558 4262 696 4309 uticrentor
708 4260 772 4323 quod
824 4262 892 4319 Nam,
918 4260 950 4307 uti
978 4260 1054 4321 inquit
1077 4256 1251 4319 deprianus
1269 4255 1303 4303 lle
1321 4255 1383 4303 Ors-

249 4330 288 4379 Ὴ
301 4321 429 4384 litteratum
448 4329 528 4387 docet,
557 4329 602 4377 lroe
620 4329 682 4376 idern
702 4330 772 4377 etism
823 4330 888 4377 tione
900 4327 1033 4382 llominicu,
1051 4325 1228 4373 senctitlcemur
1246 4336 1293 4370 oon
1310 4322 1383 4370 modo

249 4396 284 4435 u
302 4388 382 4442 Christo
405 4403 521 4457 praestet,
547 4410 639 4458 perque
664 4396 773 4459 discipli·
823 4390 1166 4457 (iustatpost.lCorioth.d.l
1184 4389 1319 4438 innomine
1337 4388 1383 4437 do·

248 4462 291 4502 Ι
305 4458 349 4506 eiss
362 4462 504 4524 diligendum
522 4464 662 4526 praecipiat.
824 4464 882 4512 mini
901 4463 954 4510 lesu
974 4460 1071 4519 Christi,
1093 4459 1136 4508 sed
1156 4465 1180 4506 et
1197 4458 1221 4506 in
1239 4456 1325 4520 spiritu
1343 4455 1382 4504 dei

273 4520 398 4586 esplttl.
424 4545 446 4579 s.
465 4528 558 4593 suffigi]
578 4530 603 4579 ld
623 4538 668 4590 est,
687 4545 771 4594 quom·
824 4531 908 4579 nostri.
945 4529 1008 4577 llssc
1031 4526 1188 4576 sauctitlestio
1211 4525 1301 4587 itaque,
1324 4522 1383 4571 dum

247 4584 350 4641 ΗΕ
363 4606 476 4661 seuuemo
500 4606 556 4660 post
580 4605 689 4661 tempore
707 4602 772 4648 cruci
824 4607 849 4646 ut
867 4599 890 4646 in
909 4596 1245 4658 uobispermsoestorsmus,
1262 4588 1382 4653 quodsm·

247 4663 375 4712 *fluvit
395 4666 460 4727 sfflgi
488 4665 511 4713 iu
535 4665 593 4715 urbe
612 4666 771 4716 Hierusalem.
823 4654 1382 4725 modospiritumsenetumpostulamss.tluds

245 4718 282 4775 θ’·
291 4722 372 4789 lllt'ttl
822 4733 847 4781 o.
859 4731 1005 4793 Augustinus
1015 4729 1109 4779 Euchir.
1129 4743 1182 4791 esp.
1195 4725 1241 4774 115
1260 4722 1380 4782 „Nomen

261 4788 291 4865 ¹l
305 4796 490 4863 lassspiritom
498 4808 604 4849 unctum
615 4795 770 4865 postulent]
821 4799 907 4862 inquit,
925 4798 963 4848 dei
981 4798 1143 4848 ssuctillcetur
1160 4786 1308 4857 inspiritu.“
1325 4786 1384 4847 (¹³¹-

246 4854 276 4907 ἃ
288 4860 457 4934 ὰαικτίριη
477 4868 541 4931 qood
554 4868 644 4919 hsbeot
654 4870 730 4919 Luem
748 4877 771 4918 st
820 4866 887 4928 mel.)
