3242 5775
307 610 348 675 88
559 623 661 674 ournrr
683 621 815 664 ssrrxsn
838 620 1003 662 sconsnrrs
1026 619 1223 663 rsnrmnnuu
1270 658 1279 666 ,

306 778 433 839 unctum
456 772 601 850 optimum
622 770 725 849 utique
747 770 877 849 optimae
904 768 1020 830 arboris
1042 762 1183 829 Marcion.
1233 766 1487 847 Imperitissimus

305 875 435 938 rusticus
459 873 578 952 quidem
600 872 631 932 in
653 871 759 932 malam
781 871 891 933 bonam
913 868 1047 931 inseruit
1098 869 1157 930 Sed
1186 887 1247 929 nou
1271 868 1381 929 valebit
1402 868 1487 930 blas-

303 975 440 1057 phemiae
461 972 615 1046 surculus,
637 978 753 1032 arescet
775 990 843 1032 cnm
865 988 920 1032 suo
944 970 1068 1043 artifice,
1092 977 1123 1030 et
1144 970 1183 1030 ita
1199 988 1233 1030 se
1248 968 1348 1029 bonae
1367 968 1487 1032 arboris

304 1084 409 1137 natura
431 1072 598 1135 testabitur.
626 1072 733 1150 Aspice
754 1071 791 1131 ad
814 1090 977 1144 summam,
1001 1070 1096 1149 qualia
1118 1088 1220 1131 sermo
1235 1068 1486 1132 ’fructificaverit

216 1177 344 1237 ceetllt
365 1174 437 1235 dixit
459 1174 551 1244 dens,
572 1171 651 1244 l‘iat,
675 1181 705 1232 et
726 1173 914 1243 factumest,
937 1181 967 1233 et
981 1172 1056 1233 vidit
1070 1172 1160 1243 deus,
1183 1170 1253 1248 qnia
1267 1169 1398 1244 bunum,
1423 1189 1486 1233 nou

302 1276 387 1356 quasi
411 1274 549 1335 nesciens
571 1273 701 1344 bonum,
723 1272 783 1333 nisi
805 1272 934 1344 rideret,
958 1271 1011 1334 sed
1034 1272 1102 1352 quia
1123 1270 1251 1344 bouum,
1274 1270 1343 1331 ideo
1365 1271 1485 1346 ridens,

303 1354 457 1437 honorans
481 1381 510 1435 et
531 1374 712 1452 consignans
728 1381 758 1432 et
773 1373 976 1451 dispungens·
992 1372 1156 1432 bonitatem
1172 1389 1297 1451 opernm
1312 1365 1487 1449 dignationis

304 1485 492 1556 conspectus.
536 1474 587 1534 Sic
608 1484 638 1534 et
658 1473 852 1534 benedicebat
880 1472 974 1552 ⁴quae
1002 1471 1220 1543 benefaciebat,
1258 1480 1291 1532 ut
1318 1471 1372 1533 tibi
1401 1476 1486 1536 totus

305 1576 379 1638 deus
402 1576 674 1647 commendaretur,
698 1573 795 1634 bonus
819 1581 850 1633 et
870 1572 968 1634 dicere
992 1581 1022 1633 et
1043 1573 1151 1633 lacere.
1191 1572 1365 1634 Maledicere
1388 1574 1487 1635 adbuc

305 1695 406 1737 sermo
428 1694 489 1736 uon
512 1684 614 1748 norat,
637 1675 705 1753 quia
727 1692 783 1735 nec
804 1672 987 1734 malefacere.
1026 1672 1197 1733 Videbimus
1213 1691 1319 1733 causas
1334 1691 1413 1752 quae
1427 1674 1488 1737 bue

257 1846 261 1856 1
304 1795 423 1856 quoque
445 1796 460 1836 a
483 1776 539 1836 deo
563 1783 733 1852 exegerunt.
778 1774 900 1835 lnterim
922 1773 1050 1834 mundus
1073 1792 1110 1834 ex
1131 1773 1220 1834 bouis
1243 1773 1383 1835 omuibus
1406 1792 1485 1836 ocu·
1524 1773 1527 1784 “

305 1876 398 1950 stitit,
433 1876 506 1936 satis
535 1882 778 1955 praemonstrans
806 1882 947 1953 quantum
975 1874 1047 1934 boui
1075 1882 1230 1954 pararetur
1258 1873 1300 1934 illi
1321 1874 1369 1934 cni
1391 1893 1485 1956 prae·

303 1977 464 2056 parabatur
478 1978 536 2037 boc
550 1985 655 2036 totum.
690 1974 765 2047 Quis
788 1974 915 2053 deniqne
936 1974 1043 2052 diguus
1058 1974 1188 2035 incolere
1209 1974 1257 2034 dci
1280 1993 1372 2053 opera
1394 1993 1487 2055 quam

305 2078 402 2156 ipsius
424 2077 520 2155 imago
544 2085 574 2138 et
596 2074 782 2137 similitudo?
815 2075 886 2135 Eam
902 2093 1021 2154 quoque
1036 2074 1155 2135 bonitas
1171 2074 1335 2153 etquidem
1351 2093 1484 2155 operan-
1523 2143 1527 2162 Ι

302 2177 363 2238 tior
385 2187 505 2257 operata
527 2186 589 2250 est,
620 2195 681 2237 non
703 2175 848 2255 imperiali
870 2175 977 2249 verbo,
1011 2176 1066 2236 sed
1092 2175 1226 2236 familiari
1254 2193 1360 2250 manu,
1395 2178 1486 2240 etiam
1520 2253 1525 2260 ι

176 2278 396 2353 cen.1,2e.verbo
425 2278 594 2339 blandiente
623 2276 806 2357 praemisso,
838 2275 991 2338 Faciamus
1019 2276 1170 2337 bominem
1198 2276 1234 2336 ad
1262 2275 1425 2356 imaginem
1454 2289 1486 2342 et

302 2378 525 2440 similitudinem
547 2387 689 2439 nostram.
739 2378 862 2438 Bnnitas
885 2376 973 2449 dixit,
1002 2375 1121 2438 bonitas
1144 2377 1228 2438 linxit
1249 2377 1424 2441 ‘hominem
1446 2380 1485 2442 de
1520 2431 1527 2474 p

302 2478 373 2538 limo
396 2480 427 2539 in
450 2486 560 2539 tantam
582 2478 779 2538 substantiam
802 2477 899 2538 cornis
928 2496 964 2537 ex
992 2496 1051 2538 una
1078 2477 1202 2538 materia
1223 2485 1268 2539 tot
1289 2479 1483 2556 qualitatibus
1520 2533 1527 2575 ἢ

304 2586 492 2639 exstructam.
546 2578 668 2638 bonitas
689 2578 802 2638 inflavit
823 2577 984 2650 “animam
1012 2595 1073 2638 non
1101 2587 1266 2648 mortuam,
1299 2580 1353 2640 sed
1376 2580 1483 2645 viram.
1519 2641 1527 2679 i

278 2678 424 2752 ,bouitas
447 2678 589 2755 praefecit
610 2677 758 2737 universis
781 2678 916 2738 fruendis
939 2687 1027 2757 atque
1049 2679 1225 2756 regnandis,
1256 2678 1343 2740 etiam
1365 2699 1482 2761 coguu-
1518 2753 1527 2770 „

304 2778 461 2838 minandis.
519 2778 642 2838 Bnnitas
676 2777 802 2855 amplius
835 2778 954 2840 delicias
992 2777 1098 2839 adiecit
1129 2779 1259 2852 bomini,
1293 2787 1342 2852 nt,
1374 2799 1483 2861 quam·
1516 2771 1527 2858 J

304 2897 392 2956 uuam
423 2877 514 2939 totius
545 2877 626 2940 orbis
655 2878 832 2956 possidens,
864 2879 895 2939 in
929 2878 1151 2941 amoenioribus
1181 2889 1350 2943 moraretur
1380 2892 1484 2955 trans„-

303 2960 380 3040 latus
402 2979 431 3040 in
454 2980 655 3057 paradisuml,
678 2979 737 3040 iam
758 2988 831 3040 tuuc
852 2980 889 3041 de
910 2981 1022 3040 mundo
1045 2981 1075 3041 in
1098 2981 1262 3042 ecelesiam.
1296 2982 1408 3043 Eadem
1423 2982 1483 3045 bo·
1522 2980 1527 2990 ⁴

164 3078 381 3153 cea.n,1s.nitas
404 3088 434 3140 et
456 3080 632 3141 adiutorium
655 3080 824 3159 prospexit,
859 3081 989 3159 nequid
1018 3099 1078 3141 non
1101 3081 1182 3141 boni.
1232 3081 1298 3142 Non
1322 3092 1370 3144 est
1392 3085 1483 3163 euim,
1519 3052 1527 3096 ¹

303 3179 414 3257 inquit,
442 3181 570 3255 bonnm,
605 3181 700 3243 solum
724 3199 793 3241 esse
815 3180 977 3242 bominem.
1028 3180 1144 3256 Sciebat
1165 3181 1204 3242 illi
1229 3201 1333 3244 sexum
1355 3185 1484 3248 Mariae·
1513 3158 1527 3283 ,Ι

303 3289 334 3341 et
356 3281 496 3361 deinceps
520 3282 662 3343 ecclesiae
683 3281 883 3359 profuturum.
923 3281 981 3341 Sed
998 3290 1027 3342 et
1040 3300 1127 3360 quam
1143 3283 1242 3360 arguis
1258 3284 1369 3362 legem,
1393 3304 1483 3365 quam
1513 3260 1527 3379 J

302 3381 333 3442 in
356 3383 574 3444 controversias
598 3391 736 3462 torques,
759 3380 879 3442 bonitas
901 3381 1060 3459 erogarit¹,
1083 3381 1242 3443 cousulens
1265 3384 1397 3460 homini,
1421 3404 1483 3467 qno
1523 3376 1527 3393 ¹

303 3481 358 3543 deo
381 3484 566 3558 adhaereret,
588 3502 627 3545 ne
649 3502 710 3543 non
733 3493 792 3544 tam
813 3482 889 3542 liber
910 3500 997 3560 quam
1013 3482 1144 3545 abiectus
1157 3483 1319 3554 rideretur,
1345 3504 1481 3566 aequau·
1510 3454 1527 3525 ,⁸¹

302 3583 358 3643 dns
380 3584 497 3643 famulis
520 3583 599 3656 suis,
628 3583 735 3644 ceteris
758 3580 949 3655 animalibus,
979 3583 1087 3644 solutis
1115 3584 1209 3645 adeo
1233 3593 1262 3646 et
1284 3605 1320 3646 ex
1341 3586 1480 3651 'fastidio
1510 3548 1527 3703 Γ

301 3730 491 3812 &fructificavit
514 3734 719 3808 Voticoncxunna.
763 3733 791 3812 4¹.
806 3734 847 3796 qui
865 3733 890 3783 l.
925 3734 955 3812 Ι5.
975 3734 1098 3784 hominem
1117 3736 1232 3787 om.lBG.
1286 3735 1310 3787 d.
1330 3738 1353 3787 in
1373 3712 1483 3793 animam
1507 3674 1527 3819 p!

300 3799 398 3928 pudsppbio
418 3816 459 3918 bion
483 3814 537 3849 eum
563 3814 667 3848 animum
685 3801 833 3861 Fclunasa,
860 3816 889 3849 er
912 3801 953 3851 lrb.
972 3803 1005 3851 fle
1022 3803 1113 3853 lissum.
1133 3804 1199 3854 Gom.
1224 3819 1290 3869 capp.
1308 3803 1325 3854 5
1343 3813 1364 3869 et
1383 3806 1408 3856 d.
1457 3806 1483 3860 ἵ.
1512 3868 1527 3919 ι

335 3992 393 4060 cap?
413 3999 448 4048 lv.
485 4014 506 4047 a.
525 3999 685 4064 dispungens]
708 4002 732 4050 ld
751 4008 862 4051 catera·
912 4017 925 4051 a
951 4002 996 4051 deo
1021 4002 1161 4066 paradisum
1185 4003 1304 4054 ecclesiae
1328 4007 1481 4073 significans,
1512 3966 1527 4024 ι

302 4067 395 4115 mittans
421 4075 444 4116 et
468 4067 583 4130 probans,
612 4077 635 4117 et
659 4071 689 4117 ita
715 4070 783 4133 quasi
802 4083 861 4117 con·
913 4071 1042 4119 ecclesiam
1060 4085 1115 4119 vero
1134 4072 1181 4118 iana
1201 4079 1258 4122 tunc
1276 4075 1351 4123 fuisse
1377 4077 1402 4125 iu
1431 4091 1482 4129 une
1511 4070 1527 4127 't'

301 4149 433 4182 summane.
470 4136 504 4183 ue
523 4135 615 4196 llonog.
635 4135 713 4199 eap.8
733 4137 780 4195 „Et
792 4136 863 4184 Chri·
914 4145 938 4186 et
956 4138 1041 4187 altero.
1060 4138 1164 4198 (Rigalt.)

300 4210 363 4250 atum
393 4202 489 4264 quidem
518 4204 583 4263 virgo
612 4205 679 4251 enirn
708 4212 767 4261 est,
785 4202 862 4251 semel
948 4221 968 4254 c.
987 4220 1069 4255 sexum
1090 4200 1188 4270 blaciae]
1207 4206 1299 4255 Etenim
1319 4206 1394 4257 liaris
1414 4210 1482 4274 virga
1512 4192 1525 4255 ‚⁸

302 4278 404 4331 nuptura
425 4277 480 4330 post
499 4278 602 4332 parturn,
622 4279 646 4318 nt
660 4279 759 4333 uterque
778 4271 862 4319 titulus
913 4274 1008 4336 peperit
1034 4272 1172 4331 Christum,
1208 4275 1332 4324 bominum
1364 4278 1482 4329 salutem.
1512 4276 1527 4329 .¹

300 4337 434 4384 sanctitatis
459 4338 481 4384 in
501 4337 589 4387 Christi
614 4352 686 4385 censu
712 4339 869 4400 stirpescere·
914 4341 981 4389 Unde
1006 4348 1029 4388 et
1047 4340 1149 4388 ecclesia
1167 4341 1242 4401 virgo.
1268 4357 1359 4405 sponsa
1378 4344 1482 4409 Christi,
1516 4338 1527 4375 ‘³

300 4402 367 4451 tau.“
391 4404 427 4452 tt.
446 4405 517 4453 etiam
537 4419 598 4466 quae
615 4405 734 4468 adscripsi
753 4404 863 4468 exempla
914 4408 977 4470 parit
994 4407 1153 4456 Christianos.
1172 4409 1280 4470 (Rigalt.)

300 4469 329 4518 sd
349 4471 448 4532 lpotog.
467 4487 520 4534 cap.
532 4471 572 4520 37.
949 4474 972 4522 d.
992 4473 1108 4537 erogavit]
1134 4476 1158 4523 ld
1178 4484 1214 4523 est
1240 4477 1324 4538 largita
1343 4485 1390 4528 est.
1430 4480 1482 4533 Sed
1512 4496 1527 4545 sp

335 4538 357 4585 b.
377 4538 508 4586 translatus
528 4540 551 4586 in
588 4535 722 4602 aradiaum]
740 4540 813 4588 libro
833 4541 862 4589 de
914 4555 967 4590 cnm
987 4543 1049 4604 apud
1069 4544 1243 4592 Tertullianum
1268 4561 1363 4608 cropore
1388 4547 1482 4612 ubique
1513 4572 1522 4609 ι

300 4555 862 4670 ΡαειιίιοηῑίιίοεΜΟἳύίιίιοουΙοείεωεεεο
913 4610 1031 4669 significet
1056 4625 1208 4666 consumere,
1241 4612 1392 4674 impendere,
1421 4631 1484 4678 par·
1512 4638 1527 4677 ι,

300 4674 391 4723 inuno
417 4681 440 4721 et
464 4674 547 4722 altero.
595 4675 638 4722 llic
657 4675 728 4734 igitur
746 4675 861 4724 ldamum
912 4677 969 4725 dere
989 4678 1101 4740 tcf.qune
1119 4679 1230 4727 adnotata
1242 4681 1336 4729 suntad
1350 4683 1482 4745 Scorpius.
1512 4704 1527 4745 p

300 4749 325 4789 at
343 4741 412 4789 Eram
431 4743 560 4790 translatos
579 4741 655 4789 luisse
673 4743 704 4791 sit
723 4744 745 4792 in
765 4743 861 4804 paradi·
913 4759 965 4806 cap.
977 4743 1020 4801 6.),
1040 4749 1128 4794 rectius
1148 4747 1205 4795 mibi
1219 4747 1270 4796 lr.l.
1288 4752 1378 4812 rogasit
1397 4752 1479 4802 eorrt-
1504 4776 1527 4807 ·ι

300 4821 363 4871 aum,
383 4809 411 4858 de
430 4810 519 4860 mundo
538 4811 563 4860 iu
581 4810 718 4872 ecclesiam,
738 4810 861 4861 addietum
913 4811 1017 4872 gendum
1035 4827 1090 4862 essa
1107 4813 1206 4863 videtur.
1510 4838 1527 4869 ι
