3242 5775
282 580 345 646 472
530 591 633 644 oumrr
651 589 788 636 ssrrssm
808 588 976 633 ruomurrs
997 587 1195 636 rsurunuam

284 746 399 809 stianus
420 742 471 823 qui
492 759 557 803 mm
579 739 699 819 negabit
721 757 808 819 quam
838 739 1017 801 confitentur
1037 736 1230 812 Christiani,
1250 745 1281 800 et
1301 737 1351 800 bis
1374 756 1472 819 argu·

283 844 393 923 mentis
415 842 535 922 negabit
561 841 670 921 quibus
700 839 822 902 ¹’utitur
850 857 912 901 non
939 839 1136 901 Christianus.
1185 838 1305 901 ”tuter
1319 839 1468 921 =denique

208 945 213 950 ’
282 944 439 1009 haereticis
463 944 483 975 ¹⁷
491 961 566 1022 quae
588 960 654 1003 cum
677 940 805 1002 ethnicis
828 940 966 1021 sapiunt,
990 947 1023 1001 ut
1043 940 1081 1002 de
1103 940 1260 1020 scripturis
1277 939 1353 1002 solis
1370 961 1467 1021 quae·

174 1103 184 1116 ,
283 1046 400 1107 stiones
429 1062 499 1106 suas
522 1043 670 1116 ¹⁸sistant,
704 1052 734 1103 et
761 1050 842 1105 stare
870 1061 931 1104 non
959 1049 1111 1121 poterunt
1171 1040 1352 1103 Communes
1384 1042 1467 1104 enim

283 1163 393 1208 sensus
422 1144 595 1225 simplicitas
622 1143 687 1222 ipsa
715 1133 904 1204 commenddt
931 1149 962 1203 et
989 1142 1161 1221 compassio
1189 1141 1406 1204 sententiarum
1436 1150 1468 1205 et

283 1245 466 1308 familiaritas
488 1244 680 1325 opinionum,
702 1262 799 1322 eoque
815 1243 991 1306 ¹’fideliores
1007 1243 1229 1316 existimantur,
1253 1242 1320 1322 quia
1338 1243 1418 1305 nuda
1434 1252 1466 1306 et

282 1356 384 1428 aperta
406 1356 436 1407 et
457 1344 596 1407 omnibus
618 1352 690 1405 nota
711 1344 867 1405 definiunt
917 1344 1003 1404 Ratio
1033 1351 1130 1405 autem
1160 1343 1257 1404 divina
1279 1345 1311 1405 in
1333 1345 1464 1408 medulla

282 1447 375 1520 ¹lest,
396 1464 458 1508 non
480 1446 512 1506 in
534 1444 709 1524 superficie,
732 1452 762 1505 et
783 1444 958 1523 plerumque
980 1445 1094 1506 aemula
1117 1444 1295 1508 manifestis.

164 1558 263 1615 captv.
366 1546 467 1626 ltaque
489 1545 630 1617 haeretici
652 1544 721 1608 inde
743 1544 843 1606 statim
857 1544 1020 1625 incipiunt,
1043 1553 1073 1614 et
1087 1546 1157 1607 inde
1171 1554 1381 1625 praestruunt,
1404 1546 1460 1608 de·

215 1629 220 1636 ’
281 1649 352 1711 hinc
373 1632 603 1720 ¹interstruunt,
625 1645 704 1707 unde
727 1645 825 1707 sciunt
845 1645 930 1707 lacile
953 1646 1017 1725 capi
1039 1654 1174 1719 mentes,
1198 1647 1235 1707 de
1250 1644 1462 1709 communione

281 1748 435 1812 favorabili
457 1765 611 1808 sensuum.
646 1746 690 1808 da
713 1746 792 1807 aliud
814 1745 900 1825 prius
922 1745 968 1807 vel
990 1744 1083 1824 magis
1106 1746 1209 1808 audias
1232 1745 1287 1808 'ab
1309 1746 1460 1809 haeretico

283 1868 370 1931 quam
391 1849 428 1910 ab
451 1846 596 1910 ethnico?
625 1855 656 1908 et
675 1846 749 1907 'nou
772 1845 911 1926 protinus
935 1855 965 1907 et
986 1865 1046 1907 non
1070 1845 1180 1926 ubique
1203 1846 1370 1909 convicium
1391 1866 1459 1909 car·

281 1951 346 2023 nis,
369 1949 400 2011 in
423 1948 587 2028 originem,
611 1946 641 2008 in
664 1948 834 2020 materiam,
858 1946 889 2008 in
911 1964 1029 2020 casum,
1052 1946 1083 2006 in
1106 1965 1227 2008 omnem
1249 1947 1361 2009 exitum
1383 1948 1460 2023 eius,

281 2051 451 2113 immundae
472 2068 488 2110 a
509 2047 675 2128 primordio
698 2066 734 2109 ou
755 2046 887 2109 faecibus
904 2053 1018 2121 terrae,
1041 2046 1249 2123 immundioris
1265 2049 1409 2130 deinceps
1425 2068 1462 2111 ex

282 2150 407 2212 seminis
430 2149 476 2211 sui
498 2148 587 2223 limo,
615 2148 754 2221 frivolae,
781 2147 933 2222 infirmae,
962 2146 1156 2220 criminosae,
1184 2147 1368 2222 ‘onerosam
1391 2169 1461 2212 mo·

279 2250 389 2324 lestae,
424 2258 454 2312 et
479 2256 551 2330 post
579 2257 674 2310 totum
700 2247 894 2327 ignobilitatis
923 2248 1069 2327 elogium·
1097 2248 1230 2310 caducae¹
1253 2249 1283 2309 in
1312 2251 1461 2331 originem

282 2358 391 2413 terram
413 2359 443 2412 et
464 2350 615 2412 cadaveris
636 2367 763 2423 nomen,
786 2354 817 2409 et
838 2348 876 2410 de
896 2349 955 2410 isto
978 2367 1097 2429 quoque
1119 2349 1241 2411 nomine
1255 2352 1408 2430 periturae
1429 2353 1461 2414 iu

280 2452 394 2513 nullum
416 2451 485 2513 inde
506 2451 563 2513 iam
587 2469 714 2522 nomen,
735 2449 767 2510 in
783 2450 882 2511 omnis
898 2450 973 2511 'iam
989 2450 1121 2511 vocabuli
1136 2451 1307 2513 mortemli
1336 2452 1461 2515 Hancne

173 2536 175 2539 Α
283 2570 354 2631 ergo
376 2552 439 2612 ‘vir
461 2552 581 2632 sapiens
604 2557 634 2612 et
654 2550 731 2612 visui
761 2560 791 2611 et
813 2550 961 2612 contactui
989 2560 1019 2611 et
1046 2551 1214 2613 recordatui
1244 2560 1295 2613 tuo
1325 2562 1461 2633 ereptam

234 2699 241 2708 .
280 2649 480 2731 'persuadere
502 2650 563 2725 vis,
597 2650 677 2729 quod
699 2669 734 2712 se
755 2660 910 2730 receptura
933 2650 1109 2730 quandoque
1138 2651 1230 2713 sitin
1251 2654 1401 2733 integrum
1424 2653 1460 2715 de

280 2760 440 2830 corrupto,
473 2750 505 2811 in
528 2750 657 2812 solidum
679 2751 715 2812 de
737 2769 842 2823 casso,
875 2751 907 2811 in
927 2750 1048 2829 plenum
1071 2752 1107 2814 de
1128 2753 1259 2827 inanito,
1296 2753 1328 2815 in
1350 2754 1461 2833 aliquid

282 2845 405 2914 omnino
428 2850 465 2912 de
486 2848 605 2923 nihilo·,
629 2861 659 2913 et
680 2851 782 2930 utique
803 2850 1046 2914 ‘redhibentibus
1068 2851 1153 2914 'eum
1177 2853 1296 2933 ignibus
1319 2861 1350 2918 et
1371 2856 1460 2920 undis

282 2958 312 3012 et
333 2949 433 3011 ¹⁰alvis
461 2950 590 3010 terarum
618 2958 648 3011 et
677 2951 798 3013 ¹¹rumis
822 2952 922 3013 alitum
946 2962 975 3014 et
996 2953 1121 3016 lactibus
1142 2953 1289 3035 piscium¹
1319 2964 1351 3017 et
1371 2957 1458 3036 ipso·

193 3108 195 3113 ,
281 3067 350 3112 rum
371 3047 568 3128 ¹'temporum
590 3051 713 3129 propria
734 3050 825 3132 gula?
866 3053 989 3116 Adeone
1017 3064 1115 3116 autem
1145 3056 1248 3118 eadem
1271 3056 1461 3137 sperabitur·

284 3234 324 3284 16.
342 3241 442 3284 utuntur
459 3247 509 3283 nou
527 3233 657 3283 Christiani
676 3236 728 3285 cod.
745 3238 778 3287 lc.
790 3238 919 3289 Clementis.
980 3239 1017 3289 16.
1037 3240 1111 3290 tuter
1127 3241 1267 3305 ddsrpsbcd.
1310 3243 1398 3293 dulsrs
1417 3243 1470 3294 96.

181 3308 190 3325 ’
284 3301 325 3352 11.
343 3316 405 3366 quaa
423 3310 478 3352 curn
497 3302 599 3351 ethnicis
617 3302 669 3352 bed.
704 3317 871 3370 quaecumque
889 3306 977 3366 ethuici
995 3308 1055 3357 ABG.
1068 3315 1115 3374 tres
1130 3309 1242 3360 l’uticusi.
1279 3309 1319 3360 te.
1338 3310 1460 3361 instruant

282 3371 396 3421 latinius.
450 3368 491 3418 19.
509 3368 633 3419 ddsliores
653 3369 715 3432 Caso.
767 3369 810 3419 29.
829 3381 866 3423 cst
882 3377 963 3424 oud„

349 3437 409 3500 Cap.
427 3437 464 3486 ll.
509 3437 533 3486 1.
552 3437 690 3498 ingstruunt
707 3437 733 3486 t.
774 3438 943 3490 inconstruunt
967 3441 991 3490 B.
1052 3441 1078 3492 2.
1096 3451 1144 3492 tarn
1163 3444 1192 3490 ab
1212 3444 1333 3495 haeretico
1353 3447 1387 3506 6.,
1408 3454 1460 3496 cess

280 3505 362 3555 ruam
381 3505 471 3554 Ursino.
525 3503 548 3554 ³.
568 3518 616 3554 nou
634 3504 747 3569 protinus
764 3507 843 3555 omi.
879 3506 966 3558 Habent
984 3510 1076 3573 reliqui,
1097 3517 1118 3559 el
1135 3516 1181 3559 tres
1191 3511 1303 3561 l'oticusi.
1353 3511 1461 3562 boue

280 3585 354 3621 rosae
371 3587 416 3622 oss.
427 3571 452 3620 ll.
511 3572 535 3621 6.
554 3571 663 3621 vocabuli
683 3571 729 3620 iarn
747 3573 773 3622 t.
826 3571 850 3621 6.
869 3573 904 3621 rir
920 3576 1023 3626 armoe.
1064 3577 1099 3626 vis
1124 3578 1148 3626 d.
1201 3578 1225 3627 i.
1250 3579 1406 3647 persuadere,
1425 3579 1460 3629 ria

281 3639 347 3703 quod
364 3655 395 3699 s,
416 3640 444 3688 de
461 3640 529 3688 libris
548 3639 666 3702 Gougseii
702 3639 860 3702 persuadere,
883 3640 948 3703 quod
965 3644 1058 3706 reliqui.
1110 3643 1134 3693 8.
1153 3644 1319 3696 rebibentibus
1336 3646 1364 3696 B·
1398 3647 1461 3698 rsti-

281 3705 393 3756 bsutibus
411 3710 436 3756 t.
472 3705 638 3755 rebibeutibus
658 3705 682 3755 6.
733 3705 756 3756 9.
776 3720 805 3756 ea
824 3707 969 3769 imaginibus
985 3710 1047 3759 196.
1102 3710 1141 3761 10.
1160 3711 1222 3762 alius
1238 3713 1301 3762 ABG.
1348 3714 1388 3764 11.
1406 3714 1461 3766 rai·

281 3773 320 3822 nis
336 3774 398 3824 tsc.
452 3771 492 3821 12.
511 3780 648 3836 temporum
667 3772 784 3823 oaldi).
819 3773 914 3824 Addidit
928 3777 1029 3839 primm
1046 3779 1075 3827 dc
1093 3781 1143 3829 saia
1161 3781 1228 3831 codd
1248 3780 1388 3844 Gorgades.

314 3903 373 3968 Gap.
393 3903 429 3954 ll.
458 3918 479 3953 a.
499 3904 654 3965 ignobilitatis
665 3901 784 3973 elogium]
803 3906 842 3958 61.
894 3907 992 3958 curcul.
1003 3909 1033 3970 ll,
1046 3909 1127 3967 hid:
1146 3911 1198 3973 „lta
1217 3913 1264 3964 cibi
1282 3914 1405 3965 vacivitats
1420 3930 1462 3967 vs·

281 3970 372 4021 aduutt
391 3971 420 4020 ad
439 3971 474 4019 lle
492 3971 587 4021 Corona
606 3987 659 4036 cap.
669 3972 693 4022 6.
873 3975 935 4026 ,uio
962 3975 1022 4025 laris
1048 3978 1177 4029 lactibus.“
1221 3980 1302 4032 Gloss.
1333 3981 1462 4034 Philoxeni

314 4038 338 4087 b.
364 4039 387 4087 in
414 4039 494 4088 omnis
511 4040 558 4088 iarn
577 4037 685 4090 vocabuli
703 4037 831 4093 mortem?
894 4057 949 4106 pag.
965 4041 1020 4093 129.
1044 4044 1125 4095 Vulc:
1153 4047 1269 4121 „lactem
1297 4043 1375 4111 hodsi
1400 4048 1462 4098 niv

280 4103 373 4154 llteuim
398 4105 487 4154 mortui
512 4106 625 4156 desinunt
648 4123 704 4157 esse
728 4108 825 4173 quiequi
894 4103 1068 4176 σπλάγχνων,
1095 4107 1178 4160 kare
1201 4105 1298 4180 ἔντερα
1317 4114 1380 4163 ’πᾶν
1401 4108 1461 4184 tpt-

281 4170 338 4220 dum
364 4172 468 4222 viverent
490 4173 637 4224 vocabantur
664 4183 687 4225 et
711 4175 758 4225 iam
785 4183 843 4226 sunt
894 4183 993 4242 φων.“
1038 4180 1117 4228 Gloss.
1143 4179 1224 4242 Cprilli
1254 4181 1351 4245 putu.
1376 4183 1460 4237 Vtile:

280 4237 349 4288 nulli.
384 4239 445 4288 Pliu.
464 4241 492 4290 ll.
511 4241 538 4290 Ν.
558 4241 578 4291 ll
597 4237 734 4308 [cap.63.],
752 4243 793 4294 ubi
812 4244 842 4293 de
893 4238 1003 4308 „Aedui
1019 4244 1077 4293 τῶν
1092 4240 1220 4312 ἐντέρων,
1240 4248 1376 4300 haeloctes.
1400 4251 1461 4303 stn-

279 4313 363 4355 uatura
383 4314 468 4357 terrae.
487 4308 594 4370 (Rigalt.)
893 4312 976 4374 gulare
995 4328 1043 4364 non
1062 4315 1160 4363 habet.“
1206 4315 1331 4365 Onomast.
1350 4318 1460 4369 Grasce·

313 4386 334 4421 c.
353 4372 377 4422 in
396 4373 487 4438 aliquid
511 4377 610 4425 omnino
634 4377 665 4426 de
689 4372 778 4442 nihilo]
805 4376 843 4430 Cl.
893 4379 943 4429 lat
962 4380 1001 4430 ed.
1019 4380 1085 4430 lule.
1104 4396 1128 4444 p.
1137 4380 1185 4432 ’19ι
1202 4384 1313 4444 „l.octes,
1330 4379 1460 4449 pacaret-

279 4439 379 4501 Gregor.
390 4441 457 4504 dyss.
472 4442 505 4491 bc
518 4443 582 4507 Opil.
594 4443 662 4493 Hom.
673 4460 744 4508 capp.
751 4443 792 4495 21.
800 4444 842 4495 28.
893 4452 990 4511 psor.“
1034 4448 1143 4499 Glossar.
1161 4449 1212 4498 Lat.
1236 4449 1268 4499 ab
1286 4452 1377 4512 tugelo
1395 4452 1459 4503 idaia

311 4507 336 4556 d.
354 4507 457 4557 lactibus
475 4505 591 4574 piscium]
610 4511 670 4561 Plio.
683 4512 748 4562 llll.
761 4512 840 4573 hl,3'l
892 4514 949 4564 adit.
967 4516 992 4564 iu
1009 4518 1086 4566 ductt
1105 4515 1184 4566 Class.
1203 4517 1330 4579 tumllll,
1357 4518 1460 4582 pm:

278 4573 330 4634 „lb
349 4575 395 4624 hoc
412 4576 544 4626 ventriculo
563 4579 634 4628 lactes
659 4580 682 4629 in
701 4580 798 4630 homins
817 4586 841 4630 st
890 4583 1001 4643 „baden
1031 4597 1087 4646 pars
1112 4584 1291 4647 intestinorum,
1318 4587 1383 4636 unda
1411 4587 1462 4639 hoc

277 4655 329 4701 ove,
348 4657 392 4705 per
409 4657 470 4706 quas
488 4644 578 4693 labitur
603 4645 680 4705 cibus,
704 4647 727 4696 in
752 4649 840 4698 ceteris
891 4649 1060 4710 ooagulatur.·‘

276 4707 366 4770 billae;
391 4725 403 4759 s
422 4711 509 4773 quibus
533 4714 659 4775 capaciora
678 4714 790 4764 intestina
809 4715 839 4765 ad
924 4731 946 4765 a.
965 4716 1048 4765 eadem
1068 4715 1217 4782 sperabitur]
1236 4719 1273 4769 et.
1289 4720 1351 4771 inira
1371 4721 1461 4786 saph.

224 4796 226 4801 ·
278 4775 374 4839 alvum“
393 4785 448 4827 cett.
484 4779 599 4829 Priscian.
618 4780 655 4841 vt,
666 4780 725 4832 666.
760 4783 838 4848 l’laut.
891 4792 915 4832 et
933 4783 1035 4847 cupid.
