3242 5775
457 656 464 662 '
549 669 587 709 oe
609 669 706 710 anina.
1152 658 1214 718 557

202 814 450 875 immortalitatem
478 817 605 877 vindicat
633 818 747 877 animae
776 819 945 878 necessaria
974 820 1216 897 praesumptione

197 933 228 973 ae
251 916 481 975 frustrationem.
531 917 612 977 Adeo
637 919 733 978 omnis
756 918 802 977 illa
828 927 896 979 tune
917 918 1061 996 sapientia
1084 919 1216 980 Socratis

197 1014 248 1072 tria
272 1026 392 1076 venerat
414 1018 565 1078 consultae
586 1018 839 1096 aequanimitatis,
863 1037 923 1077 non
945 1018 981 1079 de
1004 1018 1109 1079 ndocia
1132 1038 1215 1080 com-

197 1114 313 1174 eritatis
365 1117 418 1175 Cui
447 1118 525 1177 enim
549 1119 656 1178 veritas
686 1127 836 1197 comperta
866 1119 931 1179 sine
953 1117 1034 1179 deo?
1066 1120 1111 1179 cui
1142 1120 1216 1180 deus

206 1214 272 1273 sine
294 1215 436 1277 Christo?
459 1220 503 1278 cui
527 1219 662 1279 Christus
686 1220 854 1296 exploratus
878 1219 943 1279 siue
966 1219 1071 1298 spiritu
1088 1218 1216 1281 sancto?

198 1326 243 1374 tus
273 1327 393 1376 sanctus
423 1320 660 1379 accommodatos
694 1320 758 1379 sine
789 1320 863 1411 ndei,
884 1317 1095 1379 sacramento?
1138 1323 1216 1381 Sane

207 1416 339 1476 laciliusl
361 1418 479 1479 diverso
502 1420 607 1497 spiritu
630 1420 780 1496 agebatur.
815 1419 965 1497 Siquidem
989 1420 1070 1480 aiunt
1092 1420 1214 1480 daemo-

214 1536 228 1575 a
251 1535 344 1594 puero
367 1519 563 1589 adhaesisset,
595 1522 759 1598 pessimum
788 1538 890 1579 revera
912 1519 1129 1598 paedagogum,
1158 1520 1214 1581 etsi

198 1636 211 1675 s
234 1626 351 1677 etcum
375 1619 439 1678 deis
463 1620 616 1681 daemonia
640 1620 818 1699 deputantur
841 1638 932 1698 potus
948 1626 1053 1698 poetas
1071 1630 1101 1680 et
1115 1621 1214 1699 philo·

212 1717 348 1778 Nondum
373 1720 450 1779 enim
474 1722 656 1781 Christianae
679 1721 833 1799 potestatis
857 1721 1031 1780 documenta
1053 1738 1214 1799 processe-

198 1838 218 1876 o
240 1819 298 1877 vim
321 1819 407 1879 istam
424 1821 707 1898 perniciosissimam
729 1838 927 1898 necunquam
944 1820 1062 1892 bonam,
1087 1819 1215 1899 ¹²atquin

197 1919 279 1977 roris
302 1922 474 1991 artificem&
499 1922 594 1981 omnis
618 1922 750 1981 veritatis
773 1921 965 1981 avocatricem
987 1921 1049 1981 sola
1066 1920 1213 1982 traducit¹.

197 2018 301 2078 idcirco
334 2021 573 2098 sapientissimus
604 2023 742 2082 Socrates
775 2022 937 2081 secundnm
970 2022 1065 2099 Pythii
1098 2040 1215 2101 qtroque

223 2121 410 2197 suffragium,
435 2123 545 2182 scilicet
569 2124 719 2200 negotium
744 2123 876 2182 navantis
899 2122 981 2182 socio
1004 2141 1075 2194 suo,
1104 2133 1214 2201 quanto

197 2228 280 2296 atque
310 2222 523 2282 ¹⁴constantior
554 2224 735 2283 Christianae
764 2222 926 2301 sapientiae
955 2222 1102 2295 adsertio,
1130 2223 1213 2284 cuius

198 2328 244 2379 ota
267 2321 310 2380 vis
332 2322 509 2382 daemonum
534 2322 633 2384 cedit?
678 2324 756 2383 llaec
778 2322 921 2400 sapientia
951 2322 987 2382 de
1011 2322 1113 2383 schola
1142 2322 1212 2382 caeli

198 2421 256 2479 lem
281 2422 388 2481 saeculi
410 2440 519 2499 negare
542 2423 678 2493 liberior,
702 2440 776 2501 quae
798 2422 910 2483 nullum
926 2422 1100 2501 Aesculapio
1123 2422 1214 2500 “gal-

209 2520 292 2578 reddi
317 2521 420 2581 iubens
442 2524 694 2600 praevaricator-¹,
721 2541 775 2583 nec
797 2541 871 2583 nova
893 2522 1024 2583 inlerens
1048 2522 1212 2596 daemonia,

198 2636 222 2678 *a
250 2619 416 2696 depellens,
450 2640 505 2681 nec
532 2623 759 2681 adulescentiam
789 2622 915 2695 vitians,
944 2623 997 2684 sed
1029 2623 1110 2682 omni
1131 2622 1213 2683 bono

197 2720 375 2791 informans,
410 2720 536 2798 ideoque
559 2739 617 2781 non
642 2723 730 2782 unius
760 2721 860 2792 urbis,
895 2721 946 2781 sed
976 2722 1104 2783 universi
1133 2723 1214 2808 orbis

197 2820 372 2879 sententiam
396 2822 547 2882 sustinens
569 2840 623 2901 pro
647 2823 765 2882 nomine
788 2822 936 2895 veritatis,
970 2829 1052 2883 tanto
1076 2822 1216 2884 ¹⁶scilicet

197 2942 208 2981 s
231 2931 340 2998 quanto
363 2922 523 2999 plenioris,
557 2933 589 2983 ut
612 2933 641 2984 et
662 2934 788 2984 mortem
811 2941 872 2982 non
896 2924 932 2983 de
954 2924 1060 3002 poculo
1082 2941 1137 3003 per
1158 2926 1213 2985 ha·

197 3022 349 3082 :nuditatis
372 3021 544 3098 absorbeat,
574 3025 626 3083 sed
651 3025 687 3084 de
709 3022 840 3104 patibulo
870 3032 900 3083 et
922 3024 1133 3085 vivicomburio
1160 3042 1215 3104 per

197 3122 303 3197 genium
320 3123 500 3183 crudelitatis
518 3124 685 3197 exhauriat,
710 3124 821 3184 interea
846 3124 874 3182 in
899 3123 983 3183 ¹⁷*isto
1007 3125 1215 3187 tenebrosiore

201 3308 305 3355 alitatem
325 3309 425 3356 vindicat
444 3310 536 3356 animae
555 3313 601 3368 aba,
629 3312 656 3357 de
675 3310 786 3357 emendat.
808 3309 902 3356 latinii.
943 3308 1113 3356 immortaltetn
1138 3309 1214 3357 vindi·

200 3389 221 3423 m
241 3376 264 3422 B.
308 3377 510 3424 immortalitatem
530 3377 650 3424 vindicans
669 3378 762 3422 animae
782 3375 805 3422 t'.
867 3373 905 3421 13.
926 3375 1006 3436 atquin
1026 3376 1105 3422 omnis
1123 3375 1213 3422 erroris

213 3442 486 3492 bominiserrorisBC.
523 3444 612 3506 antiqui
633 3443 722 3489 erroris
743 3444 792 3499 oh,
816 3441 844 3487 de
862 3442 955 3489 conieci.
967 3441 1059 3488 latinii.
1098 3440 1135 3489 14.
1155 3454 1213 3488 con-

198 3509 320 3557 tristionae
346 3511 478 3571 sapientiae
503 3513 532 3569 h,
562 3513 589 3558 dc
613 3510 723 3557 mandat.
742 3509 820 3556 Fulvii
840 3508 925 3555 Ursini.
969 3508 1118 3555 constantiae
1142 3506 1213 3555 Chri·

197 3591 224 3622 ne
243 3577 373 3637 sapientiae
392 3579 483 3640 reliqui.
527 3578 564 3625 15.
584 3577 710 3638 gallienum
730 3575 755 3623 B.
806 3572 845 3621 16.
864 3574 957 3621 scilicet
974 3581 998 3621 at
1016 3574 1039 3621 B.
1095 3573 1132 3621 l'l.
1151 3577 1212 3622 istos

198 3657 224 3690 es
243 3658 352 3691 carceres
370 3644 395 3692 B.
908 3649 917 3659 ⁸

208 3777 291 3824 Latinii
303 3778 405 3839 palmae.
425 3779 489 3834 Orias
502 3781 601 3827 inoisco-

197 3845 427 3906 eptimiusdiscimns
440 3859 466 3891 ox
477 3845 600 3893 Glossario

201 3911 276 3958 ‚bloio
295 3921 351 3959 tom.
364 3911 413 3959 lllll
432 3912 511 3959 Closs.
526 3917 601 3959 buctt.

197 4003 219 4011 -
237 3978 264 4025 Et
281 3980 433 4040 componitur
450 3982 545 4038 invisco,
566 3994 601 4037 as,

197 4046 272 4093 iscnm
302 4046 390 4108 aliquid
417 4061 519 4107 capere,
547 4047 601 4093 inde

197 4113 348 4162 inviscatio.“
384 4114 512 4160 inviscatne
531 4114 602 4171 igitar

202 4188 226 4226 nt
245 4181 338 4240 palmae
356 4181 448 4238 technis
470 4190 492 4228 et
511 4181 603 4227 dolosis

197 4254 275 4306 artae,
313 4256 336 4295 ut
363 4250 426 4295 visco
455 4256 552 4295 utuntur
579 4249 601 4295 in

197 4399 226 4468 ts]
252 4406 321 4453 liccte
346 4413 466 4454 verterunt
488 4401 599 4468 μᾶλλον.

221 4474 348 4521 habuimus
367 4488 439 4534 supra
458 4474 513 4520 adv.
533 4474 604 4522 llarc.

197 4555 208 4587 a
227 4540 301 4588 leion.
322 4541 425 4603 cap.10.

199 4632 263 4679 nium
283 4632 317 4679 illi
337 4648 348 4679 a
363 4647 439 4694 puero
452 4627 604 4694 adhaesisse]

197 4700 332 4814 ncap'n'
357 4709 379 4748 et
405 4701 450 4748 boe
468 4702 520 4762 ipso
541 4699 602 4747 libro

197 4868 200 4899 t
221 4852 298 4899 omnis
318 4852 407 4899 erroris
422 4846 549 4913 artificem]
568 4849 602 4898 lta

653 3775 751 3822 omnino
782 3773 841 3823 baec
867 3773 937 3820 verba
965 3773 1112 3821 emendanda
1137 3779 1213 3821 erant.

654 3842 689 3889 ct.
709 3843 769 3889 inira
789 3857 841 3904 cap.
854 3840 884 3889 51
905 3840 944 3888 ubi
964 3842 1074 3904 spiritum
1094 3839 1213 3902 neqtritiae

654 3911 708 3957 item
728 3908 835 3971 appellat
853 3909 1034 3966 „multiformen
1052 3908 1115 3956 luem
1127 3906 1214 3955 meritis

654 3979 780 4035 humanae,
799 3977 870 4024 totins
888 3977 974 4023 erroris
991 3977 1107 4037 artificem,
1128 3973 1213 4022 salutis

654 4046 743 4106 pariter
761 4044 903 4103 animaeque
921 4044 1091 4089 vastatorem.”
1136 4041 1213 4088 Parti·

654 4111 730 4159 colam
750 4112 830 4173 atquin
849 4108 996 4156 Tertulliano
1022 4109 1071 4156 lere
1096 4122 1150 4156 essa
1169 4121 1213 4169 pro

653 4180 729 4237 immo,
750 4177 784 4224 tel
804 4181 836 4234 ot,
863 4188 936 4238 saepo
962 4174 1006 4223 iam
1032 4174 1213 4223 inculcavimus.

655 4246 690 4293 ct.
711 4245 799 4292 adnott.
819 4243 848 4290 od
867 4241 900 4289 lla
919 4240 981 4301 Fuga
1001 4239 1088 4303 capti.

689 4312 704 4360 t.
724 4304 846 4373 traducit]
865 4308 890 4356 ld
909 4317 946 4356 est
964 4310 1090 4367 convincit,
1108 4308 1214 4367 revincit,

654 4380 750 4426 reiotat.
778 4376 812 4426 Cl.
834 4376 924 4424 adnott.
943 4375 972 4423 ad
988 4375 1020 4422 lte
1039 4376 1102 4436 Fuga
1122 4375 1213 4424 inPer-

655 4454 730 4494 secut.
751 4457 803 4506 cap.
815 4441 838 4490 2.

691 4527 721 4560 m.
741 4505 930 4574 praevaricetur]
960 4508 1072 4557 Socrates
1097 4507 1155 4557 deos
1174 4507 1214 4571 qui

655 4580 724 4639 vulgo
743 4577 884 4626 colebantur
903 4590 949 4624 non
969 4589 1023 4624 esse
1041 4576 1165 4632 docuerat,
1192 4581 1215 4622 et

656 4655 733 4695 tamen
760 4645 866 4693 moriens
888 4644 1047 4704 gallinaceum
1073 4657 1099 4691 se
1126 4642 1214 4690 debera

653 4712 795 4774 Aesculapio
815 4711 878 4759 dixit.
923 4712 1002 4768 Quare
1026 4709 1213 4773 praevaricatam

655 4796 708 4829 esse
728 4779 759 4827 ait
770 4779 900 4842 Septimius
919 4778 958 4840 qiri
978 4779 1141 4828 dedoctrinae
1156 4785 1215 4823 suaa

655 4858 738 4921 tenore
756 4847 848 4896 excidit.
867 4845 973 4908 (Rigalt.)
