3242 5775
516 621 555 664 ua
576 620 822 664 ussuunscutouu
844 621 956 664 ususts.
1259 606 1325 673 473

150 791 226 852 quae
253 770 420 844 intercidit,
454 769 513 832 ¹³ut
541 771 662 832 claudus
691 779 721 832 et
748 770 849 832 luscus
878 770 935 831 ¹⁴et
957 787 1062 832 caecus
1085 756 1116 832 el
1135 754 1274 850 leprosus
1297 780 1327 833 et

149 872 328 953 paralyticus
352 871 579 943 ¹⁸revertautur,
614 883 647 932 ut
674 871 791 933 redisse
820 890 879 933 non
902 870 991 948 libeat
1012 872 1047 932 ad
1060 870 1255 951 pristinum?
1287 890 1326 933 au
1382 922 1389 931 .
1436 937 1439 944 ,
1498 859 1507 868 ’

151 974 274 1054 integri,
303 983 336 1033 ut
358 974 464 1034 iterum
489 973 556 1034 talia
578 973 639 1053 pati
662 970 806 1034 timeant?
855 972 933 1045 Quid
957 981 1017 1033 tum
1040 972 1077 1033 de
1103 972 1326 1053 consequentiis

152 1072 286 1138 urnisft
323 1075 479 1136 Rursusne
501 1073 600 1135 omuia
622 1073 790 1135 necessaria
814 1072 872 1147 illi,
895 1081 926 1134 et
946 1073 1083 1153 inprimis
1105 1072 1214 1152 pabule
1238 1081 1327 1153 atque

139 1175 302 1255 potacula,
316 1216 320 1222 -
336 1185 366 1236 et
386 1174 578 1255 pulmonibus
606 1174 795 1246 natandums,
829 1182 860 1235 et
887 1174 1038 1235 intestinis
1061 1174 1275 1249 aestuandum,
1297 1181 1328 1236 et

154 1276 296 1354 pudendis
319 1294 380 1337 nou
396 1276 583 1355 pudendum,
607 1285 637 1336 et
652 1275 790 1336 omnibus
807 1274 948 1336 membris
963 1273 1182 1336 laborandum?
1209 1275 1326 1338 Rursus
1395 1353 1400 1364 .

156 1379 246 1441 ulcera
270 1386 301 1439 et
322 1376 441 1439 vulnera
466 1386 496 1439 et
516 1376 609 1439 lebu's
634 1377 691 1437 ¹⁸ct
711 1376 842 1456 podagra
864 1385 895 1437 et
915 1394 998 1437 mors
1023 1375 1237 1456 ”reoptandai
1270 1375 1325 1438 Ni-

154 1480 256 1539 mirum
281 1477 355 1539 baec
377 1486 465 1548 erunt
485 1486 551 1538 vota
574 1477 672 1567 carrus
695 1477 931 1556 recuperandae,
965 1476 1070 1539 iterum
1101 1496 1210 1557 cupere
1232 1478 1270 1539 de
1292 1496 1326 1539 cu

154 1580 285 1641 euadere.
318 1578 434 1640 lituos
457 1580 574 1657 quidem
597 1580 671 1639 baec
692 1577 839 1657 aliquanto
862 1577 1018 1640 honestius
1040 1596 1096 1657 pro
1118 1579 1178 1640 stili
1199 1579 1325 1659 pudore.

152 1677 289 1742 Ceterum
313 1687 453 1757 quantum
477 1680 564 1740 etiam
589 1678 818 1759 ¹⁸spurciloquio
835 1677 919 1739 liceat
933 1678 1051 1740 illorum
1066 1678 1098 1740 in
1113 1678 1326 1759 congressibus

151 1777 333 1861 ¹‘experire,
356 1788 414 1841 tam
438 1780 732 1860 ethnicorumquam
755 1780 983 1841 baereticorum.
1025 1789 1029 1794 “

236 1880 330 1959 lqitur
352 1880 492 1959 quoniam
515 1889 545 1942 ct
566 1882 657 1942 rudes
680 1882 788 1961 quique
818 1881 854 1941 de
877 1878 1083 1942 communibus
1104 1879 1201 1941 adbuc
1217 1880 1324 1942 sensi·
1344 1887 1435 1945 cept.

143 1975 207 2044 bus
231 1981 370 2060 sapiunt,
398 1989 428 2042 et
450 1982 529 2043 dubii
554 1990 584 2042 et
606 1982 756 2061 simplices
784 2001 839 2061 per
860 1981 982 2042 eosdem
1005 1998 1114 2042 sensus
1138 1980 1253 2042 ¹(lcttuo
1275 1980 1324 2043 iu-

139 2081 336 2161 quietuntur,
369 2089 400 2142 et
421 2082 530 2161 ubique
551 2082 682 2162 'primus
710 2082 768 2143 iste
796 2082 827 2142 in
855 2101 912 2144 nos
940 2082 1017 2143 aries
1047 2071 1245 2161 ³temperatur
1265 2100 1325 2163 quo

138 2182 248 2243 munis
270 2180 408 2242 coutlioio
430 2182 619 2262 ‘quassatum
652 2182 823 2244 necessario
852 2192 882 2243 et
909 2201 925 2242 a
953 2182 1040 2243 nobis
1068 2182 1166 2244 carnis
1196 2183 1325 2263 primum

133 2283 287 2344 condicio
310 2282 476 2357 munietur,
498 2284 715 2363 vituperatione
736 2282 905 2344 laudatione
927 2282 1061 2362 depulsa.
1089 2283 1133 2344 lta
1147 2301 1206 2344 nos
1220 2283 1326 2345 rheto-

133 2383 238 2446 ricari
260 2401 381 2462 quoque
402 2393 566 2462 provocant
586 2383 741 2455 baeretici,
764 2384 842 2444 sicul
864 2382 969 2443 ⁵etiam
984 2383 1201 2463 philosophari.
1231 2383 1326 2445 Futile

133 2494 182 2545 et
203 2484 345 2546 lrirolum
367 2484 445 2545 istud
469 2485 695 2565 corpusculum,
719 2484 798 2562 quud
822 2482 929 2544 malum
952 2483 1080 2562 denique
1103 2483 1250 2564 appellare
1264 2502 1326 2546 non

129 2578 294 2658 horrent,
318 2585 375 2646 etsi
397 2586 568 2664 angelorum
592 2585 699 2647 luisset
720 2584 873 2664 operatio,
902 2595 934 2645 ut
956 2585 1118 2646 Menandro
1140 2593 1170 2647 et
1191 2584 1326 2647 ‘blecca'
1432 2627 1435 2631 -

129 2687 262 2762 placet,
273 2744 275 2747 .
286 2685 345 2746 etsi
367 2685 445 2764 ignei
468 2686 592 2748 alicuius
609 2686 771 2747 exstructio
786 2703 880 2763 aeque
895 2686 1008 2764 angeli,
1031 2696 1064 2747 ut
1075 2686 1192 2765 Apelles
1208 2683 1341 2761 docct⁸,'

134 2788 306 2874 sufficeret
327 2786 363 2846 ad
386 2786 588 2848 auctoritatem
612 2786 708 2847 carnis
730 2785 914 2847 'secundae‘
937 2786 1098 2849 divinitatis
1118 2786 1327 2867 patrocinium.
1396 2839 1401 2844 .

132 2889 280 2969 Angelos
302 2896 374 2968 post
396 2888 483 2948 deum
507 2888 651 2949 novimus.
689 2889 749 2949 lam
771 2906 851 2948 nunc
871 2886 1024 2967 ⁸quisquis
1039 2889 1087 2951 ille
1102 2907 1237 2950 summus
1253 2889 1326 2951 deus

133 2981 291 3051 haeretici
322 2988 464 3066 cuiusque
494 2997 556 3061 est,
590 3006 650 3048 non
679 2988 827 3064 immerito
855 2988 891 3049 ab
923 2989 989 3068 ips'o
1012 3008 1131 3069 quoque
1152 2989 1329 3052 deducerem

139 3092 252 3152 urnis
275 3089 464 3168 dignitatem,
488 3109 503 3150 a
526 3108 585 3168 quo
608 3090 744 3150 voluutas
767 3089 976 3167 producendae
992 3090 1020 3150 ei
1035 3090 1189 3152 adfuisset.
1220 3090 1329 3170 Utique

142 3192 233 3252 enim
256 3190 461 3270 prohibuisset
483 3189 548 3250 lieri
570 3208 657 3268 quam
680 3190 744 3251 fleri
768 3190 891 3262 scisset,
915 3189 942 3249 si
965 3189 1028 3250 lieri
1050 3190 1208 3252 noluisset.
1240 3190 1285 3252 lta
1300 3199 1331 3253 et

148 3292 320 3354 secundum
343 3291 412 3351 illos
435 3310 528 3370 aeque
551 3310 620 3351 caro
643 3290 690 3351 dei
712 3308 771 3350 res.
804 3288 901 3349 'Nihil
924 3289 1025 3368 operis
1048 3307 1108 3350 uon
1125 3289 1197 3350 'eius
1217 3290 1329 3368 estqui
1377 3323 1385 3331 ·

155 3478 197 3527 ta.
215 3486 238 3527 et
256 3477 337 3536 (illie.
393 3476 431 3525 14.
450 3483 473 3524 et
491 3477 622 3526 cnidda.
678 3475 715 3524 ts.
734 3481 884 3524 reuertentur
901 3474 926 3523 l.
981 3473 1020 3523 tu.
1040 3474 1063 3523 'ut
1081 3473 1188 3536 podagra
1206 3487 1251 3522 om.
1266 3469 1329 3523 ABG.

153 3547 250 3595 Addidit
275 3547 375 3608 primum
398 3547 426 3592 de
449 3547 499 3593 suis
522 3540 589 3594 libris
609 3545 746 3605 Goupueius.
807 3541 847 3589 l'l.
871 3541 1004 3604 reoptuudu
1032 3541 1057 3590 B.
1075 3541 1252 3590 trec-Voticoui.
1288 3553 1330 3588 ru-

156 3615 243 3674 ptuudu
261 3615 288 3663 Δ.
324 3612 472 3675 redoptanda
491 3613 583 3675 reliqui.
630 3610 668 3660 ts.
688 3609 854 3673 spurciloquio
873 3608 1010 3659 liceutlldc.
1030 3609 1198 3658 treetuttcan‘.
1233 3605 1331 3668 spurci·

156 3679 263 3744 loquium
283 3680 354 3727 liceat
372 3696 394 3729 u
429 3680 586 3741 spurciloquii
607 3678 677 3728 liceat
693 3679 733 3729 Ab.
779 3676 938 3740 spurciloquii
958 3675 1014 3725 licut
1031 3676 1063 3736 d,
1083 3691 1134 3725 com
1151 3675 1232 3725 Fuluio
1246 3674 1329 3723 Ursino

160 3749 264 3812 etGuap.
283 3748 402 3810 Scioppio.
456 3745 493 3794 tu.
513 3746 622 3809 experire
640 3762 689 3808 eqo.
725 3745 828 3809 experiri
846 3744 902 3792 libri
919 3759 1005 3793 omnes.

224 3816 284 3878 Cap.
303 3814 328 3863 l.
373 3812 396 3864 l.
415 3813 577 3876 inquietantur
596 3814 674 3862 denuo
694 3814 718 3862 t.
771 3810 795 3860 2.
815 3811 994 3874 primuslbctl.
1031 3811 1054 3859 iu
1073 3808 1158 3874 primis
1175 3809 1269 3872 reliqui.
1305 3805 1331 3859 3.

161 3891 311 3944 comperitur
328 3881 368 3944 qui
386 3882 411 3929 t.
464 3881 488 3929 4.
507 3889 634 3943 quassetur
652 3884 676 3929 Α.
735 3880 759 3928 5.
778 3879 951 3942 uituperatione
974 3877 1112 3927 laudatione
1135 3875 1236 3940 depulsa
1254 3874 1333 3927 Ades.

162 3955 203 3998 tm
223 3951 333 3999 Vaticani.
368 3949 567 4012 vituperationem
587 3947 723 3996 laudatione
741 3946 851 4010 depellas
870 3947 920 3996 bed.
968 3945 990 3995 5.
1010 3946 1082 3995 etiam
1101 3944 1180 3994 oua.
1222 3941 1246 3992 6.
1265 3956 1331 3992 mur·

161 4016 236 4066 aiod.
272 4016 387 4066 llaucioui
406 4019 451 4066 duo
464 4017 572 4065 Vaticani.
626 4015 649 4063 l.
668 4015 750 4063 sedem
770 4013 795 4062 B.
830 4013 962 4062 secuudum
980 4012 1024 4063 tc.
1084 4010 1108 4062 8.
1126 4011 1230 4075 quisque
1248 4009 1289 4063 itte
1308 4017 1333 4060 et

161 4097 266 4133 summus
284 4088 309 4133 t.
353 4083 378 4132 9.
398 4084 454 4132 nibil
475 4098 522 4131 non
542 4090 587 4141 est,
606 4084 657 4131 eius
676 4087 745 4131 esti.
781 4081 844 4130 Nibil
864 4082 946 4151 operis
966 4095 1013 4129 nou
1032 4078 1236 4140 acutiuscula
1272 4075 1331 4129 uiuit

162 4151 239 4215 operis
256 4165 305 4200 uon
324 4158 361 4200 est
377 4150 402 4199 B·
438 4151 500 4200 Nilul
521 4151 602 4212 operis
621 4165 669 4199 nou
688 4157 725 4198 est
742 4150 794 4197 eius
811 4166 834 4198 o.

191 4286 208 4333 l.
226 4284 256 4333 tle
274 4285 454 4347 consequentiis
481 4279 573 4348 carnis]
601 4283 637 4333 cl.
657 4282 719 4332 iulus
771 4281 943 4331 Tertullianus.
986 4278 1116 4328 lleuuutler
1140 4277 1199 4327 illud
1217 4276 1333 4328 babuitu

163 4351 264 4417 apuu.
284 4360 308 4400 et
326 4351 430 4414 euplii.
771 4350 879 4408 Simone,
898 4348 966 4396 cuius
984 4345 1118 4408 discipulus
1136 4346 1188 4395 luit.
1220 4345 1257 4396 ct.
1276 4344 1332 4395 ullu.

191 4435 213 4482 q.
233 4418 390 4482 pulmonibus
416 4414 557 4482 nolendum]
582 4416 720 4479 lletupburu
772 4417 862 4465 Omnes
881 4417 951 4465 llacr.
970 4428 1023 4477 cup.
1040 4413 1062 4462 l.

160 4487 189 4536 ³⁰
225 4486 363 4545 *immi*
399 4486 602 4549 q¹¹⁰¹¹¹¹dm⁰d⁰¹¹¹
631 4484 720 4563 ii'di'·
806 4517 829 4566 b.
854 4524 880 4564 ut
901 4514 999 4575 Apelles
1023 4509 1106 4576 docet]
1132 4513 1169 4564 Ci.
1197 4506 1234 4563 llu'
1254 4512 1334 4563 Carnu

160 4555 189 4604 tle
207 4554 230 4603 lu
249 4554 326 4603 cerda
346 4562 437 4613 censet,
461 4553 498 4602 vel
516 4553 546 4601 de
564 4552 677 4610 bruchus,
697 4549 721 4599 td
774 4583 831 4632 Chr·
855 4598 908 4645 cap.
925 4581 949 4631 8·
985 4581 1019 4630 Ι),
1042 4580 1205 4646 mmm,
1222 4579 1263 4630 23,
1299 4578 1333 4628 υ,

159 4621 304 4700 est-pinnis,
332 4621 590 4698 piscium-desumpta,
620 4630 722 4681 quorum
774 4650 883 4700 me·
903 4650 996 4698 mem
1016 4647 1117 4712 ΨΜ

159 4689 247 4740 stuutlcs
257 4696 295 4737 est
308 4697 388 4738 motus
398 4696 557 4752 rectprocatut
571 4686 722 4752 pulmonum.

192 4757 254 4820 Cep.
273 4756 297 4802 t.
343 4771 365 4805 a.
389 4764 415 4804 ut
442 4756 571 4804 Menandro
596 4762 619 4803 et
641 4753 722 4802 llarcu
807 4767 828 4800 c.
846 4747 980 4814 secundus]
1006 4748 1032 4800 ld
1050 4747 1271 4806 estsecuutlsriae,
1290 4758 1335 4795 uu·

158 4818 253 4890 placet]
271 4823 352 4874 Marco
370 4823 438 4872 solus
457 4823 528 4872 tradit
547 4823 592 4870 boc
607 4821 721 4886 placitum
772 4819 892 4882 uelorum.
