<?xml version="1.0" encoding="UTF-8"?>
<!DOCTYPE html PUBLIC "-//W3C//DTD XHTML 1.0 Transitional//EN"
    "http://www.w3.org/TR/xhtml1/DTD/xhtml1-transitional.dtd">
<html xmlns="http://www.w3.org/1999/xhtml" xml:lang="en" lang="en">
 <head>
  <title>
</title>
<meta http-equiv="Content-Type" content="text/html;charset=utf-8" />
  <meta name='ocr-system' content='tesseract 3.04.00' />
  <meta name='ocr-capabilities' content='ocr_page ocr_carea ocr_par ocr_line ocrx_word'/>
</head>
<body>
  <div class='ocr_page' id='page_1' title='image "./quaesupersuntom00oehlgoog_0535.png"; bbox 0 0 3242 5775; ppageno 0'>
   <div class='ocr_carea' id='block_1_1' title="bbox 313 616 1234 680">
    <p class='ocr_par' dir='ltr' id='par_1_1' title="bbox 313 616 1234 680">
     <span class='ocr_line' id='line_1_1' title="bbox 313 616 1234 680; baseline -0.021 0"><span class='ocrx_word' id='word_1_1' title='bbox 313 616 376 680; x_wconf 82' lang='lat'>520</span> <span class='ocrx_word' id='word_1_2' title='bbox 566 627 669 680; x_wconf 86' lang='lat' dir='ltr'>omurr</span> <span class='ocrx_word' id='word_1_3' title='bbox 691 625 824 670; x_wconf 77' lang='lat' dir='ltr'>sarritur</span> <span class='ocrx_word' id='word_1_4' title='bbox 845 621 1011 667; x_wconf 78' lang='lat' dir='ltr'>saonensis</span> <span class='ocrx_word' id='word_1_5' title='bbox 1035 619 1234 666; x_wconf 80' lang='lat' dir='ltr'>rsarunumrrr</span> 
     </span>
    </p>
   </div>
   <div class='ocr_carea' id='block_1_2' title="bbox 314 768 1468 1049">
    <p class='ocr_par' dir='ltr' id='par_1_2' title="bbox 314 768 1468 1049">
     <span class='ocr_line' id='line_1_2' title="bbox 314 768 1467 855; baseline -0.011 -13"><span class='ocrx_word' id='word_1_6' title='bbox 314 791 344 844; x_wconf 93' lang='lat' dir='ltr'>et</span> <span class='ocrx_word' id='word_1_7' title='bbox 364 779 424 841; x_wconf 79' lang='lat' dir='ltr'>¹⁰in</span> <span class='ocrx_word' id='word_1_8' title='bbox 445 796 518 839; x_wconf 87' lang='lat' dir='ltr'>voce</span> <span class='ocrx_word' id='word_1_9' title='bbox 540 774 708 855; x_wconf 77' lang='lat' dir='ltr'><strong>archangeli</strong></span> <span class='ocrx_word' id='word_1_10' title='bbox 729 782 759 836; x_wconf 92' lang='lat' dir='ltr'>et</span> <span class='ocrx_word' id='word_1_11' title='bbox 780 774 810 834; x_wconf 88' lang='lat' dir='ltr'>iu</span> <span class='ocrx_word' id='word_1_12' title='bbox 832 772 902 834; x_wconf 92' lang='lat' dir='ltr'>tuha</span> <span class='ocrx_word' id='word_1_13' title='bbox 922 770 970 834; x_wconf 88' lang='lat' dir='ltr'>dci</span> <span class='ocrx_word' id='word_1_14' title='bbox 986 769 1146 832; x_wconf 72' lang='lat' dir='ltr'>descendet</span> <span class='ocrx_word' id='word_1_15' title='bbox 1160 770 1197 832; x_wconf 90' lang='lat' dir='ltr'>ds</span> <span class='ocrx_word' id='word_1_16' title='bbox 1212 769 1314 841; x_wconf 82' lang='lat' dir='ltr'>cneio,</span> <span class='ocrx_word' id='word_1_17' title='bbox 1337 779 1368 832; x_wconf 89' lang='lat' dir='ltr'>et</span> <span class='ocrx_word' id='word_1_18' title='bbox 1380 768 1467 832; x_wconf 86' lang='lat' dir='ltr'>mortri</span> 
     </span>
     <span class='ocr_line' id='line_1_3' title="bbox 314 869 1468 954; baseline -0.01 -13"><span class='ocrx_word' id='word_1_19' title='bbox 314 882 344 941; x_wconf 95' lang='lat' dir='ltr'>iu</span> <span class='ocrx_word' id='word_1_20' title='bbox 368 879 486 940; x_wconf 88' lang='lat' dir='ltr'>Christo</span> <span class='ocrx_word' id='word_1_21' title='bbox 509 886 665 954; x_wconf 76' lang='lat' dir='ltr'>resurgent</span> <span class='ocrx_word' id='word_1_22' title='bbox 685 874 788 954; x_wconf 90' lang='lat' dir='ltr'>primi:</span> <span class='ocrx_word' id='word_1_23' title='bbox 812 874 920 935; x_wconf 90' lang='lat' dir='ltr'>dehinc</span> <span class='ocrx_word' id='word_1_24' title='bbox 941 889 997 932; x_wconf 91' lang='lat' dir='ltr'>uos</span> <span class='ocrx_word' id='word_1_25' title='bbox 1020 890 1086 933; x_wconf 86' lang='lat' dir='ltr'>cum</span> <span class='ocrx_word' id='word_1_26' title='bbox 1109 870 1184 950; x_wconf 87' lang='lat' dir='ltr'>ipsis</span> <span class='ocrx_word' id='word_1_27' title='bbox 1206 869 1327 931; x_wconf 76' lang='lat' dir='ltr'>”simul</span> <span class='ocrx_word' id='word_1_28' title='bbox 1342 870 1468 949; x_wconf 85' lang='lat' dir='ltr'>rspiemu</span> 
     </span>
     <span class='ocr_line' id='line_1_4' title="bbox 315 970 1467 1049; baseline -0.009 -8"><span class='ocrx_word' id='word_1_29' title='bbox 315 982 344 1043; x_wconf 91' lang='lat' dir='ltr'>in</span> <span class='ocrx_word' id='word_1_30' title='bbox 367 979 497 1040; x_wconf 90' lang='lat' dir='ltr'>nubibus</span> <span class='ocrx_word' id='word_1_31' title='bbox 519 977 634 1038; x_wconf 87' lang='lat' dir='ltr'>obviam</span> <span class='ocrx_word' id='word_1_32' title='bbox 661 976 811 1036; x_wconf 79' lang='lat' dir='ltr'>²¹domino</span> <span class='ocrx_word' id='word_1_33' title='bbox 841 974 870 1035; x_wconf 91' lang='lat' dir='ltr'>in</span> <span class='ocrx_word' id='word_1_34' title='bbox 898 979 983 1044; x_wconf 75' lang='lat' dir='ltr'>aera,</span> <span class='ocrx_word' id='word_1_35' title='bbox 1017 980 1045 1033; x_wconf 92' lang='lat' dir='ltr'>et</span> <span class='ocrx_word' id='word_1_36' title='bbox 1072 972 1113 1033; x_wconf 85' lang='lat' dir='ltr'>ita</span> <span class='ocrx_word' id='word_1_37' title='bbox 1135 989 1258 1049; x_wconf 79' lang='lat' dir='ltr'>semper</span> <span class='ocrx_word' id='word_1_38' title='bbox 1278 988 1346 1032; x_wconf 90' lang='lat' dir='ltr'>cum</span> <span class='ocrx_word' id='word_1_39' title='bbox 1369 970 1467 1032; x_wconf 88' lang='lat' dir='ltr'>domino</span> 
     </span>
    </p>
   </div>
   <div class='ocr_carea' id='block_1_3' title="bbox 165 1098 1471 3659">
    <p class='ocr_par' dir='ltr' id='par_1_3' title="bbox 165 1098 1471 3659">
     <span class='ocr_line' id='line_1_5' title="bbox 315 1098 437 1141; baseline -0.016 0"><span class='ocrx_word' id='word_1_40' title='bbox 315 1098 437 1141; x_wconf 83' lang='lat' dir='ltr'>erimus.</span> 
     </span>
     <span class='ocr_line' id='line_1_6' title="bbox 172 1171 1468 1257; baseline -0.008 -13"><span class='ocrx_word' id='word_1_41' title='bbox 172 1199 297 1257; x_wconf 65' lang='lat' dir='ltr'>capsur.</span> <span class='ocrx_word' id='word_1_42' title='bbox 381 1179 528 1240; x_wconf 87' lang='lat' dir='ltr'>·¹liorum</span> <span class='ocrx_word' id='word_1_43' title='bbox 551 1177 783 1239; x_wconf 79' lang='lat' dir='ltr'>demutationem</span> <span class='ocrx_word' id='word_1_44' title='bbox 812 1175 848 1235; x_wconf 89' lang='lat' dir='ltr'>ad</span> <span class='ocrx_word' id='word_1_45' title='bbox 872 1172 1043 1235; x_wconf 84' lang='lat' dir='ltr'>Corinthios</span> <span class='ocrx_word' id='word_1_46' title='bbox 1071 1171 1202 1243; x_wconf 79' lang='lat' dir='ltr'>&#39;reddit,</span> <span class='ocrx_word' id='word_1_47' title='bbox 1231 1171 1353 1245; x_wconf 88' lang='lat' dir='ltr'>diceus,</span> <span class='ocrx_word' id='word_1_48' title='bbox 1380 1173 1468 1235; x_wconf 77' lang='lat' dir='ltr'>Omne</span> 
     </span>
     <span class='ocr_line' id='line_1_7' title="bbox 189 1262 1469 1365; baseline -0.009 -23"><span class='ocrx_word' id='word_1_49' title='bbox 189 1262 299 1365; x_wconf 52' lang='lat' dir='ltr'>xlssl‘pq</span> <span class='ocrx_word' id='word_1_50' title='bbox 314 1280 432 1360; x_wconf 89' lang='lat' dir='ltr'>quidem</span> <span class='ocrx_word' id='word_1_51' title='bbox 454 1296 662 1357; x_wconf 81' lang='lat' dir='ltr'>resurgemus,</span> <span class='ocrx_word' id='word_1_52' title='bbox 685 1276 763 1337; x_wconf 83' lang='lat' dir='ltr'>³non</span> <span class='ocrx_word' id='word_1_53' title='bbox 786 1283 883 1336; x_wconf 86' lang='lat' dir='ltr'>autem</span> <span class='ocrx_word' id='word_1_54' title='bbox 899 1291 1004 1334; x_wconf 86' lang='lat' dir='ltr'>omnes</span> <span class='ocrx_word' id='word_1_55' title='bbox 1020 1272 1254 1343; x_wconf 83' lang='lat' dir='ltr'>demutabimur,</span> <span class='ocrx_word' id='word_1_56' title='bbox 1276 1272 1309 1333; x_wconf 92' lang='lat' dir='ltr'>in</span> <span class='ocrx_word' id='word_1_57' title='bbox 1324 1282 1433 1344; x_wconf 84' lang='lat' dir='ltr'>atomo,</span> <span class='ocrx_word' id='word_1_58' title='bbox 1448 1272 1469 1331; x_wconf 91' lang='lat' dir='ltr'>in</span> 
     </span>
     <span class='ocr_line' id='line_1_8' title="bbox 315 1372 1467 1447; baseline -0.008 -5"><span class='ocrx_word' id='word_1_59' title='bbox 315 1389 524 1443; x_wconf 86' lang='lat' dir='ltr'>momentaneo</span> <span class='ocrx_word' id='word_1_60' title='bbox 547 1386 629 1439; x_wconf 88' lang='lat' dir='ltr'>motu</span> <span class='ocrx_word' id='word_1_61' title='bbox 659 1376 752 1447; x_wconf 90' lang='lat' dir='ltr'>oculi,</span> <span class='ocrx_word' id='word_1_62' title='bbox 780 1375 811 1436; x_wconf 90' lang='lat' dir='ltr'>in</span> <span class='ocrx_word' id='word_1_63' title='bbox 833 1374 998 1436; x_wconf 87' lang='lat' dir='ltr'>norissima</span> <span class='ocrx_word' id='word_1_64' title='bbox 1020 1373 1106 1446; x_wconf 68' lang='lat' dir='ltr'>tuba,</span> <span class='ocrx_word' id='word_1_65' title='bbox 1139 1373 1194 1435; x_wconf 86' lang='lat' dir='ltr'>sed</span> <span class='ocrx_word' id='word_1_66' title='bbox 1222 1372 1263 1433; x_wconf 94' lang='lat' dir='ltr'>illi</span> <span class='ocrx_word' id='word_1_67' title='bbox 1293 1373 1405 1435; x_wconf 87' lang='lat' dir='ltr'>scilicet</span> <span class='ocrx_word' id='word_1_68' title='bbox 1428 1372 1467 1433; x_wconf 90' lang='lat' dir='ltr'>soli</span> 
     </span>
     <span class='ocr_line' id='line_1_9' title="bbox 315 1473 1465 1561; baseline -0.008 -19"><span class='ocrx_word' id='word_1_69' title='bbox 315 1482 364 1561; x_wconf 88' lang='lat' dir='ltr'>qui</span> <span class='ocrx_word' id='word_1_70' title='bbox 388 1478 576 1540; x_wconf 84' lang='lat' dir='ltr'>invenientur</span> <span class='ocrx_word' id='word_1_71' title='bbox 598 1477 627 1537; x_wconf 90' lang='lat' dir='ltr'>in</span> <span class='ocrx_word' id='word_1_72' title='bbox 651 1495 748 1538; x_wconf 91' lang='lat' dir='ltr'>carne.</span> <span class='ocrx_word' id='word_1_73' title='bbox 792 1475 831 1536; x_wconf 87' lang='lat' dir='ltr'>Et</span> <span class='ocrx_word' id='word_1_74' title='bbox 851 1474 977 1546; x_wconf 88' lang='lat' dir='ltr'>mortui,</span> <span class='ocrx_word' id='word_1_75' title='bbox 1006 1474 1119 1553; x_wconf 90' lang='lat' dir='ltr'>inquit,</span> <span class='ocrx_word' id='word_1_76' title='bbox 1141 1473 1334 1551; x_wconf 81' lang='lat' dir='ltr'>⁴resurgeut,</span> <span class='ocrx_word' id='word_1_77' title='bbox 1357 1493 1410 1535; x_wconf 89' lang='lat' dir='ltr'>nos</span> <span class='ocrx_word' id='word_1_78' title='bbox 1428 1473 1465 1534; x_wconf 89' lang='lat' dir='ltr'>de-</span> 
     </span>
     <span class='ocr_line' id='line_1_10' title="bbox 315 1574 1465 1655; baseline -0.008 -14"><span class='ocrx_word' id='word_1_79' title='bbox 315 1580 505 1642; x_wconf 81' lang='lat' dir='ltr'>mutabimur.</span> <span class='ocrx_word' id='word_1_80' title='bbox 541 1578 603 1638; x_wconf 87' lang='lat' dir='ltr'>Hau</span> <span class='ocrx_word' id='word_1_81' title='bbox 624 1576 799 1655; x_wconf 83' lang='lat' dir='ltr'>ergoprius</span> <span class='ocrx_word' id='word_1_82' title='bbox 815 1574 1029 1653; x_wconf 76' lang='lat' dir='ltr'>‘dispositione</span> <span class='ocrx_word' id='word_1_83' title='bbox 1050 1574 1227 1653; x_wconf 81' lang='lat' dir='ltr'>⁶prospecta</span> <span class='ocrx_word' id='word_1_84' title='bbox 1249 1574 1364 1654; x_wconf 88' lang='lat' dir='ltr'>reliqua</span> <span class='ocrx_word' id='word_1_85' title='bbox 1384 1574 1465 1635; x_wconf 79' lang='lat' dir='ltr'>&#39;reso-</span> 
     </span>
     <span class='ocr_line' id='line_1_11' title="bbox 165 1673 1466 1759; baseline -0.008 -16"><span class='ocrx_word' id='word_1_86' title='bbox 165 1680 399 1759; x_wconf 66' lang='lat' dir='ltr'>100„1v‚5³,csbis</span> <span class='ocrx_word' id='word_1_87' title='bbox 427 1679 463 1740; x_wconf 90' lang='lat' dir='ltr'>ad</span> <span class='ocrx_word' id='word_1_88' title='bbox 492 1678 679 1757; x_wconf 88' lang='lat' dir='ltr'>superiorem</span> <span class='ocrx_word' id='word_1_89' title='bbox 709 1693 844 1736; x_wconf 90' lang='lat' dir='ltr'>sensum.</span> <span class='ocrx_word' id='word_1_90' title='bbox 893 1674 967 1735; x_wconf 85' lang='lat' dir='ltr'>Nam</span> <span class='ocrx_word' id='word_1_91' title='bbox 995 1693 1062 1735; x_wconf 92' lang='lat' dir='ltr'>cum</span> <span class='ocrx_word' id='word_1_92' title='bbox 1090 1674 1210 1746; x_wconf 77' lang='lat' dir='ltr'>⁸adic1t,</span> <span class='ocrx_word' id='word_1_93' title='bbox 1241 1673 1369 1753; x_wconf 83' lang='lat' dir='ltr'>Oportet</span> <span class='ocrx_word' id='word_1_94' title='bbox 1393 1673 1466 1736; x_wconf 74' lang='lat' dir='ltr'>”enin</span> 
     </span>
     <span class='ocr_line' id='line_1_12' title="bbox 317 1773 1465 1858; baseline -0.007 -16"><span class='ocrx_word' id='word_1_95' title='bbox 317 1780 545 1858; x_wconf 86' lang='lat' dir='ltr'>¹⁰corruptirum</span> <span class='ocrx_word' id='word_1_96' title='bbox 567 1778 648 1838; x_wconf 90' lang='lat' dir='ltr'>istud</span> <span class='ocrx_word' id='word_1_97' title='bbox 671 1776 795 1837; x_wconf 88' lang='lat' dir='ltr'>induere</span> <span class='ocrx_word' id='word_1_98' title='bbox 817 1774 1063 1851; x_wconf 83' lang='lat' dir='ltr'>incorruptelam,</span> <span class='ocrx_word' id='word_1_99' title='bbox 1087 1783 1117 1834; x_wconf 91' lang='lat' dir='ltr'>et</span> <span class='ocrx_word' id='word_1_100' title='bbox 1130 1773 1257 1835; x_wconf 87' lang='lat' dir='ltr'>mortale</span> <span class='ocrx_word' id='word_1_101' title='bbox 1273 1775 1353 1838; x_wconf 90' lang='lat' dir='ltr'>istud</span> <span class='ocrx_word' id='word_1_102' title='bbox 1368 1774 1465 1836; x_wconf 88' lang='lat' dir='ltr'>induere</span> 
     </span>
     <span class='ocr_line' id='line_1_13' title="bbox 314 1874 1464 1953; baseline -0.005 -12"><span class='ocrx_word' id='word_1_103' title='bbox 314 1878 581 1949; x_wconf 87' lang='lat' dir='ltr'>immortalitatem,</span> <span class='ocrx_word' id='word_1_104' title='bbox 615 1878 673 1938; x_wconf 92' lang='lat' dir='ltr'>hoc</span> <span class='ocrx_word' id='word_1_105' title='bbox 694 1876 752 1937; x_wconf 92' lang='lat' dir='ltr'>erit</span> <span class='ocrx_word' id='word_1_106' title='bbox 772 1876 843 1937; x_wconf 92' lang='lat' dir='ltr'>illud</span> <span class='ocrx_word' id='word_1_107' title='bbox 866 1875 1048 1936; x_wconf 89' lang='lat' dir='ltr'>domicilium</span> <span class='ocrx_word' id='word_1_108' title='bbox 1071 1875 1109 1936; x_wconf 89' lang='lat' dir='ltr'>de</span> <span class='ocrx_word' id='word_1_109' title='bbox 1131 1874 1212 1936; x_wconf 93' lang='lat' dir='ltr'>caelo</span> <span class='ocrx_word' id='word_1_110' title='bbox 1235 1875 1317 1953; x_wconf 90' lang='lat' dir='ltr'>quod</span> <span class='ocrx_word' id='word_1_111' title='bbox 1339 1883 1464 1953; x_wconf 69' lang='lat' dir='ltr'>gemeuu</span> 
     </span>
     <span class='ocr_line' id='line_1_14' title="bbox 316 1959 1464 2057; baseline -0.006 -17"><span class='ocrx_word' id='word_1_112' title='bbox 316 1959 423 2041; x_wconf 87' lang='lat' dir='ltr'>inhac</span> <span class='ocrx_word' id='word_1_113' title='bbox 444 1997 532 2040; x_wconf 86' lang='lat' dir='ltr'>carne</span> <span class='ocrx_word' id='word_1_114' title='bbox 554 1976 754 2057; x_wconf 87' lang='lat' dir='ltr'>¹¹superindui</span> <span class='ocrx_word' id='word_1_115' title='bbox 776 1976 998 2048; x_wconf 85' lang='lat' dir='ltr'>desideramus,</span> <span class='ocrx_word' id='word_1_116' title='bbox 1020 1976 1122 2053; x_wconf 91' lang='lat' dir='ltr'>utique</span> <span class='ocrx_word' id='word_1_117' title='bbox 1144 1994 1236 2053; x_wconf 88' lang='lat' dir='ltr'>super</span> <span class='ocrx_word' id='word_1_118' title='bbox 1250 1995 1369 2037; x_wconf 90' lang='lat' dir='ltr'>caruem</span> <span class='ocrx_word' id='word_1_119' title='bbox 1388 1977 1464 2051; x_wconf 83' lang='lat' dir='ltr'>inqu</span> 
     </span>
     <span class='ocr_line' id='line_1_15' title="bbox 316 2072 1464 2158; baseline -0.006 -19"><span class='ocrx_word' id='word_1_120' title='bbox 316 2077 587 2158; x_wconf 87' lang='lat' dir='ltr'>deprehendemur,</span> <span class='ocrx_word' id='word_1_121' title='bbox 615 2078 683 2156; x_wconf 89' lang='lat' dir='ltr'>quia</span> <span class='ocrx_word' id='word_1_122' title='bbox 705 2077 819 2154; x_wconf 84' lang='lat' dir='ltr'>gravari</span> <span class='ocrx_word' id='word_1_123' title='bbox 841 2094 898 2136; x_wconf 91' lang='lat' dir='ltr'>nos</span> <span class='ocrx_word' id='word_1_124' title='bbox 921 2075 978 2148; x_wconf 91' lang='lat' dir='ltr'>ait,</span> <span class='ocrx_word' id='word_1_125' title='bbox 1012 2077 1062 2154; x_wconf 93' lang='lat' dir='ltr'>qui</span> <span class='ocrx_word' id='word_1_126' title='bbox 1085 2076 1207 2137; x_wconf 76' lang='lat' dir='ltr'>¹²simus</span> <span class='ocrx_word' id='word_1_127' title='bbox 1237 2076 1267 2136; x_wconf 92' lang='lat' dir='ltr'>iu</span> <span class='ocrx_word' id='word_1_128' title='bbox 1292 2072 1464 2143; x_wconf 78' lang='lat' dir='ltr'>tabernaculo,</span> 
     </span>
     <span class='ocr_line' id='line_1_16' title="bbox 316 2172 1465 2259; baseline -0.008 -19"><span class='ocrx_word' id='word_1_129' title='bbox 316 2180 397 2259; x_wconf 92' lang='lat' dir='ltr'>quod</span> <span class='ocrx_word' id='word_1_130' title='bbox 419 2178 576 2239; x_wconf 80' lang='lat' dir='ltr'>¹’nolimus</span> <span class='ocrx_word' id='word_1_131' title='bbox 599 2178 683 2250; x_wconf 83' lang='lat' dir='ltr'>exui,</span> <span class='ocrx_word' id='word_1_132' title='bbox 707 2177 760 2237; x_wconf 88' lang='lat' dir='ltr'>sed</span> <span class='ocrx_word' id='word_1_133' title='bbox 782 2176 884 2256; x_wconf 89' lang='lat' dir='ltr'>potius</span> <span class='ocrx_word' id='word_1_134' title='bbox 907 2176 1098 2255; x_wconf 86' lang='lat' dir='ltr'>superindui,</span> <span class='ocrx_word' id='word_1_135' title='bbox 1121 2178 1165 2237; x_wconf 89' lang='lat' dir='ltr'>uti</span> <span class='ocrx_word' id='word_1_136' title='bbox 1187 2177 1348 2238; x_wconf 84' lang='lat' dir='ltr'>devoretur</span> <span class='ocrx_word' id='word_1_137' title='bbox 1367 2172 1465 2238; x_wconf 73' lang='lat' dir='ltr'>mortale</span> 
     </span>
     <span class='ocr_line' id='line_1_17' title="bbox 316 2274 1465 2355; baseline -0.004 -14"><span class='ocrx_word' id='word_1_138' title='bbox 316 2298 332 2341; x_wconf 86' lang='lat' dir='ltr'>a</span> <span class='ocrx_word' id='word_1_139' title='bbox 355 2280 421 2350; x_wconf 86' lang='lat' dir='ltr'>vita,</span> <span class='ocrx_word' id='word_1_140' title='bbox 445 2278 558 2339; x_wconf 89' lang='lat' dir='ltr'>scilicet</span> <span class='ocrx_word' id='word_1_141' title='bbox 579 2278 649 2339; x_wconf 88' lang='lat' dir='ltr'>dum</span> <span class='ocrx_word' id='word_1_142' title='bbox 673 2277 896 2348; x_wconf 77' lang='lat' dir='ltr'>&#39;‘demutamur,</span> <span class='ocrx_word' id='word_1_143' title='bbox 919 2277 1162 2355; x_wconf 90' lang='lat' dir='ltr'>superinduendo</span> <span class='ocrx_word' id='word_1_144' title='bbox 1178 2278 1258 2355; x_wconf 90' lang='lat' dir='ltr'>quod</span> <span class='ocrx_word' id='word_1_145' title='bbox 1281 2274 1465 2339; x_wconf 83' lang='lat' dir='ltr'>estdeceelir.</span> 
     </span>
     <span class='ocr_line' id='line_1_18' title="bbox 317 2376 1465 2457; baseline -0.004 -16"><span class='ocrx_word' id='word_1_146' title='bbox 317 2379 391 2453; x_wconf 75' lang='lat' dir='ltr'>Quis</span> <span class='ocrx_word' id='word_1_147' title='bbox 414 2379 493 2440; x_wconf 89' lang='lat' dir='ltr'>enim</span> <span class='ocrx_word' id='word_1_148' title='bbox 515 2396 576 2438; x_wconf 90' lang='lat' dir='ltr'>non</span> <span class='ocrx_word' id='word_1_149' title='bbox 598 2376 794 2450; x_wconf 88' lang='lat' dir='ltr'>desiderabit,</span> <span class='ocrx_word' id='word_1_150' title='bbox 826 2377 895 2438; x_wconf 88' lang='lat' dir='ltr'>dum</span> <span class='ocrx_word' id='word_1_151' title='bbox 924 2377 956 2437; x_wconf 90' lang='lat' dir='ltr'>iu</span> <span class='ocrx_word' id='word_1_152' title='bbox 983 2395 1071 2437; x_wconf 89' lang='lat' dir='ltr'>carne</span> <span class='ocrx_word' id='word_1_153' title='bbox 1100 2386 1161 2447; x_wconf 89' lang='lat' dir='ltr'>est,</span> <span class='ocrx_word' id='word_1_154' title='bbox 1195 2378 1408 2457; x_wconf 84' lang='lat' dir='ltr'>superinduere</span> <span class='ocrx_word' id='word_1_155' title='bbox 1424 2376 1465 2436; x_wconf 87' lang='lat' dir='ltr'>im·</span> 
     </span>
     <span class='ocr_line' id='line_1_19' title="bbox 317 2476 1465 2557; baseline -0.001 -17"><span class='ocrx_word' id='word_1_156' title='bbox 317 2479 525 2541; x_wconf 90' lang='lat' dir='ltr'>mortalitatem</span> <span class='ocrx_word' id='word_1_157' title='bbox 554 2486 585 2538; x_wconf 91' lang='lat' dir='ltr'>et</span> <span class='ocrx_word' id='word_1_158' title='bbox 612 2477 786 2538; x_wconf 90' lang='lat' dir='ltr'>continuare</span> <span class='ocrx_word' id='word_1_159' title='bbox 814 2477 902 2538; x_wconf 83' lang='lat' dir='ltr'>vitam</span> <span class='ocrx_word' id='word_1_160' title='bbox 932 2478 1108 2539; x_wconf 74' lang='lat' dir='ltr'>¹⁵lucrilacta</span> <span class='ocrx_word' id='word_1_161' title='bbox 1140 2488 1238 2539; x_wconf 89' lang='lat' dir='ltr'>morte</span> <span class='ocrx_word' id='word_1_162' title='bbox 1270 2498 1327 2557; x_wconf 89' lang='lat' dir='ltr'>per</span> <span class='ocrx_word' id='word_1_163' title='bbox 1356 2476 1465 2540; x_wconf 74' lang='lat' dir='ltr'>uuum</span> 
     </span>
     <span class='ocr_line' id='line_1_20' title="bbox 316 2577 1467 2658; baseline -0.003 -19"><span class='ocrx_word' id='word_1_164' title='bbox 316 2578 564 2649; x_wconf 89' lang='lat' dir='ltr'>demutationem,</span> <span class='ocrx_word' id='word_1_165' title='bbox 587 2595 625 2639; x_wconf 89' lang='lat' dir='ltr'>ne</span> <span class='ocrx_word' id='word_1_166' title='bbox 647 2578 760 2639; x_wconf 79' lang='lat' dir='ltr'>inferos</span> <span class='ocrx_word' id='word_1_167' title='bbox 789 2577 984 2656; x_wconf 71' lang='lat' dir='ltr'>¹⁰experiatur</span> <span class='ocrx_word' id='word_1_168' title='bbox 1005 2597 1100 2655; x_wconf 87' lang='lat' dir='ltr'>usque</span> <span class='ocrx_word' id='word_1_169' title='bbox 1122 2579 1322 2640; x_wconf 85' lang='lat' dir='ltr'>novissimum</span> <span class='ocrx_word' id='word_1_170' title='bbox 1343 2579 1467 2658; x_wconf 83' lang='lat' dir='ltr'>quadren-</span> 
     </span>
     <span class='ocr_line' id='line_1_21' title="bbox 273 2674 1466 2756; baseline -0.003 -18"><span class='ocrx_word' id='word_1_171' title='bbox 273 2735 275 2738; x_wconf 84' lang='lat'>.</span> <span class='ocrx_word' id='word_1_172' title='bbox 317 2686 377 2738; x_wconf 90' lang='lat' dir='ltr'>tem</span> <span class='ocrx_word' id='word_1_173' title='bbox 400 2675 625 2738; x_wconf 62' lang='lat' dir='ltr'>¹&#39;exacturovl</span> <span class='ocrx_word' id='word_1_174' title='bbox 669 2677 806 2739; x_wconf 85' lang='lat' dir='ltr'>Ceterum</span> <span class='ocrx_word' id='word_1_175' title='bbox 829 2677 1061 2756; x_wconf 87' lang='lat' dir='ltr'>demutationem</span> <span class='ocrx_word' id='word_1_176' title='bbox 1084 2677 1173 2738; x_wconf 88' lang='lat' dir='ltr'>etiam</span> <span class='ocrx_word' id='word_1_177' title='bbox 1201 2687 1273 2756; x_wconf 89' lang='lat' dir='ltr'>post</span> <span class='ocrx_word' id='word_1_178' title='bbox 1295 2674 1466 2741; x_wconf 77' lang='lat' dir='ltr'>resurrectio·</span> 
     </span>
     <span class='ocr_line' id='line_1_22' title="bbox 317 2777 1467 2855; baseline -0.004 -17"><span class='ocrx_word' id='word_1_179' title='bbox 317 2794 385 2838; x_wconf 92' lang='lat' dir='ltr'>nem</span> <span class='ocrx_word' id='word_1_180' title='bbox 407 2784 622 2837; x_wconf 86' lang='lat' dir='ltr'>consecuturus</span> <span class='ocrx_word' id='word_1_181' title='bbox 638 2785 700 2849; x_wconf 89' lang='lat' dir='ltr'>est,</span> <span class='ocrx_word' id='word_1_182' title='bbox 723 2777 836 2837; x_wconf 88' lang='lat' dir='ltr'>inleros</span> <span class='ocrx_word' id='word_1_183' title='bbox 851 2778 909 2838; x_wconf 90' lang='lat' dir='ltr'>iam</span> <span class='ocrx_word' id='word_1_184' title='bbox 925 2785 1075 2855; x_wconf 84' lang='lat' dir='ltr'>expertus.</span> <span class='ocrx_word' id='word_1_185' title='bbox 1111 2777 1226 2839; x_wconf 79' lang='lat' dir='ltr'>Abhinc</span> <span class='ocrx_word' id='word_1_186' title='bbox 1241 2779 1321 2841; x_wconf 91' lang='lat' dir='ltr'>euim</span> <span class='ocrx_word' id='word_1_187' title='bbox 1336 2778 1467 2840; x_wconf 88' lang='lat' dir='ltr'>delinimus</span> 
     </span>
     <span class='ocr_line' id='line_1_23' title="bbox 317 2876 1467 2956; baseline -0.003 -17"><span class='ocrx_word' id='word_1_188' title='bbox 317 2888 436 2939; x_wconf 78' lang='lat' dir='ltr'>carnem</span> <span class='ocrx_word' id='word_1_189' title='bbox 460 2876 606 2956; x_wconf 75' lang='lat' dir='ltr'>¹⁸quidem</span> <span class='ocrx_word' id='word_1_190' title='bbox 629 2878 710 2939; x_wconf 92' lang='lat' dir='ltr'>omni</span> <span class='ocrx_word' id='word_1_191' title='bbox 733 2878 823 2939; x_wconf 89' lang='lat' dir='ltr'>modo</span> <span class='ocrx_word' id='word_1_192' title='bbox 845 2887 1080 2939; x_wconf 83' lang='lat' dir='ltr'>resurrecturam</span> <span class='ocrx_word' id='word_1_193' title='bbox 1108 2888 1195 2956; x_wconf 90' lang='lat' dir='ltr'>atque</span> <span class='ocrx_word' id='word_1_194' title='bbox 1223 2878 1300 2942; x_wconf 71' lang='lat' dir='ltr'>”iila</span> <span class='ocrx_word' id='word_1_195' title='bbox 1329 2899 1363 2942; x_wconf 83' lang='lat' dir='ltr'>ex</span> <span class='ocrx_word' id='word_1_196' title='bbox 1383 2878 1467 2940; x_wconf 88' lang='lat' dir='ltr'>denu-</span> 
     </span>
     <span class='ocr_line' id='line_1_24' title="bbox 318 2973 1469 3058; baseline -0.003 -19"><span class='ocrx_word' id='word_1_197' title='bbox 318 2979 429 3040; x_wconf 87' lang='lat' dir='ltr'>tatione</span> <span class='ocrx_word' id='word_1_198' title='bbox 451 2986 664 3057; x_wconf 87' lang='lat' dir='ltr'>superventura</span> <span class='ocrx_word' id='word_1_199' title='bbox 686 2977 819 3039; x_wconf 91' lang='lat' dir='ltr'>habitum</span> <span class='ocrx_word' id='word_1_200' title='bbox 841 2977 1004 3056; x_wconf 77' lang='lat' dir='ltr'>angelicum</span> <span class='ocrx_word' id='word_1_201' title='bbox 1026 2990 1244 3058; x_wconf 85' lang='lat' dir='ltr'>suscepturam.</span> <span class='ocrx_word' id='word_1_202' title='bbox 1287 2980 1383 3042; x_wconf 78' lang='lat' dir='ltr'>Autsi</span> <span class='ocrx_word' id='word_1_203' title='bbox 1397 2973 1469 3041; x_wconf 75' lang='lat' dir='ltr'>iam</span> 
     </span>
     <span class='ocr_line' id='line_1_25' title="bbox 319 3077 1468 3159; baseline -0.002 -20"><span class='ocrx_word' id='word_1_204' title='bbox 319 3079 393 3141; x_wconf 90' lang='lat' dir='ltr'>solis</span> <span class='ocrx_word' id='word_1_205' title='bbox 414 3080 465 3158; x_wconf 92' lang='lat' dir='ltr'>qui</span> <span class='ocrx_word' id='word_1_206' title='bbox 487 3078 674 3140; x_wconf 88' lang='lat' dir='ltr'>invenientur</span> <span class='ocrx_word' id='word_1_207' title='bbox 695 3077 726 3138; x_wconf 94' lang='lat' dir='ltr'>in</span> <span class='ocrx_word' id='word_1_208' title='bbox 749 3096 838 3138; x_wconf 79' lang='lat' dir='ltr'>carne</span> <span class='ocrx_word' id='word_1_209' title='bbox 859 3077 1002 3139; x_wconf 88' lang='lat' dir='ltr'>demutari</span> <span class='ocrx_word' id='word_1_210' title='bbox 1019 3098 1083 3140; x_wconf 87' lang='lat' dir='ltr'>eam</span> <span class='ocrx_word' id='word_1_211' title='bbox 1099 3079 1264 3159; x_wconf 90' lang='lat' dir='ltr'>oportebit,</span> <span class='ocrx_word' id='word_1_212' title='bbox 1287 3080 1468 3143; x_wconf 74' lang='lat' dir='ltr'>”uroerore</span> 
     </span>
     <span class='ocr_line' id='line_1_26' title="bbox 320 3172 1468 3258; baseline -0.001 -19"><span class='ocrx_word' id='word_1_213' title='bbox 320 3187 368 3240; x_wconf 88' lang='lat' dir='ltr'>tur</span> <span class='ocrx_word' id='word_1_214' title='bbox 399 3179 524 3240; x_wconf 86' lang='lat' dir='ltr'>mortale</span> <span class='ocrx_word' id='word_1_215' title='bbox 552 3198 569 3239; x_wconf 90' lang='lat' dir='ltr'>a</span> <span class='ocrx_word' id='word_1_216' title='bbox 596 3179 672 3251; x_wconf 87' lang='lat' dir='ltr'>rita,</span> <span class='ocrx_word' id='word_1_217' title='bbox 704 3178 734 3238; x_wconf 90' lang='lat' dir='ltr'>id</span> <span class='ocrx_word' id='word_1_218' title='bbox 763 3184 810 3239; x_wconf 90' lang='lat' dir='ltr'>est</span> <span class='ocrx_word' id='word_1_219' title='bbox 837 3195 905 3239; x_wconf 84' lang='lat' dir='ltr'>caro</span> <span class='ocrx_word' id='word_1_220' title='bbox 933 3178 970 3239; x_wconf 92' lang='lat' dir='ltr'>ab</span> <span class='ocrx_word' id='word_1_221' title='bbox 999 3179 1049 3240; x_wconf 90' lang='lat' dir='ltr'>ilio</span> <span class='ocrx_word' id='word_1_222' title='bbox 1077 3180 1344 3258; x_wconf 90' lang='lat' dir='ltr'>superindumento</span> <span class='ocrx_word' id='word_1_223' title='bbox 1372 3172 1468 3243; x_wconf 79' lang='lat' dir='ltr'>caduli</span> 
     </span>
     <span class='ocr_line' id='line_1_27' title="bbox 317 3277 1469 3358; baseline -0.003 -18"><span class='ocrx_word' id='word_1_224' title='bbox 317 3278 377 3340; x_wconf 85' lang='lat' dir='ltr'>²¹ot</span> <span class='ocrx_word' id='word_1_225' title='bbox 397 3287 535 3348; x_wconf 87' lang='lat' dir='ltr'>aeterno,</span> <span class='ocrx_word' id='word_1_226' title='bbox 569 3297 640 3358; x_wconf 82' lang='lat' dir='ltr'>ergo</span> <span class='ocrx_word' id='word_1_227' title='bbox 663 3278 714 3357; x_wconf 94' lang='lat' dir='ltr'>qui</span> <span class='ocrx_word' id='word_1_228' title='bbox 742 3277 852 3338; x_wconf 90' lang='lat' dir='ltr'>mortui</span> <span class='ocrx_word' id='word_1_229' title='bbox 879 3277 1153 3356; x_wconf 90' lang='lat' dir='ltr'>deprehendentur,</span> <span class='ocrx_word' id='word_1_230' title='bbox 1186 3282 1275 3343; x_wconf 88' lang='lat' dir='ltr'>vitam</span> <span class='ocrx_word' id='word_1_231' title='bbox 1298 3300 1359 3343; x_wconf 91' lang='lat' dir='ltr'>uon</span> <span class='ocrx_word' id='word_1_232' title='bbox 1379 3292 1469 3342; x_wconf 81' lang='lat' dir='ltr'>conse·</span> 
     </span>
     <span class='ocr_line' id='line_1_28' title="bbox 317 3377 1471 3459; baseline 0.002 -19"><span class='ocrx_word' id='word_1_233' title='bbox 317 3386 462 3459; x_wconf 85' lang='lat' dir='ltr'>queritur,</span> <span class='ocrx_word' id='word_1_234' title='bbox 485 3379 591 3458; x_wconf 86' lang='lat' dir='ltr'>privati</span> <span class='ocrx_word' id='word_1_235' title='bbox 612 3380 671 3440; x_wconf 83' lang='lat' dir='ltr'>iam</span> <span class='ocrx_word' id='word_1_236' title='bbox 694 3377 816 3439; x_wconf 84' lang='lat' dir='ltr'>materia</span> <span class='ocrx_word' id='word_1_237' title='bbox 839 3386 884 3447; x_wconf 90' lang='lat' dir='ltr'>et,</span> <span class='ocrx_word' id='word_1_238' title='bbox 908 3387 940 3439; x_wconf 93' lang='lat' dir='ltr'>ut</span> <span class='ocrx_word' id='word_1_239' title='bbox 961 3379 1001 3440; x_wconf 87' lang='lat' dir='ltr'>ita</span> <span class='ocrx_word' id='word_1_240' title='bbox 1024 3379 1165 3454; x_wconf 84' lang='lat' dir='ltr'>dixerim,</span> <span class='ocrx_word' id='word_1_241' title='bbox 1188 3400 1257 3442; x_wconf 90' lang='lat' dir='ltr'>esca</span> <span class='ocrx_word' id='word_1_242' title='bbox 1279 3383 1372 3456; x_wconf 86' lang='lat' dir='ltr'>ritae,</span> <span class='ocrx_word' id='word_1_243' title='bbox 1392 3381 1422 3442; x_wconf 91' lang='lat' dir='ltr'>id</span> <span class='ocrx_word' id='word_1_244' title='bbox 1437 3378 1471 3436; x_wconf 69' lang='lat' dir='ltr'>eil</span> 
     </span>
     <span class='ocr_line' id='line_1_29' title="bbox 318 3471 1471 3562; baseline 0.001 -20"><span class='ocrx_word' id='word_1_245' title='bbox 318 3499 420 3542; x_wconf 88' lang='lat' dir='ltr'>carne:</span> <span class='ocrx_word' id='word_1_246' title='bbox 444 3489 494 3540; x_wconf 90' lang='lat' dir='ltr'>aut</span> <span class='ocrx_word' id='word_1_247' title='bbox 515 3497 640 3541; x_wconf 87' lang='lat' dir='ltr'>necesse</span> <span class='ocrx_word' id='word_1_248' title='bbox 662 3486 708 3540; x_wconf 86' lang='lat' dir='ltr'>est</span> <span class='ocrx_word' id='word_1_249' title='bbox 728 3478 872 3558; x_wconf 89' lang='lat' dir='ltr'>recipiant</span> <span class='ocrx_word' id='word_1_250' title='bbox 893 3498 957 3540; x_wconf 89' lang='lat' dir='ltr'>eam</span> <span class='ocrx_word' id='word_1_251' title='bbox 980 3488 1011 3541; x_wconf 91' lang='lat' dir='ltr'>et</span> <span class='ocrx_word' id='word_1_252' title='bbox 1031 3481 1089 3551; x_wconf 91' lang='lat' dir='ltr'>iili,</span> <span class='ocrx_word' id='word_1_253' title='bbox 1113 3490 1144 3541; x_wconf 88' lang='lat' dir='ltr'>ut</span> <span class='ocrx_word' id='word_1_254' title='bbox 1168 3491 1198 3543; x_wconf 91' lang='lat' dir='ltr'>et</span> <span class='ocrx_word' id='word_1_255' title='bbox 1218 3481 1250 3542; x_wconf 90' lang='lat' dir='ltr'>in</span> <span class='ocrx_word' id='word_1_256' title='bbox 1271 3482 1346 3562; x_wconf 88' lang='lat' dir='ltr'>ipsis</span> <span class='ocrx_word' id='word_1_257' title='bbox 1368 3471 1471 3543; x_wconf 67' lang='lat' dir='ltr'>morttlt</span> 
     </span>
     <span class='ocr_line' id='line_1_30' title="bbox 317 3574 1471 3659; baseline 0.003 -19"><span class='ocrx_word' id='word_1_258' title='bbox 317 3580 454 3641; x_wconf 86' lang='lat' dir='ltr'>devorari</span> <span class='ocrx_word' id='word_1_259' title='bbox 475 3581 614 3659; x_wconf 90' lang='lat' dir='ltr'>possita</span> <span class='ocrx_word' id='word_1_260' title='bbox 636 3579 710 3652; x_wconf 87' lang='lat' dir='ltr'>vita,</span> <span class='ocrx_word' id='word_1_261' title='bbox 733 3579 758 3640; x_wconf 90' lang='lat' dir='ltr'>si</span> <span class='ocrx_word' id='word_1_262' title='bbox 781 3578 869 3639; x_wconf 87' lang='lat' dir='ltr'>vitam</span> <span class='ocrx_word' id='word_1_263' title='bbox 892 3589 962 3641; x_wconf 91' lang='lat' dir='ltr'>suut</span> <span class='ocrx_word' id='word_1_264' title='bbox 983 3582 1180 3643; x_wconf 87' lang='lat' dir='ltr'>consecuturi.</span> <span class='ocrx_word' id='word_1_265' title='bbox 1219 3583 1278 3644; x_wconf 89' lang='lat' dir='ltr'>Sed</span> <span class='ocrx_word' id='word_1_266' title='bbox 1300 3582 1330 3644; x_wconf 90' lang='lat' dir='ltr'>in</span> <span class='ocrx_word' id='word_1_267' title='bbox 1352 3574 1471 3643; x_wconf 68' lang='lat' dir='ltr'>mortue.</span> 
     </span>
    </p>
   </div>
   <div class='ocr_carea' id='block_1_4' title="bbox 316 3679 1471 3763">
    <p class='ocr_par' dir='ltr' id='par_1_4' title="bbox 316 3679 1471 3763">
     <span class='ocr_line' id='line_1_31' title="bbox 316 3679 1471 3763; baseline 0.001 -21"><span class='ocrx_word' id='word_1_268' title='bbox 316 3680 434 3761; x_wconf 88' lang='lat' dir='ltr'>inquis,</span> <span class='ocrx_word' id='word_1_269' title='bbox 456 3681 514 3742; x_wconf 89' lang='lat' dir='ltr'>iam</span> <span class='ocrx_word' id='word_1_270' title='bbox 535 3680 709 3741; x_wconf 87' lang='lat' dir='ltr'>devoratum</span> <span class='ocrx_word' id='word_1_271' title='bbox 731 3679 789 3741; x_wconf 89' lang='lat' dir='ltr'>erit</span> <span class='ocrx_word' id='word_1_272' title='bbox 809 3680 934 3741; x_wconf 89' lang='lat' dir='ltr'>mortale</span> <span class='ocrx_word' id='word_1_273' title='bbox 950 3680 1039 3742; x_wconf 90' lang='lat' dir='ltr'>istud.</span> <span class='ocrx_word' id='word_1_274' title='bbox 1076 3681 1142 3742; x_wconf 90' lang='lat' dir='ltr'>Non</span> <span class='ocrx_word' id='word_1_275' title='bbox 1166 3683 1268 3763; x_wconf 88' lang='lat' dir='ltr'>utiquo</span> <span class='ocrx_word' id='word_1_276' title='bbox 1287 3683 1320 3745; x_wconf 92' lang='lat' dir='ltr'>in</span> <span class='ocrx_word' id='word_1_277' title='bbox 1341 3681 1471 3746; x_wconf 74' lang='lat' dir='ltr'>omnmo</span> 
     </span>
    </p>
   </div>
   <div class='ocr_carea' id='block_1_5' title="bbox 315 3822 1493 4703">
    <p class='ocr_par' dir='ltr' id='par_1_5' title="bbox 318 3822 1474 4032">
     <span class='ocr_line' id='line_1_32' title="bbox 319 3822 1473 3897; baseline 0.002 -16"><span class='ocrx_word' id='word_1_278' title='bbox 319 3830 358 3881; x_wconf 83' lang='grc'><strong>11).</strong></span> <span class='ocrx_word' id='word_1_279' title='bbox 377 3832 400 3879; x_wconf 87' lang='lat' dir='ltr'>iu</span> <span class='ocrx_word' id='word_1_280' title='bbox 419 3830 453 3889; x_wconf 84' lang='lat' dir='ltr'>(in</span> <span class='ocrx_word' id='word_1_281' title='bbox 472 3831 561 3889; x_wconf 67' lang='lat' dir='ltr'>om.)</span> <span class='ocrx_word' id='word_1_282' title='bbox 585 3845 642 3879; x_wconf 86' lang='lat' dir='ltr'>rore</span> <span class='ocrx_word' id='word_1_283' title='bbox 666 3830 804 3892; x_wconf 73' lang='lat' dir='ltr'>archangeli</span> <span class='ocrx_word' id='word_1_284' title='bbox 828 3838 852 3880; x_wconf 86' lang='lat' dir='ltr'>et</span> <span class='ocrx_word' id='word_1_285' title='bbox 876 3832 899 3880; x_wconf 88' lang='lat' dir='ltr'>iu</span> <span class='ocrx_word' id='word_1_286' title='bbox 918 3833 974 3880; x_wconf 85' lang='lat' dir='ltr'>tohu</span> <span class='ocrx_word' id='word_1_287' title='bbox 994 3835 1045 3883; x_wconf 89' lang='lat' dir='ltr'>bed.</span> <span class='ocrx_word' id='word_1_288' title='bbox 1088 3835 1112 3883; x_wconf 91' lang='lat' dir='ltr'>iu</span> <span class='ocrx_word' id='word_1_289' title='bbox 1136 3849 1194 3891; x_wconf 80' lang='lat' dir='ltr'>rose</span> <span class='ocrx_word' id='word_1_290' title='bbox 1212 3835 1290 3897; x_wconf 71' lang='lat' dir='ltr'>augeli</span> <span class='ocrx_word' id='word_1_291' title='bbox 1309 3843 1334 3885; x_wconf 87' lang='lat' dir='ltr'>et</span> <span class='ocrx_word' id='word_1_292' title='bbox 1351 3837 1387 3894; x_wconf 83' lang='lat' dir='ltr'>(et</span> <span class='ocrx_word' id='word_1_293' title='bbox 1403 3822 1473 3886; x_wconf 70' lang='lat' dir='ltr'>secl</span> 
     </span>
     <span class='ocr_line' id='line_1_33' title="bbox 318 3893 1474 3966; baseline 0.009 -21"><span class='ocrx_word' id='word_1_294' title='bbox 318 3898 373 3945; x_wconf 79' lang='lat' dir='ltr'>tube</span> <span class='ocrx_word' id='word_1_295' title='bbox 394 3897 432 3946; x_wconf 78' lang='lat' dir='ltr'>do.</span> <span class='ocrx_word' id='word_1_296' title='bbox 468 3897 492 3945; x_wconf 87' lang='lat' dir='ltr'>iu</span> <span class='ocrx_word' id='word_1_297' title='bbox 509 3911 567 3945; x_wconf 88' lang='lat' dir='ltr'>roce</span> <span class='ocrx_word' id='word_1_298' title='bbox 585 3898 656 3946; x_wconf 84' lang='lat' dir='ltr'>tnhse</span> <span class='ocrx_word' id='word_1_299' title='bbox 673 3898 717 3948; x_wconf 81' lang='grc'><strong>111.</strong></span> <span class='ocrx_word' id='word_1_300' title='bbox 762 3897 803 3948; x_wconf 80' lang='lat'>20.</span> <span class='ocrx_word' id='word_1_301' title='bbox 822 3899 894 3948; x_wconf 85' lang='lat' dir='ltr'>simoi</span> <span class='ocrx_word' id='word_1_302' title='bbox 913 3900 1036 3962; x_wconf 80' lang='lat' dir='ltr'>rapiemur</span> <span class='ocrx_word' id='word_1_303' title='bbox 1055 3900 1176 3963; x_wconf 75' lang='lat' dir='ltr'>Gruqebcd.</span> <span class='ocrx_word' id='word_1_304' title='bbox 1212 3905 1336 3966; x_wconf 80' lang='lat' dir='ltr'>replemur</span> <span class='ocrx_word' id='word_1_305' title='bbox 1353 3904 1416 3954; x_wconf 74' lang='grc'><strong>130.</strong></span> <span class='ocrx_word' id='word_1_306' title='bbox 1443 3893 1474 3948; x_wconf 72' lang='lat'>2¹⁴</span> 
     </span>
     <span class='ocr_line' id='line_1_34' title="bbox 318 3962 1154 4032; baseline 0.007 -20"><span class='ocrx_word' id='word_1_307' title='bbox 318 3962 416 4012; x_wconf 87' lang='lat' dir='ltr'>domiuo</span> <span class='ocrx_word' id='word_1_308' title='bbox 434 3964 458 4011; x_wconf 89' lang='lat' dir='ltr'>in</span> <span class='ocrx_word' id='word_1_309' title='bbox 477 3977 532 4011; x_wconf 81' lang='lat' dir='ltr'>sera</span> <span class='ocrx_word' id='word_1_310' title='bbox 551 3965 596 4025; x_wconf 76' lang='lat' dir='ltr'>ed,</span> <span class='ocrx_word' id='word_1_311' title='bbox 617 3966 645 4013; x_wconf 85' lang='lat' dir='ltr'>de</span> <span class='ocrx_word' id='word_1_312' title='bbox 663 3966 714 4015; x_wconf 84' lang='lat' dir='ltr'>cod.</span> <span class='ocrx_word' id='word_1_313' title='bbox 732 3965 765 4015; x_wconf 90' lang='lat' dir='ltr'>lo.</span> <span class='ocrx_word' id='word_1_314' title='bbox 782 3966 911 4015; x_wconf 74' lang='lat' dir='ltr'>Clementis.</span> <span class='ocrx_word' id='word_1_315' title='bbox 947 3967 1043 4016; x_wconf 86' lang='lat' dir='ltr'>Christo</span> <span class='ocrx_word' id='word_1_316' title='bbox 1061 3970 1154 4032; x_wconf 79' lang='lat' dir='ltr'>reliqui</span> 
     </span>
    </p>

    <p class='ocr_par' dir='ltr' id='par_1_6' title="bbox 315 4029 1493 4703">
     <span class='ocr_line' id='line_1_35' title="bbox 386 4029 1476 4091; baseline 0.011 -13"><span class='ocrx_word' id='word_1_317' title='bbox 386 4029 532 4091; x_wconf 72' lang='lat' dir='ltr'>cophili.</span> <span class='ocrx_word' id='word_1_318' title='bbox 569 4032 591 4078; x_wconf 93' lang='grc'>1.</span> <span class='ocrx_word' id='word_1_319' title='bbox 610 4038 633 4079; x_wconf 89' lang='lat' dir='ltr'>et</span> <span class='ocrx_word' id='word_1_320' title='bbox 652 4032 781 4082; x_wconf 82' lang='lat' dir='ltr'>hornmA.</span> <span class='ocrx_word' id='word_1_321' title='bbox 834 4032 857 4082; x_wconf 83' lang='lat'>2.</span> <span class='ocrx_word' id='word_1_322' title='bbox 876 4033 979 4085; x_wconf 86' lang='lat' dir='ltr'>dedite.</span> <span class='ocrx_word' id='word_1_323' title='bbox 1026 4034 1050 4083; x_wconf 79' lang='grc'><strong>3.</strong></span> <span class='ocrx_word' id='word_1_324' title='bbox 1069 4036 1112 4084; x_wconf 84' lang='lat' dir='ltr'>sed</span> <span class='ocrx_word' id='word_1_325' title='bbox 1131 4037 1323 4087; x_wconf 77' lang='lat' dir='ltr'>nouomuesd.</span> <span class='ocrx_word' id='word_1_326' title='bbox 1365 4038 1476 4089; x_wconf 57' lang='lat' dir='ltr'>&amp;m</span> 
     </span>
     <span class='ocr_line' id='line_1_36' title="bbox 318 4096 1479 4165; baseline 0.012 -22"><span class='ocrx_word' id='word_1_327' title='bbox 318 4103 374 4157; x_wconf 77' lang='lat' dir='ltr'>gent</span> <span class='ocrx_word' id='word_1_328' title='bbox 391 4096 471 4159; x_wconf 87' lang='lat' dir='ltr'>primi,</span> <span class='ocrx_word' id='word_1_329' title='bbox 490 4105 514 4145; x_wconf 89' lang='lat' dir='ltr'>et</span> <span class='ocrx_word' id='word_1_330' title='bbox 532 4112 576 4146; x_wconf 88' lang='lat' dir='ltr'>nes</span> <span class='ocrx_word' id='word_1_331' title='bbox 595 4099 775 4148; x_wconf 82' lang='lat' dir='ltr'>immutabimur</span> <span class='ocrx_word' id='word_1_332' title='bbox 791 4099 980 4156; x_wconf 75' lang='lat' dir='ltr'>(demutabimur</span> <span class='ocrx_word' id='word_1_333' title='bbox 998 4103 1033 4161; x_wconf 85' lang='lat' dir='ltr'>d.)</span> <span class='ocrx_word' id='word_1_334' title='bbox 1051 4105 1089 4152; x_wconf 84' lang='lat' dir='ltr'>id.</span> <span class='ocrx_word' id='word_1_335' title='bbox 1131 4112 1261 4165; x_wconf 76' lang='lat' dir='ltr'>resurgent</span> <span class='ocrx_word' id='word_1_336' title='bbox 1277 4112 1302 4153; x_wconf 83' lang='lat' dir='ltr'>et</span> <span class='ocrx_word' id='word_1_337' title='bbox 1318 4119 1365 4156; x_wconf 85' lang='lat' dir='ltr'>noe</span> <span class='ocrx_word' id='word_1_338' title='bbox 1384 4106 1479 4156; x_wconf 66' lang='lat' dir='ltr'>deur</span> 
     </span>
     <span class='ocr_line' id='line_1_37' title="bbox 317 4162 1479 4231; baseline 0.01 -21"><span class='ocrx_word' id='word_1_339' title='bbox 317 4162 397 4211; x_wconf 89' lang='lat' dir='ltr'>bimur</span> <span class='ocrx_word' id='word_1_340' title='bbox 415 4179 435 4212; x_wconf 88' lang='lat' dir='ltr'>c.</span> <span class='ocrx_word' id='word_1_341' title='bbox 487 4164 510 4214; x_wconf 88' lang='lat'>5.</span> <span class='ocrx_word' id='word_1_342' title='bbox 529 4165 651 4227; x_wconf 85' lang='lat' dir='ltr'>positione</span> <span class='ocrx_word' id='word_1_343' title='bbox 668 4166 744 4217; x_wconf 71' lang='lat' dir='ltr'>llice</span> <span class='ocrx_word' id='word_1_344' title='bbox 803 4166 828 4216; x_wconf 86' lang='lat' dir='ltr'>li.</span> <span class='ocrx_word' id='word_1_345' title='bbox 847 4178 973 4231; x_wconf 83' lang='lat' dir='ltr'>perspecte</span> <span class='ocrx_word' id='word_1_346' title='bbox 992 4170 1016 4217; x_wconf 85' lang='grc'>11.</span> <span class='ocrx_word' id='word_1_347' title='bbox 1076 4169 1099 4217; x_wconf 84' lang='lat' dir='ltr'>i.</span> <span class='ocrx_word' id='word_1_348' title='bbox 1120 4172 1215 4220; x_wconf 84' lang='lat' dir='ltr'>roeahis</span> <span class='ocrx_word' id='word_1_349' title='bbox 1232 4174 1258 4222; x_wconf 77' lang='lat' dir='ltr'>A.</span> <span class='ocrx_word' id='word_1_350' title='bbox 1315 4170 1341 4222; x_wconf 79' lang='lat'>8.</span> <span class='ocrx_word' id='word_1_351' title='bbox 1361 4168 1479 4224; x_wconf 71' lang='lat' dir='ltr'>addicet</span> 
     </span>
     <span class='ocr_line' id='line_1_38' title="bbox 317 4230 1483 4306; baseline 0.01 -27"><span class='ocrx_word' id='word_1_352' title='bbox 317 4230 341 4279; x_wconf 86' lang='grc'>11.</span> <span class='ocrx_word' id='word_1_353' title='bbox 361 4231 449 4279; x_wconf 83' lang='lat' dir='ltr'>etenim</span> <span class='ocrx_word' id='word_1_354' title='bbox 467 4233 509 4280; x_wconf 80' lang='grc'><strong>111.</strong></span> <span class='ocrx_word' id='word_1_355' title='bbox 565 4233 990 4297; x_wconf 72' lang='lat' dir='ltr'>10.eorrupuvumueu.turcani.</span> <span class='ocrx_word' id='word_1_356' title='bbox 1032 4246 1172 4297; x_wconf 90' lang='lat' dir='ltr'>corruptum</span> <span class='ocrx_word' id='word_1_357' title='bbox 1199 4240 1291 4302; x_wconf 83' lang='lat' dir='ltr'>reliqui.</span> <span class='ocrx_word' id='word_1_358' title='bbox 1347 4240 1389 4290; x_wconf 92' lang='grc'>11.</span> <span class='ocrx_word' id='word_1_359' title='bbox 1407 4252 1483 4306; x_wconf 74' lang='lat' dir='ltr'>supet·</span> 
     </span>
     <span class='ocr_line' id='line_1_39' title="bbox 316 4296 1485 4367; baseline 0.014 -22"><span class='ocrx_word' id='word_1_360' title='bbox 316 4296 383 4346; x_wconf 88' lang='lat' dir='ltr'>indui</span> <span class='ocrx_word' id='word_1_361' title='bbox 401 4314 430 4354; x_wconf 89' lang='lat' dir='ltr'>e.,</span> <span class='ocrx_word' id='word_1_362' title='bbox 449 4300 477 4347; x_wconf 88' lang='lat' dir='ltr'>de</span> <span class='ocrx_word' id='word_1_363' title='bbox 491 4299 541 4349; x_wconf 89' lang='lat' dir='ltr'>eod.</span> <span class='ocrx_word' id='word_1_364' title='bbox 552 4299 723 4350; x_wconf 73' lang='lat' dir='ltr'>lociemeetir.</span> <span class='ocrx_word' id='word_1_365' title='bbox 758 4302 935 4363; x_wconf 84' lang='lat' dir='ltr'>superinduere</span> <span class='ocrx_word' id='word_1_366' title='bbox 952 4304 1044 4367; x_wconf 84' lang='lat' dir='ltr'>reliqui.</span> <span class='ocrx_word' id='word_1_367' title='bbox 1089 4303 1127 4353; x_wconf 80' lang='lat'>12.</span> <span class='ocrx_word' id='word_1_368' title='bbox 1146 4319 1230 4354; x_wconf 86' lang='lat' dir='ltr'>somus</span> <span class='ocrx_word' id='word_1_369' title='bbox 1248 4306 1303 4356; x_wconf 75' lang='lat' dir='ltr'>ded.</span> <span class='ocrx_word' id='word_1_370' title='bbox 1321 4313 1370 4357; x_wconf 82' lang='lat' dir='ltr'>tres</span> <span class='ocrx_word' id='word_1_371' title='bbox 1383 4308 1485 4360; x_wconf 69' lang='lat' dir='ltr'>verost</span> 
     </span>
     <span class='ocr_line' id='line_1_40' title="bbox 318 4362 1487 4432; baseline 0.012 -20"><span class='ocrx_word' id='word_1_372' title='bbox 318 4362 357 4412; x_wconf 84' lang='grc'>13.</span> <span class='ocrx_word' id='word_1_373' title='bbox 376 4366 487 4414; x_wconf 83' lang='lat' dir='ltr'>volumus</span> <span class='ocrx_word' id='word_1_374' title='bbox 502 4367 547 4416; x_wconf 76' lang='lat' dir='ltr'>AB.</span> <span class='ocrx_word' id='word_1_375' title='bbox 593 4366 633 4414; x_wconf 80' lang='lat' dir='ltr'>ll.</span> <span class='ocrx_word' id='word_1_376' title='bbox 653 4367 804 4417; x_wconf 71' lang='lat' dir='ltr'>demutamur</span> <span class='ocrx_word' id='word_1_377' title='bbox 821 4368 918 4431; x_wconf 76' lang='lat' dir='ltr'>ABCmq.</span> <span class='ocrx_word' id='word_1_378' title='bbox 938 4372 989 4419; x_wconf 88' lang='lat' dir='ltr'>eod.</span> <span class='ocrx_word' id='word_1_379' title='bbox 1008 4373 1039 4425; x_wconf 87' lang='grc' dir='ltr'>1ο.</span> <span class='ocrx_word' id='word_1_380' title='bbox 1053 4371 1180 4432; x_wconf 80' lang='lat' dir='ltr'>Clementis,</span> <span class='ocrx_word' id='word_1_381' title='bbox 1201 4381 1247 4423; x_wconf 82' lang='lat' dir='ltr'>tres</span> <span class='ocrx_word' id='word_1_382' title='bbox 1261 4373 1373 4424; x_wconf 82' lang='lat' dir='ltr'>Votieorri.</span> <span class='ocrx_word' id='word_1_383' title='bbox 1409 4377 1487 4426; x_wconf 77' lang='lat' dir='ltr'>deme·</span> 
     </span>
     <span class='ocr_line' id='line_1_41' title="bbox 316 4432 1489 4499; baseline 0.012 -20"><span class='ocrx_word' id='word_1_384' title='bbox 316 4437 380 4480; x_wconf 82' lang='lat' dir='ltr'>tetur</span> <span class='ocrx_word' id='word_1_385' title='bbox 399 4432 481 4481; x_wconf 85' lang='lat' dir='ltr'>Cobed.</span> <span class='ocrx_word' id='word_1_386' title='bbox 529 4434 567 4482; x_wconf 85' lang='grc'>15.</span> <span class='ocrx_word' id='word_1_387' title='bbox 586 4432 716 4483; x_wconf 85' lang='lat' dir='ltr'>incrillesta</span> <span class='ocrx_word' id='word_1_388' title='bbox 735 4435 850 4484; x_wconf 77' lang='lat' dir='ltr'>eodeelo.</span> <span class='ocrx_word' id='word_1_389' title='bbox 862 4436 989 4485; x_wconf 80' lang='lat' dir='ltr'>Clementis.</span> <span class='ocrx_word' id='word_1_390' title='bbox 1026 4439 1175 4488; x_wconf 84' lang='lat' dir='ltr'>luerilsetam</span> <span class='ocrx_word' id='word_1_391' title='bbox 1197 4439 1228 4499; x_wconf 74' lang='grc'>0.,</span> <span class='ocrx_word' id='word_1_392' title='bbox 1249 4446 1270 4489; x_wconf 88' lang='lat' dir='ltr'>et</span> <span class='ocrx_word' id='word_1_393' title='bbox 1286 4443 1343 4491; x_wconf 79' lang='lat' dir='ltr'>iude</span> <span class='ocrx_word' id='word_1_394' title='bbox 1361 4444 1418 4494; x_wconf 88' lang='lat' dir='ltr'>edd.</span> <span class='ocrx_word' id='word_1_395' title='bbox 1430 4445 1489 4495; x_wconf 70' lang='lat' dir='ltr'>Sen-</span> 
     </span>
     <span class='ocr_line' id='line_1_42' title="bbox 315 4498 1490 4565; baseline 0.013 -19"><span class='ocrx_word' id='word_1_396' title='bbox 315 4498 360 4548; x_wconf 80' lang='lat' dir='ltr'>terr·</span> <span class='ocrx_word' id='word_1_397' title='bbox 377 4504 398 4547; x_wconf 88' lang='lat' dir='ltr'>et</span> <span class='ocrx_word' id='word_1_398' title='bbox 417 4499 535 4561; x_wconf 80' lang='lat' dir='ltr'>leopoldi,</span> <span class='ocrx_word' id='word_1_399' title='bbox 554 4501 670 4550; x_wconf 80' lang='lat' dir='ltr'>mendose.</span> <span class='ocrx_word' id='word_1_400' title='bbox 731 4499 769 4549; x_wconf 88' lang='grc'>16.</span> <span class='ocrx_word' id='word_1_401' title='bbox 793 4504 939 4565; x_wconf 85' lang='lat' dir='ltr'>experitatur</span> <span class='ocrx_word' id='word_1_402' title='bbox 956 4506 981 4553; x_wconf 79' lang='grc' dir='ltr'>Α,</span> <span class='ocrx_word' id='word_1_403' title='bbox 1043 4505 1080 4553; x_wconf 82' lang='grc'>11.</span> <span class='ocrx_word' id='word_1_404' title='bbox 1106 4515 1232 4556; x_wconf 80' lang='lat' dir='ltr'>erecturus</span> <span class='ocrx_word' id='word_1_405' title='bbox 1255 4507 1300 4558; x_wconf 77' lang='lat' dir='ltr'>At.</span> <span class='ocrx_word' id='word_1_406' title='bbox 1363 4509 1405 4560; x_wconf 78' lang='lat'>18.</span> <span class='ocrx_word' id='word_1_407' title='bbox 1428 4512 1490 4563; x_wconf 69' lang='lat' dir='ltr'>cusi</span> 
     </span>
     <span class='ocr_line' id='line_1_43' title="bbox 316 4564 1493 4630; baseline 0.015 -18"><span class='ocrx_word' id='word_1_408' title='bbox 316 4564 389 4613; x_wconf 87' lang='lat' dir='ltr'>modo</span> <span class='ocrx_word' id='word_1_409' title='bbox 408 4565 504 4628; x_wconf 90' lang='lat' dir='ltr'>quidem</span> <span class='ocrx_word' id='word_1_410' title='bbox 522 4567 599 4616; x_wconf 76' lang='lat' dir='ltr'>idco.</span> <span class='ocrx_word' id='word_1_411' title='bbox 659 4567 831 4630; x_wconf 73' lang='lat' dir='ltr'>tuiliano,</span> <span class='ocrx_word' id='word_1_412' title='bbox 852 4573 949 4620; x_wconf 76' lang='lat' dir='ltr'>seced,</span> <span class='ocrx_word' id='word_1_413' title='bbox 969 4571 1143 4623; x_wconf 68' lang='lat' dir='ltr'>inclementis.</span> <span class='ocrx_word' id='word_1_414' title='bbox 1197 4573 1238 4623; x_wconf 79' lang='lat'>20.</span> <span class='ocrx_word' id='word_1_415' title='bbox 1256 4574 1290 4624; x_wconf 84' lang='lat' dir='ltr'>uti</span> <span class='ocrx_word' id='word_1_416' title='bbox 1309 4576 1348 4626; x_wconf 82' lang='lat' dir='ltr'>ed.</span> <span class='ocrx_word' id='word_1_417' title='bbox 1402 4576 1444 4629; x_wconf 78' lang='lat'>21.</span> <span class='ocrx_word' id='word_1_418' title='bbox 1470 4586 1493 4630; x_wconf 77' lang='lat' dir='ltr'>st</span> 
     </span>
     <span class='ocr_line' id='line_1_44' title="bbox 316 4634 1036 4703; baseline 0.01 -22"><span class='ocrx_word' id='word_1_419' title='bbox 316 4640 415 4682; x_wconf 79' lang='lat' dir='ltr'>aeterno</span> <span class='ocrx_word' id='word_1_420' title='bbox 434 4634 480 4692; x_wconf 83' lang='lat' dir='ltr'>ed,</span> <span class='ocrx_word' id='word_1_421' title='bbox 500 4635 529 4683; x_wconf 87' lang='lat' dir='ltr'>de</span> <span class='ocrx_word' id='word_1_422' title='bbox 546 4636 597 4684; x_wconf 83' lang='lat' dir='ltr'>eod.</span> <span class='ocrx_word' id='word_1_423' title='bbox 616 4635 650 4684; x_wconf 88' lang='lat' dir='ltr'>lo.</span> <span class='ocrx_word' id='word_1_424' title='bbox 662 4636 790 4686; x_wconf 81' lang='lat' dir='ltr'>Clementis.</span> <span class='ocrx_word' id='word_1_425' title='bbox 826 4645 925 4687; x_wconf 84' lang='lat' dir='ltr'>seteruo</span> <span class='ocrx_word' id='word_1_426' title='bbox 943 4640 1036 4703; x_wconf 83' lang='lat' dir='ltr'>reliqui.</span> 
     </span>
    </p>
   </div>
   <div class='ocr_carea' id='block_1_6' title="bbox 314 4732 1497 4874">
    <p class='ocr_par' dir='ltr' id='par_1_7' title="bbox 314 4732 1497 4874">
     <span class='ocr_line' id='line_1_45' title="bbox 349 4732 1497 4814; baseline 0.014 -32"><span class='ocrx_word' id='word_1_427' title='bbox 349 4732 407 4809; x_wconf 56' lang='lat' dir='ltr'>Cep:</span> <span class='ocrx_word' id='word_1_428' title='bbox 435 4734 503 4783; x_wconf 79' lang='grc'><strong>1111.</strong></span> <span class='ocrx_word' id='word_1_429' title='bbox 561 4749 582 4784; x_wconf 80' lang='lat' dir='ltr'>e.</span> <span class='ocrx_word' id='word_1_430' title='bbox 609 4749 686 4799; x_wconf 86' lang='lat' dir='ltr'>nsque</span> <span class='ocrx_word' id='word_1_431' title='bbox 718 4736 876 4814; x_wconf 77' lang='lat' dir='ltr'>novissimum</span> <span class='ocrx_word' id='word_1_432' title='bbox 928 4738 985 4801; x_wconf 92' lang='lat' dir='ltr'>quid</span> <span class='ocrx_word' id='word_1_433' title='bbox 1004 4754 1094 4802; x_wconf 89' lang='lat' dir='ltr'>corpus</span> <span class='ocrx_word' id='word_1_434' title='bbox 1112 4741 1147 4790; x_wconf 88' lang='lat' dir='ltr'>eis</span> <span class='ocrx_word' id='word_1_435' title='bbox 1165 4741 1244 4790; x_wconf 86' lang='lat' dir='ltr'>debet.</span> <span class='ocrx_word' id='word_1_436' title='bbox 1283 4742 1320 4791; x_wconf 74' lang='lat' dir='ltr'>Cl,</span> <span class='ocrx_word' id='word_1_437' title='bbox 1340 4743 1425 4796; x_wconf 82' lang='lat' dir='ltr'>iletth.</span> <span class='ocrx_word' id='word_1_438' title='bbox 1443 4761 1497 4814; x_wconf 80' lang='lat' dir='ltr'>usp.</span> 
     </span>
     <span class='ocr_line' id='line_1_46' title="bbox 314 4798 1363 4874; baseline 0.011 -25"><span class='ocrx_word' id='word_1_439' title='bbox 314 4800 471 4863; x_wconf 84' lang='lat' dir='ltr'>qosdrantem</span> <span class='ocrx_word' id='word_1_440' title='bbox 491 4798 650 4866; x_wconf 75' lang='lat' dir='ltr'>exacturosij</span> <span class='ocrx_word' id='word_1_441' title='bbox 675 4803 727 4854; x_wconf 87' lang='lat' dir='ltr'>iioc</span> <span class='ocrx_word' id='word_1_442' title='bbox 751 4811 789 4852; x_wconf 88' lang='lat' dir='ltr'>est</span> <span class='ocrx_word' id='word_1_443' title='bbox 807 4820 875 4869; x_wconf 82' lang='lat' dir='ltr'>quic·</span> <span class='ocrx_word' id='word_1_444' title='bbox 928 4806 1006 4865; x_wconf 63' lang='lat' dir='ltr'>mo.</span> <span class='ocrx_word' id='word_1_445' title='bbox 1044 4810 1080 4856; x_wconf 77' lang='lat' dir='ltr'>ut.</span> <span class='ocrx_word' id='word_1_446' title='bbox 1100 4809 1133 4857; x_wconf 86' lang='lat' dir='ltr'>lie</span> <span class='ocrx_word' id='word_1_447' title='bbox 1152 4810 1235 4858; x_wconf 80' lang='lat' dir='ltr'>haime</span> <span class='ocrx_word' id='word_1_448' title='bbox 1255 4809 1363 4874; x_wconf 78' lang='lat' dir='ltr'>esp.35.</span> 
     </span>
    </p>
   </div>
   <div class='ocr_carea' id='block_1_7' title="bbox 0 0 1633 5775">
    <p class='ocr_par' dir='ltr' id='par_1_8' title="bbox 0 0 1633 5775">
     <span class='ocr_line' id='line_1_47' title="bbox 0 0 1633 5775; baseline 0 0"><span class='ocrx_word' id='word_1_449' title='bbox 0 0 1633 5775; x_wconf 95' lang='lat' dir='ltr'> </span> 
     </span>
    </p>
   </div>
  </div>
 </body>
</html>
