3242 5775
311 629 373 696 618
570 642 671 694 omnm
693 639 825 684 ssrrmr
846 637 1012 682 ruonrnrrs
1034 601 1231 681 renascamur

311 795 391 874 plina
415 792 491 854 ¹⁰die
512 809 546 853 ac
567 789 631 863 die,
655 808 715 850 non
737 788 812 862 illic,
837 787 866 848 id
890 795 1017 848 estnon
1040 795 1111 865 post
1132 787 1409 860 resurrectionem,
1443 790 1489 850 ubi

311 913 373 956 non
394 893 497 971 utique
520 891 595 952 ”die
618 909 652 951 ac
673 890 720 949 die
741 888 879 949 renovari
900 886 1060 957 habemus,
1084 887 1136 947 sed
1160 886 1254 947 semel
1276 886 1313 947 ad
1330 907 1487 950 summam.

198 994 356 1096 1923}less
376 991 570 1072 sequentibus
592 990 690 1051 disce:
714 989 800 1061 Quod
825 988 903 1049 enim
925 986 989 1048 ²¹ad
1012 1005 1155 1066 praesens
1178 995 1239 1061 est,
1273 987 1389 1067 inquit,
1414 999 1486 1051 tem·

226 1074 233 1096 ⁹
295 1073 417 1174 'porale
438 1105 469 1153 et
490 1093 554 1153 leve
576 1109 736 1171 pressurae
758 1098 879 1150 nostrae
901 1087 984 1166 ”per
1007 1105 1234 1165 supergressum
1257 1087 1287 1147 in
1308 1107 1485 1168 supergres-

314 1192 403 1258 sum¹
423 1201 576 1254 aeternum
599 1192 709 1270 gloriae
731 1189 848 1268 pondus
871 1187 1031 1266 ”perficiet
1053 1187 1156 1259 nobis,
1189 1205 1252 1248 non
1273 1187 1483 1250 ²‘intuentibus

314 1312 389 1373 quae
415 1293 566 1363 ridentur,
601 1291 630 1351 id
659 1301 705 1352 est
732 1289 906 1369 passiones,
939 1288 992 1347 sed
1022 1305 1096 1365 quae
1118 1306 1178 1347 non
1202 1287 1356 1361 videntur,
1392 1291 1483 1351 idest

314 1394 476 1455 mercedes.
522 1392 605 1464 Quae
628 1391 706 1452 enim
729 1389 880 1460 videntur,
913 1388 1086 1465 temporalia
1115 1396 1200 1460 sunt,
1234 1407 1309 1467 quae
1333 1408 1480 1450 veronen

314 1494 467 1565 ridentur,
490 1500 609 1553 aeterna
630 1490 736 1551 ”sunt
773 1489 935 1550 Pressuras
959 1488 1037 1547 enim
1062 1497 1091 1548 et
1112 1488 1261 1561 laesuras,
1285 1490 1396 1567 quibus
1419 1509 1479 1551 cor-

315 1592 463 1670 rumpitur
484 1593 574 1653 bomo
598 1591 743 1662 exterior,
776 1597 810 1649 ut
830 1588 910 1649 leves
933 1596 963 1649 et
985 1588 1179 1666 temporales,
1213 1589 1326 1650 idcirco
1349 1600 1478 1652 contem·

315 1693 428 1754 nendas
458 1693 600 1763 affirmat,
632 1693 804 1770 praeterens
834 1689 1004 1749 mercedum
1032 1697 1218 1750 aeternarum
1241 1689 1435 1752 invisibilium
1454 1700 1480 1751 et

314 1793 426 1872 gloriae
447 1793 564 1871 pondus
587 1790 616 1851 in
639 1790 912 1869 compensationem
933 1789 1085 1860 laborum,
1108 1808 1183 1868 quos
1199 1790 1332 1851 biccaro
1348 1792 1479 1870 patiendo

315 1892 525 1970 corrumpitur.
557 1892 638 1952 Adeo
661 1910 721 1950 non
744 1890 792 1950 illa
815 1898 862 1950 est
883 1890 1034 1969 corruptio
1058 1907 1145 1967 quam
1167 1890 1197 1949 in
1219 1905 1400 1970 perpetuum
1422 1911 1479 1954 ear-

242 1997 244 2002 '
315 1983 372 2054 nis
387 1992 538 2053 interitum
561 1992 596 2052 ad
619 1991 869 2052 resurrectionem
897 1990 1097 2068 expellendam
1127 1987 1268 2051 exteriori
1297 1992 1411 2053 homini
1433 1993 1479 2055 ad-

175 2091 299 2195 vffllflgq·
318 2093 462 2156 scribunt.
497 2092 547 2153 Sic
569 2100 599 2151 et
620 2091 702 2162 alibi,
727 2090 896 2168 Siquidem,
919 2090 975 2162 ait,
997 2090 1208 2167 compatimur,
1232 2091 1274 2150 uti
1290 2101 1320 2153 et
1334 2091 1481 2172 ”conglo-

315 2193 480 2255 rificemur:
509 2200 614 2269 reputo
638 2192 717 2251 enim
740 2209 801 2251 non
823 2191 928 2268 dignas
952 2209 1019 2251 esse
1046 2190 1202 2269 passiones
1230 2192 1320 2252 buius
1344 2194 1482 2272 temporis

316 2292 500 2354 adiuturam
523 2291 661 2369 gloriam,
694 2291 822 2370 quaein
850 2309 906 2349 nos
935 2289 1023 2350 babet
1050 2290 1183 2350 revelari.
1232 2290 1270 2351 Et
1298 2292 1347 2352 hic
1375 2294 1484 2354 minora

316 2392 446 2455 ostendit
468 2392 654 2452 incommoda
675 2390 815 2469 praemiis
837 2390 910 2451 suis.
957 2389 1054 2449 Porro
1076 2390 1101 2450 si
1124 2408 1317 2468 peromnem
1341 2395 1484 2474 compati-

317 2511 399 2565 mur,
422 2492 506 2553 cuius
530 2500 576 2552 est
597 2491 718 2570 proprie
739 2490 930 2569 passionibus
954 2490 1121 2569 corrumpi,
1144 2490 1276 2552 eiusdem
1294 2494 1351 2553 erit
1366 2503 1398 2555 et
1411 2495 1485 2573 quod

218 2569 226 2581 ¹
315 2610 370 2671 pro
394 2591 602 2668 compassione
624 2590 817 2669 promittitur.
849 2589 945 2668 Atque
960 2590 1033 2650 adeo
1049 2591 1128 2650 carni
1144 2590 1379 2670 ²⁷adscripiurus
1402 2614 1486 2674 pres-

164 2709 304 2761 uconvns.
316 2707 455 2753 surarum
476 2690 703 2767 proprietatem,
726 2690 787 2750 ”ut
803 2698 832 2750 et
847 2707 937 2766 supra
947 2695 967 2761 ⁰,
991 2689 1076 2762 dicit,
1100 2690 1172 2751 Cum
1188 2692 1375 2755 venissemus
1391 2704 1487 2757 autem

315 2791 347 2852 iu
368 2789 587 2860 Macedoniam,
611 2790 719 2849 nullam
743 2790 953 2850 remissionem
974 2789 1076 2850 habuit
1097 2809 1165 2851 earo
1182 2801 1302 2864 nostra,
1326 2793 1437 2857 dehinc
1456 2804 1489 2856 ut

316 2892 376 2953 ¹'et
397 2890 511 2952 animae
532 2889 645 2950 ”daret
666 2890 921 2968 compassionem,
944 2888 977 2949 ln
994 2890 1150 2964 omnibus,
1173 2893 1282 2971 inquit,
1306 2898 1490 2975 compressi:

317 2991 501 3052 extrinsecus
525 3007 656 3067 pugnae,
685 2989 867 3049 debellantes
889 2990 1002 3051 scilieet
1022 3010 1156 3063 carnem,
1186 2993 1367 3056 intrinsecus
1390 2998 1489 3070 timor,

308 3091 460 3152 alllictans
483 3090 595 3150 scilicet
615 3090 753 3150 animam.
801 3089 884 3149 Adeo
912 3091 969 3151 etsi
998 3092 1198 3170 corrumpitur
1228 3093 1320 3152 homo
1349 3097 1490 3171 exterior,

316 3209 379 3252 nou
406 3190 425 3222 ³¹
435 3198 468 3250 ut
494 3190 633 3250 amittens
665 3190 934 3263 resurrectionem,
969 3191 1022 3251 sed
1049 3199 1082 3252 ut
1109 3192 1258 3253 sustinens
1290 3196 1488 3265 vexationem.

316 3290 466 3371 corrumpi
488 3290 702 3368 ”intellegetur
723 3290 787 3352 ³³ex
809 3290 869 3351 boc
889 3308 950 3351 non
973 3291 1038 3351 sine
1066 3291 1218 3353 interiore.
1263 3293 1305 3354 lta
1331 3296 1489 3359 amborum

315 3391 402 3455 ”erit
422 3391 510 3453 etiam
532 3391 763 3469 conglorificari,
797 3390 875 3451 sicut
903 3399 933 3451 et
954 3391 1090 3470 compati.
1142 3394 1310 3455 Secundum
1337 3395 1490 3477 ”collegia

315 3493 451 3556 laborum
472 3492 623 3554 consortia
644 3491 759 3552 ³⁶etiam
782 3492 941 3552 decurrant
962 3510 1086 3553 necesse
1109 3501 1156 3554 est
1177 3495 1390 3573 praemiorum.

319 3712 356 3762 19.
376 3712 406 3761 de
425 3711 603 3760 dieacdiee.
655 3709 696 3759 20.
715 3709 802 3758 dedic
821 3708 941 3758 dedice.
994 3708 1035 3758 21.
1054 3718 1078 3760 et
1093 3712 1137 3761 AB.
1179 3711 1219 3761 22.
1238 3727 1282 3775 per
1300 3729 1488 3778 supergressum

315 3779 339 3828 iu
358 3791 543 3840 supergressum
562 3778 621 3826 llid.
663 3792 707 3839 per
724 3790 910 3840 supergressum
929 3778 964 3825 bc.
1006 3792 1191 3839 supergressum
1217 3781 1432 3843 insupergressnrn
1452 3784 1490 3835 Ge.

316 3842 672 3906 superseminatorem.
714 3842 755 3891 24.
774 3842 1077 3906 intuentibuslBCmpbcd.
1114 3853 1137 3893 nt
1155 3847 1277 3895 tuentibus
1289 3848 1328 3897 Co.
1373 3850 1416 3900 25.
1434 3860 1489 3900 eunt

316 3910 399 3960 σκιά.
441 3908 481 3957 26.
501 3909 744 3967 conglorillmmurl.
786 3909 827 3959 21.
846 3910 1011 3972 adscripturus
1024 3928 1073 3973 epo.
1108 3913 1253 3962 adscribitur
1266 3915 1363 3964 arluc.
1400 3920 1490 3967 asseri

315 3977 349 4025 bit
366 3977 460 4039 reliqui,
480 3976 508 4023 de
526 3976 637 4024 emendat.
655 3977 763 4025 flirenont.
821 3975 862 4025 28.
881 3984 907 4025 ut
925 3985 948 4024 et
966 3992 1039 4040 supra
1058 3978 1115 4027 dicit
1139 3995 1188 4041 epo.
1231 3988 1256 4029 ut
1279 3989 1303 4029 et
1326 3997 1402 4044 supra
1426 3985 1489 4034 dicet

315 4044 391 4101 ebed,
412 4044 441 4090 de
458 4043 570 4090 emendat.
588 4041 697 4092 lllrenoni.
740 4050 816 4092 mutet
833 4058 907 4106 sopra
925 4044 983 4092 dicit
1000 4045 1061 4096 166.
1121 4044 1161 4095 29.
1181 4055 1203 4094 et
1222 4062 1265 4096 oux.
1277 4050 1301 4096 d.
1355 4048 1398 4101 30.
1422 4052 1489 4101 daret

315 4125 359 4160 om.
376 4109 418 4158 tu.
471 4106 670 4158 ibriones.
723 4108 764 4158 32.
791 4109 945 4173 intellegetur
968 4112 1003 4160 cd.
1029 4114 1079 4160 cod.
1099 4113 1271 4163 lactemus.
1313 4115 1490 4180 intelligeretur

314 4176 375 4226 ABG.
411 4174 551 4236 intelligitur
569 4177 606 4225 ab.
659 4175 699 4225 33.
718 4191 745 4224 ex
764 4177 878 4239 bocepo.
924 4185 948 4226 et
973 4178 1019 4227 boc
1045 4180 1100 4228 libri
1118 4195 1203 4230 omnes.
1256 4179 1297 4230 st.
1317 4184 1364 4233 erit
1382 4200 1426 4235 oni.
1445 4185 1489 4237 at.

315 4242 356 4293 36.
375 4241 483 4305 conlegia
502 4247 527 4292 t.
578 4242 620 4292 36.
638 4245 709 4292 etiam
728 4246 779 4294 bed.
816 4258 912 4308 quoque
929 4246 1021 4309 reliqui.

314 4411 414 4475 spiritus
432 4411 547 4473 suggerit,
571 4411 606 4458 rel
626 4409 800 4460 subministrat.
836 4411 877 4461 Sic
926 4427 997 4475 quam
1016 4427 1089 4476 supra
1108 4415 1196 4475 gravati
1215 4430 1299 4464 snmus
1320 4417 1380 4466 citra
1399 4419 1489 4475 eires.“

315 4493 367 4541 cap.
378 4476 411 4526 26
438 4492 485 4537 „ex
502 4478 604 4526 aliorum
629 4492 743 4526 sensuum
767 4485 877 4541 suggestu
925 4480 990 4559 pund
1011 4480 1099 4531 Paulus
1118 4482 1209 4532 dixerat
1226 4475 1317 4536 ..καθ’
1337 4477 1491 4554 ὑπερβολὴν

314 4545 511 4610 procurantem.“
536 4545 572 4593 61.
590 4544 690 4605 apolog.
710 4561 762 4609 cap.
776 4545 806 4595 18
824 4561 876 4607 „ec
924 4540 992 4611 υπὲρ
1011 4540 1164 4613 δύναμιν.“
1180 4550 1287 4610 (Rigalt.)

313 4618 422 4675 suppeeto
441 4611 544 4659 Demetri
564 4610 699 4660 austerae·
959 4628 981 4663 e.
998 4621 1024 4662 ut
1042 4623 1066 4663 et
1083 4612 1168 4681 supra]
1187 4617 1213 4665 ln
1232 4617 1311 4666 verbis
1327 4620 1434 4683 apostoli
1447 4635 1489 4669 eu-

348 4680 371 4728 d.
391 4693 434 4740 per
446 4692 629 4739 supergressum
643 4677 873 4742 iusupergressum]
924 4695 967 4742 pra
987 4681 1073 4740 citatis,
1092 4684 1126 4731 rel
1147 4685 1169 4733 in
1188 4685 1315 4746 superiore
1326 4687 1447 4747 epistolae
1459 4687 1490 4736 ad

314 4745 438 4809 Expressit
448 4746 537 4792 Graeca
550 4743 631 4803 Pauli:
651 4737 740 4797 „rtod‘
760 4739 874 4808 ὑπερβο-
923 4747 1062 4797 Corinthios
1086 4759 1165 4814 parte,
1198 4750 1307 4802 videlieet
1332 4753 1353 4801 11
1379 4754 1493 4805 Corinth.-

311 4807 363 4872 λὴν
379 4805 418 4864 εἰς
434 4802 618 4877 ὕπερβολὴν.“
644 4812 873 4877 Siciuire„super·
925 4814 1010 4877 caud,
1025 4814 1063 4864 16.
