3242 5775
493 657 660 726 'mmxsos
681 680 854 728 mocxonmr
876 685 935 729 cm.
950 685 982 730 ιι.
1301 680 1343 745 93
1366 627 1374 652 ν

141 837 200 892 stat
221 837 257 892 ut
277 846 338 910 pro
362 828 468 892 animo
492 839 523 891 et
543 830 667 894 arbitrio
689 851 746 895 suo
761 833 925 912 truatur?).
962 834 1056 915 Igitur
1071 855 1261 919 consequeus
1277 852 1341 906 erat

143 931 192 992 uti
211 931 288 992 dens
309 930 473 993 secederet
494 951 511 994 a
533 932 687 1005 libertus,
710 933 802 995 semel
826 953 968 998 concessa
987 937 1118 1008 bomini,
1141 940 1171 1000 id
1195 950 1242 1001 est
1263 961 1339 1003 con-

145 1032 258 1094 tinem
278 1032 308 1093 in
328 1031 421 1113 'ipso
445 1040 476 1095 et
496 1032 724 1113 praescientiam
748 1042 777 1095 et
798 1036 1034 1114 praepotentiam
1058 1058 1159 1111 suam,
1188 1059 1243 1119 per
1264 1060 1338 1120 quos

145 1131 359 1196 intffoessisse
382 1133 549 1213 potuisset,
572 1135 732 1213 quominus
754 1135 846 1197 bomo
868 1138 945 1199 male
967 1138 1103 1201 libertate
1125 1159 1179 1201 sua
1202 1141 1336 1222 frui-ag-

144 1251 267 1315 gressus
290 1234 323 1295 in
345 1234 516 1313 periculum
537 1235 697 1298 laberetur.
743 1236 774 1296 Si
798 1237 877 1297 enim
900 1238 1138 1311 intercessisset,
1161 1241 1337 1304 rescidisset

143 1335 257 1397 :bitrii
281 1334 474 1410 libertatem,
508 1354 595 1416 quam
625 1336 741 1399 ratione
770 1345 800 1399 et
821 1337 952 1399 bonitate
972 1339 1157 1417 permiserat
1200 1340 1336 1420 Denique

142 1443 213 1516 puta
233 1435 474 1511 intercessisse,
512 1446 581 1516 puta
610 1437 774 1499 rescidisse
800 1438 882 1499 illurn
911 1439 1023 1501 arbitrii
1045 1439 1229 1514 libertatem,
1263 1441 1333 1504 dum

143 1547 262 1599 morat
286 1536 326 1598 ab
350 1537 478 1610 amore,
508 1538 577 1600 dum
599 1538 698 1617 ipsum
721 1538 1011 1618 circumscriptorem
1041 1540 1196 1602 colubrum
1218 1560 1234 1603 a
1257 1560 1333 1603 con-

142 1657 248 1718 perto
272 1637 408 1699 feminae
431 1647 528 1711 arcet,
551 1658 652 1701 nonne
675 1639 851 1701 exclamaret
865 1639 1011 1712 Marcion,
1034 1640 1058 1702 0
1083 1640 1237 1702 dominum
1259 1642 1331 1703 tuti-

140 1737 214 1808 tn,
237 1738 433 1811 instabilem,
455 1739 862 1815 infidelem,rescindentem
885 1759 960 1819 quae
981 1739 1135 1801 instituit?
1177 1741 1236 1803 Cur
1257 1760 1330 1821 per-

141 1840 267 1901 n’serat
290 1839 420 1901 liberum
444 1840 615 1914 arbitrium,
644 1841 671 1902 si
693 1839 873 1902 intercedit?
917 1841 976 1904 Cur
1003 1841 1174 1914 intercedit,
1204 1841 1231 1902 si
1257 1860 1329 1922 per-

141 1938 247 2002 ait?
295 1939 395 2018 Eligat
415 1940 466 2002 ubi
489 1938 681 2021 semetipsum
705 1942 819 2005 erroris
848 1951 950 2015 notet,
978 1941 1026 2002 ’in
1054 1942 1257 2015 institutione,
1291 1959 1329 2003 au

142 2039 172 2102 ’n
192 2041 396 2102 rescissione.
434 2041 539 2102 Nonne
561 2051 633 2104 tunc
654 2044 748 2119 magis
770 2043 912 2122 deceptus
936 2061 971 2103 ex
987 2041 1223 2121 impraescientia
1238 2040 1330 2103 futuri

142 2141 313 2212 n'doeetnr,
345 2160 414 2203 etxm
437 2142 630 2204 obstitisset?
658 2151 688 2205 et
709 2143 788 2222 quod
812 2142 897 2222 quasi
919 2143 1061 2222 ignorans
1084 2142 1234 2221 quomodo
1257 2161 1330 2210 eva·¹

144 2259 245 2305 mm
275 2251 363 2304 esset
392 2243 573 2317 indulserat,
610 2244 677 2324 quis
705 2262 766 2304 non
795 2242 931 2306 diceret?
982 2244 1041 2305 Sed
1064 2244 1121 2304 etsi
1149 2242 1331 2323 praescierat

144 2343 216 2406 nde
237 2343 399 2405 bominem
422 2343 611 2405 institutione
626 2363 679 2406 sua
696 2364 836 2419 usurum,
859 2343 930 2423 quid
947 2351 1006 2405 tam
1018 2344 1143 2422 dignum
1168 2343 1224 2404 deo
1240 2361 1328 2422 quam

106 2461 108 2500 :
148 2445 290 2524 panus,
314 2462 406 2524 quam
428 2443 501 2506 fides
525 2445 744 2506 institutionum
768 2443 1040 2525 qualiumcunque?
1073 2441 1204 2505 Vidisset
1225 2444 1327 2519 bomo,

149 2546 252 2607 finon
274 2544 360 2625 bene
382 2544 621 2624 ⁴dispunxisset¹
643 2545 722 2625 quod
745 2545 823 2607 bene
845 2554 1007 2624 acceperat,
1032 2545 1082 2606 ⁶ut
1095 2545 1161 2625 ipso
1177 2543 1233 2623 legi
1257 2563 1326 2607 reus

151 2645 252 2708 Esset
286 2644 334 2706 eui
367 2644 492 2724 obsequi
520 2646 684 2722 noluisset,
717 2665 778 2709 non
801 2655 834 2708 ut
855 2646 1006 2726 legislator
1027 2646 1092 2726 ipse
1114 2646 1247 2708 lraudem
1269 2645 1326 2725 legi

151 2765 217 2808 ae
236 2748 368 2819 iaceret,
390 2764 450 2807 non
474 2747 599 2808 sinendo
621 2748 838 2827 praescriptum
861 2748 925 2808 eius
948 2747 1074 2826 impleri.
1113 2746 1195 2808 llaec
1209 2745 1324 2826 diguis-

155 2847 224 2909 xiue
243 2848 461 2928 peroraturus*³
484 2847 514 2909 in
530 2857 711 2923 creatorem,
735 2848 761 2909 si
779 2849 873 2910 libero
896 2848 1018 2911 arbitrio
1041 2847 1172 2910 bominis
1195 2867 1231 2910 ex
1252 2866 1325 2927 pro·

155 2949 273 3010 ridentia
297 2958 327 3009 et
349 2950 499 3028 potentia,
529 2968 603 3028 quas
632 2951 742 3029 exigis,
777 2948 958 3023 obstitisset,
987 2968 1067 3011 nunc
1095 2949 1147 3010 tibi
1170 2951 1324 3011 insusurra

156 3066 204 3128 pro
224 3058 360 3112 creatore
389 3058 420 3110 et
448 3051 619 3129 gravitatem
648 3060 678 3112 et
703 3051 875 3130 patientiam
899 3058 928 3111 et
948 3051 1052 3125 tidem,
1087 3050 1323 3113 institutionibus
1395 3086 1399 3090 ·

160 3150 213 3210 εἰς
233 3153 333 3211 bxncto
358 3160 392 3211 ut
414 3160 445 3210 et
465 3151 661 3212 rationalibus
685 3160 715 3213 et
736 3151 834 3212 bonis.

231 3252 332 3330 lt'eqne
355 3252 434 3312 enim
457 3251 494 3311 ad
516 3252 672 3313 vivendum
695 3252 883 3313 solummodo
905 3253 1087 3330 produxerat
1101 3255 1269 3325 bominem,
1291 3261 1325 3315 ut
1339 3266 1457 3324 cipum.

163 3365 211 3410 nen
231 3352 264 3411 ad
288 3362 369 3413 reete
390 3352 563 3425 vivendum,
586 3354 615 3413 in
638 3362 774 3433 respectu
799 3353 912 3413 scilicet
927 3354 974 3413 dei
989 3353 1122 3431 legisque
1138 3354 1230 3413 ¹eius.
1262 3353 1323 3429 lgi-

167 3453 313 3513 hxivere
336 3453 456 3531 quidem
479 3453 538 3513 ’illi
569 3453 635 3531 ipse
662 3454 850 3532 praestiterat
880 3451 974 3512 ³lacto
1004 3452 1035 3511 in
1064 3451 1190 3510 animam
1219 3451 1326 3520 vivam,

170 3561 231 3612 terte
255 3572 326 3613 xero
355 3555 455 3615 virere
483 3553 675 3614 demandarat
701 3553 853 3615 admonito
884 3551 915 3611 in
942 3551 1018 3629 legis
1047 3550 1233 3629 obsequium.
1281 3551 1324 3612 lta

171 3653 260 3713 nnio
282 3664 407 3715 mortem
430 3654 598 3715 institutum
621 3654 771 3716 hominem
794 3652 903 3733 probat
924 3651 975 3730 qui
998 3670 1077 3712 nunc
1091 3651 1171 3731 cupit
1188 3652 1217 3712 in
1233 3652 1321 3713 vitam
1336 3641 1445 3746 xssv'ffig·

172 3752 333 3827 tudtnmm
367 3755 478 3816 malens
501 3755 665 3833 peccatoris
688 3755 899 3834 paenitentiam
927 3772 1014 3832 quam
1042 3762 1178 3814 mortem.
1231 3753 1323 3831 lgitur

175 3848 231 3912 int
248 3854 319 3915 deus
342 3855 454 3917 bomini
478 3855 553 3916 vitae
576 3863 684 3916 statum
707 3856 834 3926 induxit,
863 3855 903 3914 ita
931 3855 1022 3914 bomo
1051 3854 1108 3915 sibi
1131 3855 1236 3914 mortis
1260 3862 1322 3914 sta·

177 3954 222 4010 h
239 3955 366 4026 attraxit,
388 3966 418 4016 et
438 3957 579 4018 boc’non
602 3975 656 4035 per
677 3957 894 4026 infirmitatem,
918 3954 1004 4014 sicuti
1027 3973 1082 4015 nec
1103 3973 1157 4032 per
1180 3955 1321 4031 ignorau-

178 4050 244 4122 h,
262 4072 299 4114 ne
318 4055 387 4134 quid
408 4057 520 4118 auctori
544 4057 749 4136 imputaretur.
802 4057 877 4116 Nom
900 4054 957 4114 etsi
979 4055 1100 4133 angelus
1123 4055 1173 4132 qui
1195 4054 1321 4127 seduxit,

181 4149 219 4209 nt
235 4152 305 4214 liber
323 4164 353 4216 et
373 4176 441 4218 suae
463 4159 621 4237 potestatis
645 4158 694 4237 qui
719 4157 859 4218 seductus
883 4162 946 4227 est,
970 4155 1023 4215 sed
1043 4155 1140 4233 imago
1163 4163 1194 4216 et
1216 4154 1322 4214 simili-

105 4345 113 4357 ·
185 4328 327 4400 lae-eipso
344 4342 378 4390 ed.
398 4343 516 4393 Vaticanus
533 4350 629 4408 uterque
646 4346 709 4408 opud
726 4344 860 4401 Pometiam,
881 4342 1010 4390 libertabus.
1046 4341 1100 4403 ipso
1117 4339 1211 4389 artat.
1256 4338 1279 4385 3.
1299 4339 1321 4386 iu

189 4402 277 4512 ἰῆς.
316 4407 341 4520 ἶ.
358 4409 514 4526 αΙίιξΡιιηιίΞειι
534 4413 556 4488 d.
592 4412 748 4529 depuppis'set
767 4414 828 4484 obe.¹
854 4410 1001 4525 depppixcispet
1019 4407 1079 4458 lut.
1099 4409 1154 4456 libri
1172 4408 1252 4469 scripti
1264 4407 1323 4454 the-
1395 4442 1403 4455 .

107 4516 126 4552 ἡ
240 4485 413 4598 &uppem
429 4513 485 4594 eins.
497 4488 600 4596 ⁰2⁹1ch
636 4514 672 4595 ⁰2.
690 4492 905 4608 illtmplbes'tltseerat
921 4493 965 4592 Ap
978 4492 997 4526 ε·
1012 4540 1036 4591 3.
1056 4542 1143 4590 lectum
1162 4540 1187 4590 t.
1224 4539 1287 4587 lactu
1298 4536 1323 4586 B.

202 4661 320 4791 giguit:
341 4675 543 4788 ag'fflunmm]
562 4679 588 4729 ld
599 4689 636 4729 est
648 4694 707 4729 ooo·
759 4693 813 4727 rum
833 4678 970 4756 dignatione
989 4672 1169 4740 conspectus.“,
1198 4672 1237 4720 ubi
1262 4669 1323 4717 alios

114 4756 149 4836 qd
206 4786 251 4843 h
265 4799 315 4860 ¹¹³4
335 4754 478 4875 :dsr'lllsss
494 4749 632 4866 gilipppppp
647 4748 707 4878 ggii:-
760 4746 1006 4928 :olcssspg?dl:ldrus]
1025 4810 1061 4860 et.
1075 4809 1165 4881 ednott.
1183 4805 1213 4853 ad
1224 4803 1256 4851 [te
1267 4798 1323 4847 ldo·

771 4894 804 4929 ο,
824 4880 914 4944 capi.
