3242 5775
180 838 296 895 emim

314 655 377 719 546
568 667 668 720 ouium
692 665 823 709 enarrari
844 665 1009 708 ruoaenrrs
1031 665 1228 709 reassumam

400 819 459 880 Sed
480 818 627 886 lirturum,
651 814 765 892 inquis,
788 832 891 874 aarum
914 814 1035 875 alterius
1058 822 1105 876 est
1119 814 1328 894 dispositionis
1344 824 1468 876 etaeter·

313 940 385 994 uae,
407 920 496 999 igitur
516 916 604 977 buius
626 915 689 975 aevi
712 914 907 975 substantiam
930 932 990 974 uon
1019 922 1168 975 aeternam
1191 915 1309 977 diversa
1329 916 1468 994 possidere

237 1080 242 1092 ,
313 1039 375 1083 uon
390 1037 489 1099 posse,
526 1016 630 1087 Plane,
654 1014 679 1075 si
701 1015 791 1074 bomo
815 1022 939 1093 propter
959 1014 1189 1093 dispositionem
1212 1016 1357 1087 futuram,
1381 1025 1411 1077 et
1424 1032 1470 1076 uon

163 1141 304 1192 reustum
316 1120 473 1200 dispositio
496 1124 619 1196 propter
646 1114 807 1175 bominem.
852 1114 911 1175 Sed
939 1114 1018 1175 enim
1048 1114 1203 1192 apostolus
1231 1116 1383 1189 scribens,
1416 1115 1472 1178 Sire

185 1407 304 1456 lmstm

200 1458 284 1500 Eeb

313 1221 441 1284 muudus
468 1219 531 1279 sire
557 1216 615 1276 rita
643 1215 705 1276 sive
731 1233 814 1275 mors
848 1216 909 1275 sire
940 1215 1037 1274 iutura
1066 1214 1130 1275 sire
1160 1216 1345 1292 praeseutia,
1386 1215 1475 1277 omuia

314 1330 410 1382 restra
431 1325 517 1390 suut,
540 1316 662 1378 eosdem
685 1315 841 1376 coustituit
862 1314 1004 1375 haeredes
1019 1315 1107 1374 etiam
1123 1316 1301 1377 luturorum.
1337 1317 1417 1377 Nihil
1431 1316 1475 1376 tibi

314 1421 436 1500 largitur
455 1418 576 1487 Esaias,
605 1416 723 1489 diceus,
752 1415 857 1476 Omnis
879 1433 947 1475 οπο
970 1416 1106 1484 loenum,
1140 1414 1283 1487 etalibi,
1312 1416 1349 1476 Et
1376 1416 1479 1477 videbit

313 1519 411 1583 omnis
433 1536 502 1580 οπο
526 1517 653 1577 salutare
676 1515 751 1576 ¹dei.
782 1515 903 1587 Exitus,
925 1533 984 1575 uon
1008 1515 1205 1587 substantias,
1229 1516 1375 1577 distinxit
1410 1517 1478 1589 Quis

314 1620 393 1681 enim
415 1616 554 1679 iudicium
576 1616 641 1677 'dei
663 1634 725 1676 nou
748 1616 778 1675 iu
802 1611 948 1676 sententia
972 1615 1080 1693 duplici
1103 1614 1205 1676 statuit
1226 1616 1332 1677 salutis
1355 1626 1387 1677 et
1407 1636 1479 1697 poe·

311 1717 390 1781 nae?
427 1718 531 1780 Omnis
553 1717 643 1795 igitur
664 1735 732 1776 οπο
755 1716 891 1786 ioeuum,
923 1734 997 1794 quae
1024 1715 1083 1794 igni
1112 1716 1357 1789 destinatur,‘et
1386 1718 1479 1779 omnis

216 1822 218 1826 ’
311 1838 380 1881 οπο
397 1818 506 1879 ridebit
521 1816 647 1878 salutare
670 1815 734 1887 dei,
756 1834 833 1894 quae
857 1814 944 1877 saluti
966 1815 1128 1876 ordinatur.
1162 1816 1224 1894 Ego
1241 1835 1289 1878 me
1306 1817 1371 1878 seio
1386 1836 1480 1897 neque

157 2307 297 2351 mnan

158 2357 296 2408 les.Xl.ll,t.

183 3315 286 3372 capiri.

311 1918 366 1980 alia
388 1936 476 1979 earne
497 1916 638 1978 adulteria
660 1916 862 1988 commisisse,
886 1933 983 1995 neque
1005 1934 1084 1977 nuuo
1099 1916 1153 1977 alia
1169 1934 1256 1977 carue
1270 1917 1307 1978 ad
1323 1918 1479 1978 eontinen-

310 2017 382 2079 tiam
404 2017 486 2077 auiti.
531 2016 562 2076 Si
586 2016 652 2095 quis
675 2025 721 2076 est
741 2015 809 2075 bina
831 2016 968 2095 pudenda
990 2016 1214 2088 circumferens,
1242 2026 1343 2096 potest
1373 2017 1482 2079 iamet

310 2115 430 2178 demere
457 2118 593 2177 loeuum·
621 2116 719 2176 caruis
748 2115 930 2187 immundae,
966 2125 995 2176 et
1024 2117 1118 2176 solam
1147 2116 1203 2177 sibi
1231 2136 1385 2179 reservare
1408 2136 1481 2197 quae

309 2217 409 2279 visura
431 2216 469 2277 sit
491 2217 555 2278 'dei
577 2215 713 2277 salutare.
761 2215 820 2276 Sed
842 2235 909 2277 cum
937 2215 1015 2276 idem
1041 2218 1203 2296 prophetes
1229 2218 1318 2277 etiam
1343 2219 1481 2279 uadoues

311 2317 450 2379 ostendat
471 2334 551 2377 nunc
572 2316 725 2394 deputatas
746 2316 826 2376 velut
846 2316 997 2395 pulverem
1016 2324 1046 2377 et
1060 2317 1196 2388 salivam,
1217 2335 1297 2377 nunc
1310 2327 1480 2396 speraturas

312 2426 341 2479 et
362 2418 525 2479 credituras
548 2417 578 2476 iu
600 2434 710 2477 nomeu
739 2424 769 2477 et
796 2416 827 2477 in
856 2416 1006 2478 brachium
1030 2415 1156 2488 domiui,
1193 2417 1338 2494 numquid
1370 2427 1402 2479 et
1427 2417 1481 2478 ‘da

308 2516 478 2578 nationibus
501 2515 650 2577 fallimur?
683 2525 713 2577 et
734 2516 807 2577 aliae
829 2516 948 2594 quidem
971 2523 1041 2576 suut
1062 2516 1239 2589 crediturae,
1262 2514 1336 2576 aliae
1357 2516 1389 2598 in
1411 2517 1480 2596 pul·

307 2634 407 2675 rerem
429 2615 602 2693 deputatae,
625 2634 660 2676 ex
681 2615 852 2676 diversitate
874 2613 1083 2675 substantiae?
1116 2616 1175 2675 Sed
1197 2623 1227 2676 et
1242 2614 1381 2677 Christus
1404 2617 1480 2679 iutro

308 2714 483 2784 ooeauumb,
517 2723 546 2772 et
573 2712 610 2772 de
638 2714 695 2773 isto
725 2714 806 2773 eaelo
838 2714 918 2792 quod
947 2713 1036 2774 uobis
1059 2714 1210 2785 ‘incubat
1243 2733 1346 2775 rerum
1378 2715 1481 2778 lumen

307 2811 478 2874 nationibus
499 2811 639 2872 “offulsit
671 2812 709 2872 Et
722 2812 780 2892 ipsi
797 2813 990 2875 Valentiniani
1012 2813 1060 2874 hie
1081 2833 1180 2875 errare
1202 2814 1402 2890 didiceratis,
1423 2835 1481 2878 nes

307 2912 363 2973 alia
383 2912 458 2972 'erit
478 2912 572 2971 iorma
595 2911 747 2973 nationum
770 2913 952 2975 credentium
974 2914 1032 2976 uisi
1049 2933 1130 2994 ‘quae
1152 2924 1182 2975 et
1202 2933 1262 2976 nou
1283 2915 1480 2989 credentium,

307 3010 344 3073 de
367 3008 470 3083 carue,
493 3011 529 3071 ds
550 3011 657 3072 anima.
691 3011 773 3072 Sicut
794 3030 865 3091 ergo
889 3013 1008 3076 easdem
1031 3015 1167 3075 nationes
1191 3033 1250 3075 nou
1274 3033 1401 3093 genere,
1425 3017 1480 3078 sed

306 3120 388 3173 sorte
410 3109 557 3182 distinxit,
589 3109 629 3170 ita
651 3120 681 3172 et
702 3129 821 3183 carnes,
856 3131 931 3191 quae
953 3113 983 3173 in
1006 3113 1081 3192 ipsis
1111 3114 1280 3177 nationibus
1303 3115 1380 3178 'uua
1402 3116 1478 3178 sub·

306 3212 414 3273 stantia
436 3218 499 3283 est,
522 3227 581 3269 non
604 3212 742 3283 materia,
766 3212 818 3273 sed
841 3213 977 3273 mercede
998 3212 1168 3274 'disiunxit
1285 3290 1289 3299 ι

389 3310 464 3372 Eece
486 3319 600 3382 autern,
623 3316 656 3370 ut
677 3311 773 3372 adhuc
787 3312 1020 3373 controversiam
1045 3314 1237 3391 ¹exaggereut
1257 3312 1373 3387 ὀποί,
1396 3315 1478 3377 sarni

303 3413 429 3473 maxime
450 3410 580 3482 ’eidem,
603 3409 639 3471 de
663 3411 767 3472 officiis
789 3429 907 3490 quoque
923 3411 1122 3473 membrorum
1144 3422 1405 3490 argumentantur,
1427 3424 1478 3476 aut

373 3595 431 3657 Cap.
450 3594 507 3643 ttx.
545 3595 567 3642 1.
586 3594 624 3642 dei
641 3594 713 3645 sues.
732 3603 778 3643 tres
799 3595 909 3655 Vaticani,
928 3602 949 3643 et
967 3598 1018 3646 eod.
1036 3595 1209 3645 loclemestis.
1244 3596 1335 3646 domiui
1355 3600 1410 3648 Gal.
1452 3598 1476 3648 2

305 3660 342 3710 dai
359 3664 413 3711 lad.
432 3669 478 3710 tres
501 3662 609 3720 Vaticani,
628 3669 649 3710 et
667 3663 718 3709 eod.
729 3661 761 3710 lo.
774 3661 901 3710 Clementia.
937 3661 1027 3710 domini
1045 3663 1138 3725 reliqui.
1190 3660 1214 3710 3.
1233 3662 1270 3711 dei
1289 3666 1326 3716 ed.
1344 3672 1393 3714 tres
1415 3667 1477 3715 l'sti·

303 3730 364 3787 enei,
384 3735 404 3776 et
423 3729 473 3775 sod.
493 3728 664 3776 inclementis.
700 3728 790 3776 domiui
808 3730 902 3791 reliqui.
953 3729 977 3778 4.
997 3730 1106 3777 nationes
1126 3728 1275 3778 tatttmura.
1334 3730 1360 3779 5.
1381 3732 1475 3782 ineam·

302 3792 421 3842 tested.
472 3791 497 3840 6.
515 3792 691 3842 ell'ulsitdllte.
743 3793 767 3841 l.
786 3795 863 3843 torma
882 3794 927 3843 erit
945 3798 970 3845 Α.
1022 3793 1045 3844 8.
1066 3810 1112 3843 una
1130 3796 1264 3844 substantia
1282 3804 1328 3855 eat,
1352 3812 1404 3848 uera
1422 3812 1475 3849 naa·

302 3859 361 3906 teria
380 3858 478 3906 om.Ail.
530 3856 554 3906 9.
573 3859 679 3907 distinxit
695 3860 720 3908 Δ.
1161 3912 1171 3919 ‚

370 3923 428 3986 Cap.
447 3923 493 3971 tx.
540 3922 559 3970 i.
579 3934 721 3985 exaggerant
739 3926 777 3976 Ge
821 3935 975 3988 exaggeraret
991 3928 1035 3977 AB.
1087 3926 1111 3975 2.
1136 3929 1210 3985 carui,
1235 3930 1302 3978 carui
1326 3930 1431 3980 maxime
1448 3931 1476 3980 1.

302 3989 369 4038 oarui
387 3990 489 4038 maxime
506 3990 599 4054 reliqui.
634 3991 846 4043 beldemllliled.
864 3999 910 4043 tres
924 3995 1033 4053 laicam,
1047 4000 1068 4043 et
1083 3995 1314 4045 coeladensium.
1349 3997 1424 4047 iidata
1436 3998 1474 4048 ab.

337 4153 394 4217 Cap,
409 4153 464 4203 ΗΧ.
490 4171 511 4204 a.
529 4164 554 4205 et
570 4156 668 4206 demere
686 4154 796 4222 ioenarul
814 4159 860 4208 Fa·
911 4159 1043 4223 disputabit
1067 4159 1107 4209 lib.
1127 4160 1160 4209 [le
1177 4160 1309 4224 Scarpiana
1333 4158 1401 4227 [sap.
1414 4160 1474 4231 llll.

300 4220 347 4268 eila
365 4222 520 4283 rescripseris
546 4231 588 4281 „et
606 4226 717 4274 demetere
734 4225 859 4274 ioenum.‘¹
910 4225 946 4275 Ad
964 4225 1023 4275 baec
1041 4240 1096 4275 rere
1115 4227 1272 4277 deliramenta
1286 4242 1335 4277 nen
1349 4231 1476 4292 pertinere

335 4287 357 4334 b.
376 4288 436 4335 intra
455 4289 583 4353 oceanum]
613 4292 751 4340 boeotiam
770 4292 859 4340 delira·
911 4292 1015 4342 arbitror
1032 4293 1097 4355 quod
1116 4293 1202 4354 legitur
1219 4294 1243 4343 iu
1262 4296 1339 4357 prima
1359 4297 1475 4347 Clemen-

299 4353 358 4401 bant
375 4354 541 4416 Valentiniani,
559 4358 623 4421 quod
642 4366 707 4406 extra
726 4359 789 4408 bone
806 4372 858 4406 am·
910 4359 940 4409 tis
964 4359 993 4407 ad
1021 4358 1160 4408 Corinthios
1184 4361 1290 4424 Epistola
1321 4361 1351 4410 ds
1376 4364 1475 4414 mundis

298 4419 374 4467 bitum
393 4427 472 4469 terrae
495 4423 556 4471 alios
580 4425 690 4473 homines
714 4439 768 4474 esse
792 4425 859 4473 diee-
909 4434 974 4475 extra
987 4440 1103 4475 oceanum
1115 4428 1209 4489 positis,
1227 4442 1289 4490 quos
1302 4418 1476 4493 dnape'n‘rsvr

299 4495 366 4543 rent,
394 4501 422 4535 ac
447 4489 554 4538 diversas
579 4491 741 4551 substantiae,
768 4505 859 4554 eosque
908 4507 963 4542 asse
982 4494 1021 4540 ait.
1048 4493 1107 4541 liam
1127 4494 1173 4542 boc
1190 4494 1239 4542 rire
1258 4497 1396 4556 apostoliea
1414 4512 1476 4558 gea·

298 4566 377 4612 seros,
395 4553 509 4603 Tbeletos
527 4564 550 4604 et
567 4556 714 4606 Abascantos
732 4567 756 4607 et
771 4560 858 4608 deine·
908 4559 1240 4623 grapbiaepotiusimperitia
1256 4560 1382 4623 exciderit,
1400 4578 1475 4627 quam

297 4626 345 4668 tos.
369 4617 494 4670 Nostrates
512 4623 575 4670 euim
594 4637 662 4672 seros
681 4625 791 4675 homiues
810 4638 857 4673 nou
908 4627 981 4675 stitus
1000 4626 1119 4686 dogmatis
1137 4627 1265 4676 adserendi
1283 4628 1477 4693 studio.“tlbg.)

298 4699 362 4745 essa,
380 4700 441 4748 quos
451 4687 593 4749 Demiurgus
612 4690 759 4740 stillicidium
770 4692 857 4741 situlae
942 4707 963 4740 ο.
982 4693 1020 4741 bic
1038 4706 1120 4741 errare
1138 4691 1286 4758 didideruutl
1322 4694 1348 4747 v.
1372 4697 1474 4747 Adam.

297 4761 320 4800 et
338 4751 460 4816 pulverem
479 4768 550 4802 areae
569 4765 591 4804 et
609 4755 716 4806 locustas
728 4758 856 4822 deputarit
907 4758 1024 4808 valentin.
1043 4757 1147 4822 capii.

297 4821 349 4876 tina
376 4818 405 4869 da
432 4834 459 4869 ra
485 4819 616 4882 Septimius
643 4832 726 4873 noster
749 4827 857 4890 apertius
