3242 5775
327 694 387 756 tou
577 705 679 756 ounrrr
702 703 833 749 snrrrsrr
854 702 1020 748 recreeris
1042 701 1238 749 reernnnnm

220 873 285 915 num.
323 874 451 921 cussum.
495 855 617 916 induret
637 871 689 915 cor
709 853 888 916 Pharaonis:
922 852 993 916 ‘sed
1020 861 1170 916 meruerat
1196 854 1228 915 in
1250 852 1402 915 ¹⁰exilium
1425 851 1501 914 sub-

207 922 306 966 ΜΕ
321 956 504 1020 ministrari·
525 955 576 1036 qui
598 954 656 1016 ient
677 964 836 1034 negaverat
856 954 960 1029 deum,
983 953 1034 1033 qui
1054 954 1113 1016 iem
1134 954 1248 1033 legatos
1270 954 1335 1017 eine
1361 953 1382 986 ²¹
1390 954 1501 1016 totiens

321 1057 469 1139 superbus
504 1062 695 1131 excusserat,
731 1055 781 1135 qui
809 1055 867 1117 iem
894 1054 1007 1136 populo
1040 1054 1174 1117 laborent
1202 1054 1304 1135 operis
1338 1052 1497 1128 adiecerat,

319 1168 476 1240 postremo
499 1175 556 1236 qua
578 1156 753 1237 Aegyptius,
776 1156 848 1218 olim
871 1156 928 1218 deo
949 1174 1020 1218 reus
1044 1157 1141 1218 iuerat
1162 1155 1279 1235 gentilis
1301 1154 1499 1230 idololatriae,

318 1260 380 1322 ibin
409 1267 440 1320 et
467 1257 649 1320 crocodilum
677 1258 764 1319 eitius
793 1258 895 1319 colens
925 1275 1013 1337 quant
1035 1257 1124 1319 deurn
1145 1256 1253 1319 rivum.
1299 1254 1498 1338 ”impendit'

192 1357 651 1462 1¹{gigatietipsurnpopulum,
679 1358 733 1419 sed
761 1358 917 1438 ingratum.
966 1357 1095 1419 lnrnrisit
1121 1364 1152 1419 et
1177 1356 1281 1439 pueris
1303 1374 1414 1430 ursos,
1444 1354 1497 1418 sed

212 1440 220 1461 ⁹
307 1458 550 1523 'irreverentibus
572 1458 603 1520 in
624 1460 810 1540 prophetam.
1525 1505 1529 1539 Ι

190 1581 299 1639 cupre.
402 1560 549 1622 iustitiam
570 1577 642 1638 ergo
663 1559 761 1639 pn'mo
777 1558 883 1621 iudicis
899 1557 1057 1637 ¹dispice·,
1080 1557 1165 1619 euius
1182 1557 1210 1618 ei
1223 1557 1301 1618 ratio
1316 1556 1496 1631 constiterit,
1525 1604 1529 1642 ὲ

318 1672 390 1723 tunc
411 1669 441 1722 et
462 1660 624 1733 severitas,
648 1669 678 1720 et
697 1678 754 1741 per
774 1678 851 1739 quae
872 1657 1015 1720 severitas
1030 1658 1175 1732 decurrit,
1197 1658 1305 1719 rationi
1321 1665 1354 1719 et
1367 1657 1495 1755 iustitiae
1525 1705 1529 1744 ,

319 1761 564 1842 reputabunturl.
606 1760 648 1821 Ac
669 1778 707 1820 ne
727 1760 864 1840 pluribus
886 1760 1094 1830 immoremur,
1116 1758 1261 1820 'asserite
1282 1775 1391 1820 musas
1413 1766 1494 1821 cete·
1527 1809 1529 1848 Ι

319 1881 368 1925 res
389 1879 525 1942 quoque,
546 1868 580 1923 ut
601 1860 765 1922 sententias
787 1858 1009 1932 condemnetis,
1032 1867 1172 1921 excusate
1188 1858 1310 1933 delicta,
1332 1867 1367 1920 ut
1387 1857 1495 1920 iudicis
1525 1911 1529 1952 ξ

319 1961 497 2042 reprobetis.
532 1961 630 2022 Nolite
651 1959 871 2039 reprehendere
891 1960 1034 2032 iudicem,
1058 1960 1112 2021 sed
1125 1959 1268 2021 revincite
1281 1958 1393 2021 malum
1415 1957 1494 2020 iudi·
1526 2019 1529 2048 ÷

318 2081 393 2125 cem.
436 2063 511 2124 Nam
532 2061 579 2123 'et
601 2061 628 2121 si
649 2070 765 2140 patrum
787 2058 892 2120 delicta
914 2059 968 2120 ⁴de
989 2060 1057 2121 liliis
1080 2059 1230 2139 erigebat,
1261 2058 1372 2122 duritia
1392 2053 1497 2140 populi
1526 2115 1529 2156 ἱ

317 2162 385 2225 tella
407 2162 537 2224 remedia
559 2160 767 2241 compulere,
803 2168 837 2220 ut
864 2159 910 2220 vet
937 2160 1164 2239 posteritatibus
1187 2161 1251 2223 suis
1272 2159 1495 2241 prospicientes

318 2263 374 2343 legi
397 2262 513 2325 divinae
535 2262 701 2324 obedirent.
736 2259 810 2333 Quis
833 2260 911 2321 eninr
933 2278 995 2322 non
1010 2262 1104 2341 magis
1119 2261 1248 2322 liliorum
1263 2261 1391 2322 salutern
1407 2267 1495 2341 qun'
1523 2303 1529 2360 3

319 2382 403 2426 suam
430 2362 537 2426 curet?
580 2361 639 2424 Sed
669 2371 700 2423 ct
730 2361 756 2422 si
783 2360 950 2422 benedictio
978 2371 1095 2442 patrum
1119 2361 1225 2422 semini
1248 2380 1370 2441 quoque
1389 2377 1495 2426 eoru
1525 2395 1529 2434 ·,

318 2462 537 2537 destinabatur,
571 2464 637 2524 sine
658 2462 719 2523 ullo
741 2461 838 2522 adbuc
859 2463 967 2524 merito
990 2462 1070 2535 eius,
1104 2481 1158 2523 enr
1179 2479 1240 2523 non
1262 2468 1293 2522 et
1312 2470 1418 2534 reatrre
1438 2481 1495 2543 pe·
1528 2443 1529 2460 ¹

318 2570 397 2623 bum
419 2562 450 2622 in
471 2562 549 2622 lilios
572 2579 690 2641 quoque
711 2561 915 2623 redundaret?
959 2562 1043 2624 Sicut
1063 2563 1171 2641 gratia,
1195 2562 1233 2623 ita
1254 2572 1285 2623 et
1307 2563 1442 2638 od'enea3
1462 2570 1495 2626 ut

317 2679 372 2742 per
394 2669 488 2723 toturn
517 2679 610 2739 genus
640 2669 670 2721 et
696 2661 787 2739 gratia
817 2661 990 2724 decurreret
1016 2669 1046 2724 ct
1073 2664 1204 2736 offensa,
1238 2662 1319 2723 salvo
1349 2682 1386 2724 eo
1415 2661 1496 2743 qued
1526 2657 1529 2736 J

165 2770 426 2843 “irrumpam
446 2760 566 2823 deserni
587 2760 745 2834 babebat⁴,
767 2779 828 2822 non
851 2763 984 2824 dicturos
1006 2762 1118 2824 acidam
1139 2781 1226 2825 uvam
1247 2770 1348 2842 patres
1364 2763 1493 2826 mende-
1515 2805 1526 2814 -

317 2868 403 2924 nesse
425 2871 456 2923 et
476 2860 605 2924 tiliorum
627 2862 732 2923 dentes
755 2860 965 2944 obstupuisse,
988 2863 1018 2926 id
1035 2872 1157 2925 estnon
1173 2871 1362 2943 sumpturum
1379 2831 1529 2945 petru&

318 2962 456 3024 delictum
477 2962 547 3037 filii,
570 2982 625 3025 nee
645 2962 738 3024 lilium
759 2964 898 3027 delictum
922 2965 1033 3045 patris,
1055 2965 1108 3026 scd
1130 2983 1372 3046 unumquemque
1394 2964 1495 3029 delicti
1523 2936 1529 2977 Ι

318 3063 363 3125 sni
387 3081 470 3125 reurn
493 3064 639 3137 futurum,
673 3071 707 3125 ut
732 3073 802 3143 poet
829 3065 968 3127 duritiam
994 3066 1097 3146 populi
1126 3066 1233 3128 duritia
1260 3065 1335 3145 legis
1364 3066 1495 3130 edomita
1525 3040 1529 3081 ¹

317 3163 429 3226 iustitia
451 3164 508 3226 iam
531 3182 592 3225 non
607 3182 718 3244 genus,
741 3165 956 3245 sed-personas
971 3165 1123 3254 iudicaret.
1158 3167 1342 3246 Quamquam
1359 3167 1387 3229 si
1401 3186 1493 3230 eren·
1528 3160 1529 3184 l

317 3265 425 3345 gelinm
446 3265 579 3327 veritatis
601 3265 743 3344 accipias,
776 3266 814 3327 ad
844 3285 920 3347 quos
947 3267 1094 3345 pertineat
1116 3269 1263 3329 sententia
1285 3267 1442 3330 reddentis
1461 3268 1493 3331 in
1524 3248 1529 3290 ⁵

317 3367 394 3430 lilios
415 3378 532 3449 patrum
554 3367 659 3429 delicta
680 3385 861 3446 cognosces,
884 3367 921 3429 ad
942 3367 1009 3429 illos
1033 3366 1144 3429 scilieet
1166 3369 1217 3447 qui
1237 3369 1314 3429 hane
1338 3369 1420 3431 ultro
1434 3368 1494 3445 eibi
1525 3352 1529 3392 ““

189 3477 300 3574 ¹3}pr
320 3471 497 3531 sententiam
519 3471 636 3531 lucrant
654 3468 829 3548 irrogaturi,
856 3468 985 3548 Sanguis
1006 3468 1084 3530 illius
1106 3488 1199 3548 super
1220 3469 1315 3548 capita
1336 3478 1448 3545 nostre,
1462 3474 1496 3533 el
1519 3448 1529 3495 ¹

265 3558 271 3579 '
302 3555 448 3631 'liliorum
480 3578 664 3631 nostrorum.
717 3570 798 3631 ‘Hoc
827 3568 927 3647 itaque
961 3569 1059 3630 omnis
1087 3569 1271 3649 providentie
1299 3570 1347 3633 dei
1375 3570 1494 3634 censuit
1524 3566 1529 3589 ³

318 3667 398 3747 quod
421 3668 478 3728 iam
500 3668 643 3730 audierat.
1525 3664 1529 3698 ¹

317 3785 343 3836 9.
361 3785 404 3835 sed
422 3788 490 3837 cled.
525 3794 549 3835 et
564 3785 626 3835 ABG.
670 3786 708 3836 to.
728 3788 815 3837 exilum
830 3787 1028 3838 Vuticceueueur.
1074 3788 1114 3838 ll.
1132 3790 1273 3840 totienedli.
1308 3791 1382 3840 toties
1398 3792 1495 3858 reliqu.
1524 3786 1529 3859 J

319 3853 359 3903 12
378 3853 498 3917 Impendit
515 3854 546 3913 d,
568 3853 645 3901 Deer’d.
663 3854 778 3905 Heroides
797 3857 822 3904 in
841 3855 935 3904 Tertull.
952 3857 1047 3918 Apoloo.
1064 3873 1087 3920 p.
1098 3855 1153 3906 189.
1189 3857 1294 3920 impedit
1310 3859 1406 3923 reliqui.
1524 3864 1529 3901 l

386 3920 444 3983 Cep.
464 3920 507 3968 xv.
545 3919 759 3982 l.despiceAlB)C.
794 3920 1495 3975 2.esseritescenses--condemnetexcusetie—-
1525 3964 1529 3973 .

318 3986 433 4052 repense
448 3986 492 4037 re.
534 3985 557 4035 a
576 3988 620 4037 ent
638 3989 673 4037 cr.
709 3998 733 4039 e
749 3989 841 4040 enne.
880 3988 905 4039 u
924 4003 952 4038 ex
970 3991 1021 4041 uer.
1063 3990 1086 4040 s.
1106 3991 1156 4041 nn
1172 3991 1233 4042 ree.
1258 3992 1491 4045 mesenum
1525 3982 1529 4005 ¹

352 4088 412 4150 Cep.
424 4085 480 4137 tw.
504 4100 525 4136 e.
544 4087 673 4137 inexilium
687 4084 877 4154 subministrari]
962 4106 983 4140 c.
1002 4085 1164 4155 compulerat]
1183 4091 1208 4140 ld
1227 4093 1413 4142 estneceeseriu
1427 4094 1495 4144 lece·
1525 4068 1529 4109 ι’

319 4156 354 4205 ct.
373 4154 473 4218 Apolog.
493 4154 571 4217 cep.2
596 4156 731 4219 „Suspecta
756 4157 787 4206 sit
810 4155 878 4205 robis
928 4164 973 4207 rat.
1007 4157 1057 4206 Nisi
1083 4156 1199 4207 malueris
1228 4159 1364 4222 compellere
1390 4161 1495 4211 remedie
1524 4184 1528 4207 t

319 4223 363 4272 lete
387 4223 542 4284 perversitas,
569 4237 599 4271 ne
624 4238 671 4285 qua
695 4228 730 4272 ris
756 4223 829 4274 lateat
853 4224 876 4272 in
927 4224 967 4274 bic
984 4226 1094 4287 accipere
1112 4240 1157 4288 pru
1176 4226 1310 4288 compellere
1331 4228 1362 4275 cd
1378 4228 1492 4291 remedie,
1524 4278 1529 4293 ,

318 4289 423 4349 occulto,
441 4303 502 4352 quac
520 4303 561 4338 ros
575 4289 688 4340 adversus
701 4292 814 4349 formem,
833 4290 877 4339 ed·
927 4292 1129 4354 quemadmodum
1150 4293 1277 4341 Rbenanns
1297 4293 1417 4344 iudicarit.
1444 4294 1494 4345 lle·

317 4370 401 4405 sersus
419 4365 527 4406 aetnrern
546 4357 676 4418 indicandi,
699 4366 782 4408 contre
809 4358 877 4421 ipses
927 4360 988 4409 cline
1007 4368 1095 4416 umen,
1124 4359 1147 4409 ni
1173 4360 1253 4420 fallor,
1284 4361 1444 4423 rescripseris
1466 4364 1494 4412 ie

318 4438 414 4487 qnoque
432 4423 498 4485 leges
515 4424 659 4474 ministret.“
926 4427 983 4476 telis
995 4427 1100 4476 remedia
1111 4426 1289 4489 compulerat,‘⁸
1309 4430 1493 4492 praepositione

352 4486 875 4556 utmpwun]cranneunpotoeeeptt.
927 4495 953 4542 ie
970 4495 1070 4557 repetite
1089 4508 1117 4542 ex
1135 4494 1234 4543 latebris
1252 4495 1304 4544 suis
1323 4495 1423 4546 ultimae
1440 4494 1493 4560 spl-
1516 4552 1528 4567 .

352 4558 410 4621 Cap.
427 4558 472 4606 XV.
508 4572 530 4608 a.
548 4557 652 4621 dispice]
680 4558 714 4606 ue
739 4559 786 4607 boc
803 4560 875 4609 serbo
927 4559 997 4609 labae
1015 4560 1123 4610 rocubnli
1140 4563 1227 4625 populi.
1523 4618 1529 4625 ἢ

317 4625 426 4676 adnotari
445 4624 474 4674 ad
493 4625 527 4674 be
545 4626 639 4675 Corona
659 4626 746 4688 cap'l.
961 4628 986 4676 d.
1005 4628 1102 4678 decerni
1126 4623 1241 4692 babebat]
1266 4627 1409 4679 Strnetnree
1425 4628 1491 4681 eret
1526 4674 1529 4685 .

351 4695 374 4743 b.
392 4687 578 4757 reputabuntur]
601 4694 678 4742 Verbo
696 4694 876 4756 repetereTer·
927 4697 1011 4746 bebere
1036 4710 1090 4744 cum
1118 4697 1226 4753 introito,
1261 4696 1435 4747 usitatissimae
1466 4697 1491 4746 ie
1521 4700 1529 4769 ι’

317 4761 431 4811 tullianus
455 4775 503 4810 non
529 4760 606 4809 semel
625 4761 699 4810 ntitur
716 4761 876 4823 quemadmo·
926 4764 1023 4824 scriptis
1033 4763 1184 4822 Tertulliani,
1202 4763 1311 4827 exempla
1322 4764 1443 4829 edecripsi
1459 4763 1491 4815 ed

317 4828 373 4877 dum
392 4831 509 4893 deputare,
528 4827 553 4877 id
576 4835 613 4877 est
631 4842 675 4892 pro
691 4830 801 4878 tribuere.
838 4828 875 4879 Cl.
926 4828 962 4880 lie
979 4830 1042 4891 Fuge
1061 4830 1084 4879 in
1104 4830 1225 4880 l’creecut.
1243 4845 1296 4894 cap.
1313 4829 1353 4880 12

317 4909 379 4958 quae
396 4897 451 4946 dedi
475 4896 583 4960 exempla
601 4896 632 4947 ed
650 4895 683 4947 lic
701 4895 767 4946 Oret.
787 4895 875 4960 cepi.
