3242 5775
550 667 561 679 ·
608 659 647 701 ns
669 659 913 705 nesuaaacrronr
937 663 1050 708 casura.
1351 659 1414 722 1503

328 808 445 872 Scimus
467 816 564 870 autem
588 808 682 870 ¹sicut
702 808 826 870 vocibus
848 809 888 871 ita
911 819 941 871 et
961 811 1052 874 rebus
1078 815 1298 895 prophetatum.
1342 821 1529 900 'lamespxxr

239 911 329 973 dictis
351 927 438 988 quam
460 917 490 969 et
511 910 595 970 lactis
617 910 805 989 praedicatur
832 912 1026 986 resurrectio,
1058 932 1123 975 cum
1147 908 1266 996 Moyses
1294 938 1413 984 manum
1427 919 1508 1014 ,5¹3⁶-

239 1012 271 1072 in
293 1011 393 1072 sinum
417 1009 517 1071 condit
539 1018 569 1069 et
590 1010 771 1072 'emortuam
794 1012 925 1090 profert,
958 1020 988 1074 et
1009 1030 1116 1076 rursus
1138 1016 1270 1080 insinuat
1291 1029 1321 1081 et
1342 1020 1415 1083 viai·
1454 999 1461 1022 ’
1484 982 1519 1025 η’

239 1112 308 1173 dam
332 1110 472 1190 explicat,
495 1128 595 1170 noune
617 1110 675 1171 hoc
696 1112 733 1172 de
756 1119 819 1172 toto
841 1112 962 1173 homine
983 1115 1151 1192 portendit,
1175 1118 1322 1197 siquidem
1338 1121 1529 1183 maeniana

237 1213 333 1273 virtus
355 1210 403 1272 dei
425 1229 479 1289 per
500 1210 547 1271 illa
570 1210 646 1293 trina
669 1212 753 1290 signa
774 1212 1004 1286 'denotabatur,
1027 1233 1093 1274 cum
1117 1234 1172 1276 suo
1191 1219 1295 1281 ordina
1317 1221 1415 1299 primo

238 1313 390 1374 diabolum
424 1320 593 1391 serpentem
626 1331 801 1391 quamquam
835 1314 1049 1376 formidabilem
1083 1317 1240 1380 subactura
1271 1319 1414 1395 ‘homini

237 1414 348 1476 dehinc
371 1432 487 1473 carnem
510 1413 546 1473 de
569 1413 635 1473 sinu
659 1414 763 1474 mortis
785 1422 966 1486 retractura,
989 1423 1076 1494 atque
1091 1416 1131 1478 ita
1150 1437 1267 1480 omnem
1291 1420 1414 1500 sangui-

236 1533 307 1575 nem
331 1514 521 1574 ³exsecutura
544 1513 662 1573 iudicio.
695 1514 737 1574 llo
760 1533 819 1593 quo
842 1516 918 1592 apud
941 1517 1067 1577 eundem
1090 1518 1286 1598 “prophetem
1309 1521 1413 1595 ⁷Quo·
1428 1551 1525 1605 (Μ,

237 1616 319 1677 niam
342 1621 372 1676 et
397 1623 546 1685 vestrum,
579 1614 675 1692 inquit
708 1614 795 1688 deus,
828 1616 1000 1695 sanguinem
1029 1619 1179 1696 exquiram
1209 1620 1246 1682 do
1274 1621 1414 1685 omuibus

236 1715 360 1787 hestiis,
394 1724 423 1775 et
450 1715 487 1775 dc
515 1734 603 1775 manu
632 1715 762 1778 hominis
793 1724 823 1776 et
851 1716 887 1777 de
916 1736 1004 1779 manu
1032 1719 1132 1780 fratris
1162 1721 1313 1799 exquiram
1335 1740 1412 1784 eum.

236 1817 333 1878 l‘orro
357 1815 428 1875 nihil
458 1816 620 1894 exquiritur
648 1816 706 1876 nisi
735 1817 814 1895 quod
844 1818 1026 1896 reposcitur,
1060 1819 1134 1879 nihil
1161 1821 1329 1900 reposcitur
1355 1822 1413 1883 nisi

238 1918 318 1997 quod
342 1925 372 1978 et
392 1917 549 1989 reddetur,
586 1925 615 1977 et
643 1916 743 1994 utique
773 1916 932 1990 reddetur,
966 1919 1046 1997 quod
1074 1919 1195 1981 ultionis
1218 1922 1340 1984 nomino
1361 1940 1412 1985 re-

237 2026 379 2098 poscetur
400 2025 430 2078 ct
451 2018 630 2095 exquiretur.
670 2018 771 2095 Neque
794 2017 873 2078 enim
896 2019 1035 2079 vindicari
1057 2020 1168 2098 poterit
1188 2022 1267 2099 quod
1290 2023 1413 2083 omnino

239 2138 298 2179 non
322 2118 421 2198 luerit.
454 2118 519 2178 Erit
540 2127 637 2178 autem
661 2118 730 2177 dum
759 2119 928 2178 restituitur
950 2119 1009 2178 'uti
1032 2119 1224 2181 'vindicetur
1261 2122 1412 2184 1111111-

238 2238 305 2281 uem
329 2221 426 2297 itaque
450 2218 585 2296 dirigitur
606 2217 743 2296 quicquid
771 2218 801 2278 in
825 2219 998 2297 sanguinem
1026 2220 1225 2298 praedicatur,
1260 2222 1326 2283 sine
1354 2239 1412 2301 qua

240 2338 297 2382 uon
321 2319 379 2380 erit
401 2318 531 2396 sanguis.
566 2317 640 2377 Caro
665 2318 857 2380 suscitabitur
880 2320 939 2379 ¹¹ut
955 2320 1076 2397 sanguis
1100 2320 1300 2382 ¹²vindicetur.
1338 2322 1414 2384 Sunt

242 2429 267 2482 et
288 2420 432 2500 quaedam
456 2418 495 2478 ita
517 2418 706 2495 pronuntiata
735 2427 766 2478 ut
790 2419 974 2497 ¹³allegoriae
1003 2420 1122 2498 quidem
1153 2419 1255 2480 nubilo
1282 2428 1412 2492 careant,

241 2520 432 2583 nihilominus
456 2528 552 2579 tamen
575 2517 670 2596 ipsius
692 2518 891 2596 simplicitatis
916 2538 988 2580 suae
1004 2520 1106 2580 sitiant
1126 2520 1412 2599 interpretationem,
1464 2586 1498 2629 ¹⁰·

241 2622 320 2700 quale
344 2629 393 2681 est
413 2620 490 2698 apud
514 2618 646 2677 Esaiam:
680 2618 745 2695 Ego
766 2619 896 2679 occidam
921 2626 950 2680 et
977 2618 1139 2680 vivificabo.
1190 2619 1276 2681 Certe
1305 2628 1515 2700 posteaxxxvur

240 2739 321 2799 mam
346 2719 489 2781 occiderit
509 2716 675 2779 vivificabit.
720 2717 796 2796 Ergo
819 2737 875 2797 per
904 2727 1030 2779 mortem
1061 2721 1200 2781 occidens
1228 2738 1284 2800 per
1304 2738 1409 2781 resur·

236 2824 399 2886 rectionem
421 2818 589 2879 viviticahit.
626 2817 700 2878 Caro
724 2828 770 2879 est
793 2828 890 2879 autem
914 2838 988 2899 quoe
1011 2820 1181 2882 ¹⁴occiditur
1202 2839 1257 2901 per
1272 2811 1410 2892 merlam,

1424 2668 1529 2739 isanrl,

236 2941 303 2985 caro
326 2925 427 3001 itaque
450 2929 479 2981 et
501 2919 693 2980 vivificabitur
716 2938 769 2998 per
791 2922 1051 2982 resurrectionem.
1104 2921 1189 2982 Certe
1218 2921 1243 2982 si
1274 2921 1409 2983 occidere

230 3025 314 3086 carni
339 3024 467 3084 animam
491 3021 634 3098 ¹⁵eripere
658 3030 718 3093 est,
741 3022 903 3094 vivificare,
927 3022 1108 3084 contrarium
1131 3023 1212 3095 eius,
1241 3022 1410 3083 0111111111-

228 3139 312 3187 mam
338 3123 475 3184 ¹⁶relerre
498 3130 553 3191 est,
577 3139 645 3180 caro
666 3130 801 3199 resurgat
819 3140 944 3182 necesse
960 3131 1016 3196 est,
1039 3123 1084 3183 cui
1109 3121 1231 3183 ¹⁷anima
1253 3140 1308 3200 per
1330 3121 1410 3183 occi-

222 3228 351 3287 sionem
374 3230 474 3301 erepta
497 3221 652 3281 reserenda
675 3231 720 3281 est
741 3241 795 3298 per
817 3221 1050 3281 vivificationem.

318 3324 412 3403 lgitur
434 3322 460 3382 si
483 3331 512 3381 et
534 3321 705 3399 allegoricae
728 3322 910 3398 scripturae·
933 3328 963 3380 et
984 3328 1156 3398 argumenta
1172 3336 1271 3379 rerum
1289 3327 1320 3379 et
1334 3320 1409 3380 sim·
1428 3341 1529 3399 capul

215 3426 325 3501 prices
355 3443 443 3485 voces
471 3422 719 3482 resurrectionem
753 3422 868 3493 carnis,
903 3438 1078 3497 quamquam
1113 3419 1179 3478 sine
1207 3417 1411 3478 nominatione

215 3519 328 3606 ipsius
354 3524 552 3594 substantiae,
587 3521 789 3590 ¹subradiant,
823 3529 932 3598 quanto
962 3519 1056 3597 magis
1079 3537 1153 3596 quae
1175 3518 1251 3578 hanc
1272 3535 1357 3595 spem
1379 3517 1410 3578 in

214 3619 315 3706 ipsas
351 3624 532 3684 substantias
566 3621 736 3700 corporales
765 3619 903 3698 ‘speciali
935 3617 1086 3679 mentione
1118 3616 1318 3677 determinant
1349 3634 1410 3678 non

217 3734 320 3788 erunt
344 3725 533 3786 deducendae
555 3722 584 3781 in
607 3719 856 3799 ³quaestionem?
899 3719 1005 3797 Accipe
1028 3717 1221 3777 Ezechielem.
1266 3717 1516 3825 E‘.f³⁰¹⁸1¹³,¹;tl,·

218 3835 293 3900 est,
318 3826 429 3904 inquit,
453 3842 545 3900 super
568 3842 613 3882 me
630 3840 735 3881 manus
751 3820 880 3893 domini,
903 3827 933 3879 et
955 3817 1059 3879 extulit
1080 3836 1128 3878 me
1150 3817 1197 3877 ‘in
1220 3817 1327 3896 spiritu
1349 3817 1406 3877 do·
1434 3835 1505 3876 1-11.

218 3929 334 3990 minus
358 3934 388 3986 et
409 3924 511 4004 posuit
532 3943 579 3983 me
602 3924 632 3982 in
654 3922 751 4005 medio
775 3919 886 4000 campi,
915 3918 941 3980 is
971 3927 1033 3979 erat
1063 3917 1184 3979 ossibus
1205 3918 1351 3990 refertus,
1381 3923 1412 3979 et

301 4079 361 4140 Cap.
380 4075 477 4125 lllllllll.
535 4075 555 4122 l.
576 4073 739 4122 1111111111.
792 4071 1016 4121 amanuensis.
1062 4069 1086 4119 3.
1105 4069 1233 4118 notabatur
1251 4070 1273 4119 b.
1318 4067 1408 4118 bho-

226 4146 324 4195 minum
349 4143 480 4191 dehincl.
538 4142 561 4189 5.
586 4141 673 4189 iudicio
698 4147 825 4188 executura
843 4139 885 4187 AB.
927 4138 1072 4200 exquisitore
1096 4136 1185 4186 iudicio
1203 4135 1340 4185 Fulcinius.
1383 4135 1408 4185 6.

224 4210 455 4276 prophetantur.
492 4209 626 4269 propheten
644 4208 737 4269 reliqui.
790 4206 813 4253 7.
833 4204 954 4269 quomodo
973 4205 1016 4252 AB.
1069 4202 1092 4252 8.
1112 4205 1190 4252 utbc.
1241 4200 1266 4251 9.
1284 4202 1408 4251 vindicen-

227 4279 331 4327 1111111.
377 4276 413 4324 11).
435 4275 568 4323 cernelli.
624 4271 826 4321 1111101111.
876 4270 914 4320 12.
934 4270 1090 4319 vindicabitur
1107 4271 1132 4317 l.
1175 4267 1213 4317 13.
1232 4267 1407 4329 allegoricad.

232 4342 276 4392 tt.
293 4345 410 4393 occiditur
427 4343 549 4402 Aomgbcd.
591 4341 706 4389 occiderit
724 4339 782 4388 ata.
838 4338 876 4387 15.
896 4338 990 4400 eripere
1009 4344 1147 4385 est—-
1165 4336 1269 4384 animam
1287 4334 1407 4385 omlllc.

230 4409 373 4459 1111111111
391 4411 441 4459 auis
459 4410 577 4457 codicibus
593 4410 691 4470 primum
703 4406 841 4467 Gonqncius.
888 4404 926 4453 16.
946 4404 1020 4452 relert
1038 4416 1094 4452 1110
1112 4402 1155 4452 AB.
1190 4401 1287 4463 referat,
1306 4415 1363 4452 caru
1384 4400 1407 4451 G.

239 4472 279 4525 tt.
294 4478 397 4526 animam
416 4490 460 4538 per
478 4476 630 4523 occasionem
649 4481 755 4535 ereptam
775 4472 817 4521 AB.

302 4544 359 4607 Cap.
379 4543 457 4592 xxix.
504 4544 526 4589 1.
545 4538 958 4589 111111111110111110111111111.
1010 4535 1033 4585 1.
1052 4531 1116 4598 1ρίΙί
1135 4535 1156 4584 b.
1192 4533 1302 4598 spiritale
1320 4550 1338 4584 e.
1381 4531 1405 4582 3.

242 4612 374 4668 quaestione
391 4610 435 4658 AB.
487 4608 511 4656 4.
530 4609 553 4656 10
572 4623 615 4656 om.
629 4610 651 4656 b.

275 4705 326 4770 Cap.
343 4710 422 4758 xxix.
450 4723 471 4756 a.
490 4709 511 4756 si
529 4715 553 4756 et
570 4706 714 4767 allegoricae
732 4704 795 4753 scri·
847 4703 978 4764 allegorico
997 4715 1080 4760 sensu,
1107 4700 1137 4750 da
1155 4714 1202 4765 quo
1219 4712 1293 4762 supra
1311 4696 1407 4760 praeci·

249 4773 331 4837 110111]
365 4777 472 4824 Resumit
496 4781 635 4835 argumenta
659 4773 795 4833 scripturae
847 4785 894 4834 pue
913 4785 982 4833 capp.
996 4768 1029 4818 ab
1048 4777 1071 4821 ct
1088 4767 1128 4818 Yl.
1147 4769 1190 4830 (ha
1208 4762 1304 4822 Corda.)

250 4833 298 4886 tan,
315 4844 440 4905 probantia
458 4843 659 4892 resurrectionem
669 4841 749 4904 primo
768 4852 795 4887 11
