3242 5775
311 650 373 714 558
562 664 665 713 outtm
686 664 817 706 serrum
840 664 1005 706 aununtiate
1028 663 1225 706 rettulerant

311 831 429 875 carcere
452 810 560 871 saeculi
583 811 660 870 inter
683 829 755 871 suos
777 810 901 871 Cebetas
932 818 961 870 et
982 829 1056 871 suos
1077 810 1269 883 Phaedonas,
1302 811 1329 870 si
1351 811 1466 890 quidde

311 913 408 974 anima
431 910 683 971 ¹'examinandum
707 919 768 982 est,
801 911 837 970 ad
860 910 909 971 dei
930 910 1045 988 regulas
1069 909 1211 988 ”diriget
1261 910 1347 971 Corte
1370 912 1469 972 nullum
1504 939 1511 950 ·

310 1012 399 1073 alium
410 1010 557 1090 potiorem
569 1009 683 1070 animae
694 1008 909 1071 ”demonstras
921 1010 1209 1071 demonstratorem·
1221 1028 1306 1087 quam
1319 1020 1471 1072 auctorem.

311 1114 333 1171 h
357 1112 412 1172 deo
434 1110 558 1171 ²¹discas
581 1109 660 1187 quod
683 1128 698 1168 a
721 1110 777 1169 deo
800 1108 925 1180 habeas,
948 1119 999 1171 aut
1019 1128 1075 1171 nec
1096 1109 1133 1170 ab
1148 1109 1222 1177 alio,
1246 1111 1272 1170 si
1295 1128 1390 1172 neca
1413 1111 1472 1172 deo.

312 1210 387 1283 Quis
409 1211 486 1271 enim
509 1209 651 1270 revelabit
672 1210 749 1286 quod
772 1208 955 1270 desisterit?
988 1208 1088 1269 ²'lude
1110 1210 1320 1270 sciscitandum
1342 1221 1391 1272 est
1406 1211 1476 1272 uude

199 1383 203 1394 Ι
311 1321 341 1372 et
361 1310 498 1389 ignorare
521 1308 700 1370 tutissimum
723 1317 778 1368 est.
822 1308 958 1369 Praestat
980 1328 1033 1387 per
1055 1310 1142 1369 deum
1166 1310 1300 1381 nescire,
1328 1310 1475 1388 quianon

310 1410 497 1479 revelaverit,
521 1427 606 1486 quarn
629 1426 682 1485 per
704 1408 853 1468 hominem
877 1409 969 1481 scire,
992 1409 1060 1486 qnia
1083 1408 1148 1486 ipse
1169 1411 1417 1487 praesumpserit.

202 1519 292 1574 capu.
392 1509 483 1569 Plane
505 1526 565 1567 non
588 1506 760 1584 negabimus
783 1508 940 1585 aliquando
962 1508 1160 1586 philosophos
1180 1506 1260 1568 iuxta
1282 1519 1388 1570 nostra
1409 1528 1477 1570 sen-

278 1656 280 1660 .
310 1610 398 1670 sisse.
442 1607 658 1668 Testimonium
681 1615 726 1667 est
747 1607 880 1667 veritatis
903 1607 1041 1668 ¹eventus
1064 1607 1169 1685 ipsius.
1209 1607 1430 1688 Nonnunquam
1451 1618 1479 1670 et

308 1709 339 1769 in
360 1707 488 1788 procella
510 1706 643 1767 confusis
666 1706 796 1784 vestigiis
819 1706 889 1766 caeli
912 1716 942 1766 et
969 1707 1036 1767 freti
1067 1706 1156 1784 aliqui
1184 1716 1290 1785 portus
1319 1709 1480 1772 oilenditur

309 1826 456 1888 prospero
478 1825 590 1878 errore,
614 1823 826 1884 nonnunquam
849 1816 879 1866 et
901 1805 930 1865 in
946 1807 1077 1867 tenebris
1092 1806 1189 1867 aditus
1206 1806 1323 1884 quidem
1340 1817 1374 1870 et
1387 1809 1479 1870 exitus

310 1907 569 1987 deprehenduntur
590 1923 675 1966 caeca
697 1906 845 1976 felicitate.
890 1906 948 1965 Sed
971 1913 999 1966 et
1022 1914 1125 1966 natura
1147 1906 1287 1986 pleraque
1310 1926 1477 1987 suggerun-

309 2016 357 2068 tur
378 2006 461 2084 qnasi
484 2006 520 2066 de
542 2005 659 2084 publico
682 2023 789 2077 sensu,
812 2023 870 2083 quo
893 2007 1019 2067 animam
1042 2005 1116 2066 deus
1138 2005 1240 2067 dotare
1261 2006 1402 2085 dignatus
1425 2017 1478 2069 est.

310 2105 394 2167 lluuc
414 2115 499 2166 nacta
521 2105 708 2184 philosophia
731 2104 766 2164 ad
782 2105 905 2182 gloriam
920 2107 1061 2184 propriae
1076 2106 1148 2165 artis
1164 2106 1276 2166 inllavit
1291 2124 1366 2185 prae
1382 2107 1478 2168 studio

311 2210 383 2276 (non
400 2206 523 2265 'mirum
540 2206 565 2264 si
588 2205 668 2264 istud
692 2204 729 2264 ita
753 2205 888 2278 dixerim)
912 2205 1020 2283 eloquii
1043 2205 1158 2283 quidvis
1182 2214 1299 2266 struere
1313 2215 1404 2284 atque
1425 2209 1478 2268 de-

311 2314 427 2366 struere
449 2305 555 2366 eruditi
579 2304 730 2382 magisque
752 2304 876 2364 dicendo
898 2304 1103 2384 persuadentis
1119 2324 1205 2383 quam
1220 2306 1369 2366 docendo.
1403 2308 1478 2367 For·

312 2423 375 2466 mas
397 2404 488 2465 rebus
510 2403 654 2481 imponit,
687 2423 736 2464 eas
759 2422 839 2465 nunc
865 2413 1038 2483 peraequat,
1067 2422 1146 2464 nuuc
1165 2405 1290 2482 privat·,
1323 2406 1363 2466 de
1389 2408 1478 2467 certis

310 2504 420 2565 incerta
442 2504 639 2583 praeiudicat,
669 2512 811 2582 provocat
832 2504 867 2563 ad
891 2503 1038 2581 exempla,
1068 2505 1150 2581 quasi
1181 2504 1380 2581 comparanda
1401 2504 1479 2565 'sint

311 2605 422 2674 omnia,
447 2603 545 2663 omnia
566 2602 772 2679 praescribitl,
794 2601 1043 2679 ‘proprietatibus
1059 2602 1146 2662 etiam
1162 2604 1240 2661 inter
1255 2602 1363 2663 similia
1379 2604 1477 2666 direr-

310 2704 364 2774 sis,
380 2700 452 2761 nihil
465 2700 581 2761 divinae
595 2699 730 2761 licentiae
746 2693 966 2777 serrat,'³leges
982 2708 1103 2760 naturae
1119 2700 1276 2778 opiniones
1292 2719 1364 2762 suas
1379 2702 1477 2763 ‘laeitz

310 2803 435 2872 terrem,
458 2800 484 2860 si
507 2799 647 2861 naturalis
669 2800 749 2879 ipsa,
782 2807 816 2860 ut
836 2798 976 2877 'compos
999 2809 1120 2860 naturae
1142 2800 1179 2860 do
1201 2800 1382 2863 conditionis
1404 2821 1476 2864 con·

310 2903 404 2965 sortio
425 2901 611 2981 probaretur.
648 2900 716 2961 Visa
737 2908 784 2960 ast
805 2899 923 2978 quidem
947 2899 1005 2960 sihi
1027 2909 1058 2960 et
1079 2919 1114 2960 ex
1136 2901 1245 2973 sacris,
1267 2919 1343 2979 quas
1363 2911 1477 2983 putant,

309 3003 416 3064 litteris
442 3002 594 3073 hausisse,
628 3001 696 3078 quia
723 2997 883 3078 plerosque
914 3008 1051 3061 auctores
1078 3000 1165 3061 etiam
1194 2999 1268 3060 deos
1302 3001 1479 3064 existimarit

308 3103 482 3182 antiquitas,
512 3100 619 3161 nedum
643 3100 743 3172 divos,
773 3108 806 3159 ut
826 3099 1002 3161 Mercurium
1023 3101 1213 3179 Aegyptium,
1241 3100 1288 3160 cui
1316 3103 1475 3181 praecipua

309 3204 390 3265 Plato
413 3200 573 3273 adsuerit·,
604 3208 637 3260 ut
658 3197 810 3261 Silennm⁸
833 3199 992 3288 Phrygem,
1026 3199 1071 3260 cui
1100 3218 1116 3260 a
1137 3199 1309 3278 pastoribus
1331 3202 1474 3279 perducto

311 3353 349 3403 18.
368 3355 475 3402 examine
494 3350 676 3400 examinandum
696 3351 720 3399 tt.
775 3350 815 3399 19.
833 3350 919 3413 diriget
936 3350 987 3411 PC„
1007 3351 1142 3399 Faltonius.
1178 3349 1264 3411 dirigat
1281 3352 1319 3400 ol.
1373 3349 1414 3401 20.
1433 3353 1475 3400 de·

309 3428 429 3470 monstras
453 3420 670 3468 demonstratorem
694 3431 764 3480 qnam
790 3424 921 3466 auctorem.
953 3421 969 3464 Α
995 3418 1040 3466 deo
1064 3433 1113 3479 epo.
1160 3416 1379 3467 demonstratorem
1405 3432 1475 3482 qnam

308 3496 429 3536 auctorem
448 3488 560 3549 reperiet.
585 3485 664 3533 ldeo
683 3487 714 3544 h,
734 3499 784 3534 eam
802 3485 882 3534 Fuluio
901 3485 990 3534 desisto.
1027 3484 1243 3532 demonstratorem
1262 3498 1333 3546 quam
1354 3492 1476 3534 sudorem

308 3568 321 3602 a
339 3554 385 3603 deo
404 3554 461 3602 Bco.
509 3553 550 3602 tt.
569 3552 649 3601 discas
668 3551 731 3614 quod
751 3565 763 3600 a
782 3551 828 3599 deo
846 3551 935 3600 habeas
953 3566 1002 3612 ego.
1037 3551 1113 3599 discat
1131 3550 1195 3612 qnod
1214 3564 1227 3598 a
1246 3549 1291 3598 deo
1312 3550 1402 3600 habeas
1420 3551 1476 3602 aas.

308 3620 384 3669 discat
402 3620 465 3683 quod
484 3636 496 3669 a
515 3620 561 3668 deo
580 3619 665 3667 habeat
684 3620 714 3677 h,
727 3633 778 3667 cum
788 3618 967 3668 Fulviollraioo.
1009 3615 1048 3665 22.
1068 3616 1125 3665 inde
1143 3616 1313 3665 sciscitandum
1327 3618 1440 3667 estunda
1455 3620 1476 3668 t.

309 3687 375 3736 Unda
392 3687 562 3735 sciscitandum
581 3694 617 3733 est
635 3685 690 3732 inde
709 3685 754 3733 los.
764 3685 874 3746 Scaliger.
912 3683 978 3733 Unde
995 3684 1166 3732 sciscitandum
1184 3678 1242 3731 est?
1266 3683 1333 3731 Unda
1350 3684 1409 3735 aas.

375 3751 432 3814 Cap.
453 3752 481 3799 ll.
519 3752 542 3801 i.
561 3752 669 3800 inventus
688 3768 709 3799 o.
757 3749 780 3798 2.
800 3751 886 3798 mirum
904 3748 920 3781 *
938 3763 986 3798 non
1005 3750 1067 3799 istud
1086 3750 1121 3809 B„
1140 3752 1264 3798 intervos.
1284 3751 1371 3799 mirum
1390 3758 1411 3800 et
1429 3765 1475 3800 noa

307 3820 382 3881 spatio
401 3819 498 3867 daurom
515 3818 684 3875 resolutorum,
704 3818 739 3865 oel
759 3818 787 3865 11
808 3818 944 3877 litterarum,
964 3832 1035 3866 oceno
1053 3817 1141 3867 relicto.
1189 3815 1213 3864 3.
1232 3815 1280 3863 sint
1298 3817 1381 3866 omnia
1398 3820 1430 3879 h,
1449 3819 1477 3867 de

307 3884 419 3932 emendat.
438 3883 610 3931 Fulviivrss‘m'.
645 3882 685 3938 sit,
703 3883 782 3932 omnia
802 3883 826 3930 ll.
863 3883 943 3932 omnia
964 3884 1002 3932 Co.
1055 3883 1079 3932 t.
1097 3882 1284 3944 proprietatibus
1302 3884 1334 3943 lc,
1355 3886 1385 3934 da
1402 3900 1477 3935 enee-

308 3950 469 3997 detinuit.
509 3948 607 4011 propria
632 3949 749 3998 aetatibus
772 3949 831 3999 Bca.
889 3950 912 3998 5.
932 3950 991 4010 legis
1010 3950 1035 3998 B.
1095 3949 1119 3998 6.
1137 3950 1192 3998 lecit
1210 3950 1234 3998 B.
1292 3948 1316 3997 Ἰ.
1341 3958 1477 4015 cumpost

307 4023 406 4063 naturae
424 4014 466 4062 B.'

341 4161 365 4194 n.
384 4146 536 4195 demonstras
553 4144 782 4214 demonstratorem]
808 4148 864 4196 vsu·
916 4148 980 4197 lade
999 4149 1102 4198 Creneer
1121 4148 1149 4195 ad
1168 4147 1217 4197 Cic.
1235 4146 1301 4197 hh.
1321 4148 1412 4209 utta
1444 4150 1477 4199 lle

307 4212 381 4261 dicavi
399 4213 496 4261 verbum
516 4215 658 4263 demonstror
676 4215 740 4277 qnod
758 4229 864 4278 sequens
917 4215 1015 4263 Platone
1043 4215 1199 4278 Aegyptiacae
1228 4215 1353 4265 doctrinae
1380 4218 1478 4267 alamno

307 4279 447 4328 vccabulum
467 4281 630 4343 absorpserat.
916 4283 948 4330 cl.
967 4281 1033 4344 lips.
1054 4281 1146 4330 llanud.
1166 4282 1195 4330 ad
1213 4282 1287 4331 Stoic.
1307 4282 1400 4333 Philas.
1418 4284 1438 4344 l,
1452 4284 1478 4334 t.

341 4345 398 4408 Cap.
417 4346 446 4394 ll.
489 4362 510 4394 a.
536 4362 599 4395 nunc
625 4343 713 4409 privet]
738 4346 818 4396 Priras
842 4356 866 4398 et
916 4362 970 4411 pag.
993 4347 1050 4398 cst.
1081 4348 1143 4411 Opp.
1176 4349 1232 4396 edit.
1258 4348 1353 4410 lecal,
1389 4350 1479 4402 Enoch.

307 4413 419 4475 proprias
437 4412 554 4474 adsignet.
572 4413 678 4473 (Rigalt.)
917 4414 1003 4478 Praep.
1031 4417 1117 4477 llsang.
1137 4414 1175 4469 lx.
1195 4414 1219 4464 3.
1261 4416 1374 4467 lmhroa.
1399 4420 1477 4469 Sem.

341 4479 363 4526 h.
383 4474 628 4543 omniapraescrihit]
647 4479 803 4544 Praescriptis
821 4479 864 4529 de·
916 4481 994 4531 llllll.
1020 4484 1042 4530 in
1062 4483 1149 4531 Psalm.
1168 4482 1266 4533 cxvut.
1299 4486 1478 4547 augustialis

306 4546 454 4594 finitionibus
480 4548 558 4594 omnia
577 4546 767 4609 comprehendit
793 4548 865 4609 (llig.)
916 4547 964 4597 Cir.
984 4549 1025 4598 [tei
1044 4549 1167 4608 vlll,ll.,
1192 4558 1214 4599 et
1258 4564 1303 4600 uos
1322 4551 1477 4605 laudantia·

339 4628 360 4660 c.
379 4611 509 4661 llerrorins
521 4615 660 4676 Aegyptium
679 4615 716 4663 cni
735 4616 865 4678 praecipue
915 4625 1003 4680 terprr.
1022 4617 1051 4665 ad
1070 4617 1175 4667 lactant.
1195 4566 1265 4677 ld.

304 4678 372 4728 Plato
390 4675 509 4742 adsuerit]
542 4680 575 4729 lle
599 4681 715 4731 llercurio
744 4683 775 4731 cl.
802 4683 865 4733 inlra
949 4684 971 4732 d.
990 4679 1110 4748 Silenum]
1129 4684 1478 4752 Chhdnllermogeaplh.

304 4761 356 4810 cap.
368 4745 408 4794 33.
428 4747 695 4811 esav-tentemus.
729 4750 795 4799 Plato
811 4750 864 4800 eius
913 4749 1151 4814 perstiterant.
1188 4752 1310 4801 Plutarch.
1329 4754 1480 4806 [laconas-

303 4814 410 4862 rneminit
442 4814 465 4862 in
490 4814 598 4863 Phaedro
628 4815 724 4878 pttt.
752 4816 861 4880 capati.
914 4816 954 4866 lat.
966 4818 995 4867 ad
1006 4818 1184 4885 Apoll.p.l18.
1207 4820 1299 4871 helian.
1311 4821 1481 4887 t.tt.ttt,ta.
