<?xml version="1.0" encoding="UTF-8"?>
<!DOCTYPE html PUBLIC "-//W3C//DTD XHTML 1.0 Transitional//EN"
    "http://www.w3.org/TR/xhtml1/DTD/xhtml1-transitional.dtd">
<html xmlns="http://www.w3.org/1999/xhtml" xml:lang="en" lang="en">
 <head>
  <title>
</title>
<meta http-equiv="Content-Type" content="text/html;charset=utf-8" />
  <meta name='ocr-system' content='tesseract 3.04.00' />
  <meta name='ocr-capabilities' content='ocr_page ocr_carea ocr_par ocr_line ocrx_word'/>
</head>
<body>
  <div class='ocr_page' id='page_1' title='image "./quaesupersuntom00oehlgoog_0269.png"; bbox 0 0 3242 5775; ppageno 0'>
   <div class='ocr_carea' id='block_1_1' title="bbox 320 392 1232 483">
    <p class='ocr_par' dir='ltr' id='par_1_1' title="bbox 320 392 1232 483">
     <span class='ocr_line' id='line_1_1' title="bbox 320 392 1232 483; baseline -0.003 -3"><span class='ocrx_word' id='word_1_1' title='bbox 320 416 382 483; x_wconf 78' lang='lat'><strong>³18</strong></span> <span class='ocrx_word' id='word_1_2' title='bbox 414 396 416 401; x_wconf 33' lang='lat'>⁵</span> <span class='ocrx_word' id='word_1_3' title='bbox 571 432 673 483; x_wconf 79' lang='lat' dir='ltr'><strong>curum</strong></span> <span class='ocrx_word' id='word_1_4' title='bbox 696 392 828 476; x_wconf 76' lang='lat' dir='ltr'><strong>seesima</strong></span> <span class='ocrx_word' id='word_1_5' title='bbox 849 433 1013 478; x_wconf 76' lang='lat' dir='ltr'><strong>saonensis</strong></span> <span class='ocrx_word' id='word_1_6' title='bbox 1036 431 1232 477; x_wconf 76' lang='lat' dir='ltr'><strong>amanteum</strong></span> 
     </span>
    </p>
   </div>
   <div class='ocr_carea' id='block_1_2' title="bbox 164 580 1435 1064">
    <p class='ocr_par' dir='ltr' id='par_1_2' title="bbox 164 580 1435 762">
     <span class='ocr_line' id='line_1_2' title="bbox 164 580 1435 661; baseline -0.005 -18"><span class='ocrx_word' id='word_1_7' title='bbox 164 582 415 649; x_wconf 81' lang='lat' dir='ltr'><strong>aau.xrt,u.l1abes</strong></span> <span class='ocrx_word' id='word_1_8' title='bbox 437 580 623 661; x_wconf 73' lang='lat' dir='ltr'><strong>”psalmum</strong></span> <span class='ocrx_word' id='word_1_9' title='bbox 662 581 848 656; x_wconf 85' lang='lat' dir='ltr'><strong>Benedicite,</strong></span> <span class='ocrx_word' id='word_1_10' title='bbox 870 591 901 644; x_wconf 88' lang='lat' dir='ltr'><strong>ct</strong></span> <span class='ocrx_word' id='word_1_11' title='bbox 921 582 1012 644; x_wconf 92' lang='lat' dir='ltr'><strong>nolite</strong></span> <span class='ocrx_word' id='word_1_12' title='bbox 1035 580 1219 644; x_wconf 75' lang='lat' dir='ltr'><strong>maledicere.</strong></span> <span class='ocrx_word' id='word_1_13' title='bbox 1255 580 1332 654; x_wconf 83' lang='lat' dir='ltr'><strong>Quis</strong></span> <span class='ocrx_word' id='word_1_14' title='bbox 1355 581 1435 643; x_wconf 70' lang='lat' dir='ltr'><strong>boc.</strong></span> 
     </span>
     <span class='ocr_line' id='line_1_3' title="bbox 165 681 1433 762; baseline 0.001 -20"><span class='ocrx_word' id='word_1_15' title='bbox 165 682 396 748; x_wconf 77' lang='lat' dir='ltr'><strong>nau.rrr‚n.cebit</strong></span> <span class='ocrx_word' id='word_1_16' title='bbox 416 701 503 762; x_wconf 87' lang='lat' dir='ltr'><strong>quam</strong></span> <span class='ocrx_word' id='word_1_17' title='bbox 525 684 576 762; x_wconf 87' lang='lat' dir='ltr'><strong>qui</strong></span> <span class='ocrx_word' id='word_1_18' title='bbox 599 684 697 744; x_wconf 88' lang='lat' dir='ltr'><strong>omnia</strong></span> <span class='ocrx_word' id='word_1_19' title='bbox 718 682 975 745; x_wconf 83' lang='lat' dir='ltr'><strong>benedictionibus</strong></span> <span class='ocrx_word' id='word_1_20' title='bbox 998 681 1153 744; x_wconf 77' lang='lat' dir='ltr'><strong>condidit?</strong></span> <span class='ocrx_word' id='word_1_21' title='bbox 1180 682 1247 744; x_wconf 89' lang='lat' dir='ltr'><strong>Non</strong></span> <span class='ocrx_word' id='word_1_22' title='bbox 1262 682 1353 744; x_wconf 91' lang='lat' dir='ltr'><strong>altum</strong></span> <span class='ocrx_word' id='word_1_23' title='bbox 1369 681 1433 762; x_wconf 89' lang='lat' dir='ltr'><strong>sapi</strong></span> 
     </span>
    </p>

    <p class='ocr_par' dir='ltr' id='par_1_3' title="bbox 165 782 1435 1064">
     <span class='ocr_line' id='line_1_4' title="bbox 190 782 1435 862; baseline -0.002 -15"><span class='ocrx_word' id='word_1_24' title='bbox 190 798 302 849; x_wconf 62' lang='lat' dir='ltr'><strong>tesval.</strong></span> <span class='ocrx_word' id='word_1_25' title='bbox 316 793 380 859; x_wconf 85' lang='lat' dir='ltr'><strong>tes,</strong></span> <span class='ocrx_word' id='word_1_26' title='bbox 402 784 455 845; x_wconf 90' lang='lat' dir='ltr'><strong>sed</strong></span> <span class='ocrx_word' id='word_1_27' title='bbox 477 783 638 846; x_wconf 79' lang='lat' dir='ltr'><strong>humilibus</strong></span> <span class='ocrx_word' id='word_1_28' title='bbox 659 782 888 855; x_wconf 54' lang='lat' dir='ltr'><strong>”assentantem</strong></span> <span class='ocrx_word' id='word_1_29' title='bbox 912 801 950 844; x_wconf 90' lang='lat' dir='ltr'><strong>ne</strong></span> <span class='ocrx_word' id='word_1_30' title='bbox 972 784 1039 844; x_wconf 87' lang='lat' dir='ltr'><strong>sitis</strong></span> <span class='ocrx_word' id='word_1_31' title='bbox 1061 784 1138 862; x_wconf 91' lang='lat' dir='ltr'><strong>apud</strong></span> <span class='ocrx_word' id='word_1_32' title='bbox 1160 802 1215 845; x_wconf 85' lang='lat' dir='ltr'><strong>vos</strong></span> <span class='ocrx_word' id='word_1_33' title='bbox 1237 782 1401 862; x_wconf 86' lang='lat' dir='ltr'><strong>sapientes.</strong></span> <span class='ocrx_word' id='word_1_34' title='bbox 1434 784 1435 789; x_wconf 74' lang='grc'>’</span> 
     </span>
     <span class='ocr_line' id='line_1_5' title="bbox 165 882 1435 966; baseline 0.002 -22"><span class='ocrx_word' id='word_1_35' title='bbox 165 885 396 949; x_wconf 64' lang='lat' dir='ltr'><strong>maxumum</strong></span> <span class='ocrx_word' id='word_1_36' title='bbox 418 885 540 947; x_wconf 87' lang='lat' dir='ltr'><strong>audiunt</strong></span> <span class='ocrx_word' id='word_1_37' title='bbox 560 903 615 966; x_wconf 89' lang='lat' dir='ltr'><strong>per</strong></span> <span class='ocrx_word' id='word_1_38' title='bbox 636 884 763 946; x_wconf 77' lang='lat' dir='ltr'><strong>Esaiam.</strong></span> <span class='ocrx_word' id='word_1_39' title='bbox 812 883 920 945; x_wconf 90' lang='lat' dir='ltr'><strong>blalum</strong></span> <span class='ocrx_word' id='word_1_40' title='bbox 950 902 1004 963; x_wconf 91' lang='lat' dir='ltr'><strong>pro</strong></span> <span class='ocrx_word' id='word_1_41' title='bbox 1032 883 1110 945; x_wconf 91' lang='lat' dir='ltr'><strong>malo</strong></span> <span class='ocrx_word' id='word_1_42' title='bbox 1139 882 1251 944; x_wconf 89' lang='lat' dir='ltr'><strong>nemini</strong></span> <span class='ocrx_word' id='word_1_43' title='bbox 1278 883 1435 946; x_wconf 87' lang='lat' dir='ltr'><strong>retribueri</strong></span> 
     </span>
     <span class='ocr_line' id='line_1_6' title="bbox 165 983 1435 1064; baseline -0.001 -17"><span class='ocrx_word' id='word_1_44' title='bbox 165 983 355 1047; x_wconf 70' lang='lat' dir='ltr'><strong>¹··v·¹¹¹·¹⁸·ttt</strong></span> <span class='ocrx_word' id='word_1_45' title='bbox 375 985 502 1047; x_wconf 88' lang='lat' dir='ltr'><strong>malitiae</strong></span> <span class='ocrx_word' id='word_1_46' title='bbox 524 986 623 1047; x_wconf 80' lang='lat' dir='ltr'><strong>fratris</strong></span> <span class='ocrx_word' id='word_1_47' title='bbox 646 984 717 1044; x_wconf 64' lang='lat' dir='ltr'><strong>“tui</strong></span> <span class='ocrx_word' id='word_1_48' title='bbox 739 1003 777 1046; x_wconf 94' lang='lat' dir='ltr'><strong>ne</strong></span> <span class='ocrx_word' id='word_1_49' title='bbox 799 984 980 1046; x_wconf 87' lang='lat' dir='ltr'><strong>memineris.</strong></span> <span class='ocrx_word' id='word_1_50' title='bbox 1014 984 1075 1045; x_wconf 88' lang='lat' dir='ltr'><strong>Nec</strong></span> <span class='ocrx_word' id='word_1_51' title='bbox 1096 991 1214 1046; x_wconf 84' lang='lat' dir='ltr'><strong>vosmet</strong></span> <span class='ocrx_word' id='word_1_52' title='bbox 1234 983 1319 1064; x_wconf 88' lang='lat' dir='ltr'><strong>ipsos</strong></span> <span class='ocrx_word' id='word_1_53' title='bbox 1342 985 1435 1047; x_wconf 92' lang='lat' dir='ltr'><strong>ulcisc</strong></span> 
     </span>
    </p>
   </div>
   <div class='ocr_carea' id='block_1_3' title="bbox 165 1034 1435 1163">
    <p class='ocr_par' dir='ltr' id='par_1_4' title="bbox 165 1034 1435 1163">
     <span class='ocr_line' id='line_1_7' title="bbox 165 1034 1435 1163; baseline 0.002 -19"><span class='ocrx_word' id='word_1_54' title='bbox 165 1034 372 1149; x_wconf 51' lang='lat' dir='ltr'><strong>¹¹⁴›1¹l¹¹⁶&#39;¹¹{n&#39;¹⁹&#39;tes.</strong></span> <span class='ocrx_word' id='word_1_55' title='bbox 401 1087 472 1147; x_wconf 85' lang='lat' dir='ltr'><strong>Mihi</strong></span> <span class='ocrx_word' id='word_1_56' title='bbox 495 1087 574 1148; x_wconf 91' lang='lat' dir='ltr'><strong>enim</strong></span> <span class='ocrx_word' id='word_1_57' title='bbox 595 1086 754 1148; x_wconf 83' lang='lat' dir='ltr'><strong>vindictam</strong></span> <span class='ocrx_word' id='word_1_58' title='bbox 777 1094 806 1145; x_wconf 91' lang='lat' dir='ltr'><strong>et</strong></span> <span class='ocrx_word' id='word_1_59' title='bbox 829 1104 883 1163; x_wconf 76' lang='lat' dir='ltr'><strong>ego</strong></span> <span class='ocrx_word' id='word_1_60' title='bbox 906 1084 1078 1159; x_wconf 80' lang='lat' dir='ltr'><strong>vindicabo,</strong></span> <span class='ocrx_word' id='word_1_61' title='bbox 1102 1086 1173 1147; x_wconf 90' lang='lat' dir='ltr'><strong>dicit</strong></span> <span class='ocrx_word' id='word_1_62' title='bbox 1194 1085 1345 1147; x_wconf 90' lang='lat' dir='ltr'><strong>domiuus.</strong></span> <span class='ocrx_word' id='word_1_63' title='bbox 1386 1085 1435 1146; x_wconf 79' lang='lat' dir='ltr'><strong>Pu</strong></span> 
     </span>
    </p>
   </div>
   <div class='ocr_carea' id='block_1_4' title="bbox 164 1135 1435 3582">
    <p class='ocr_par' dir='ltr' id='par_1_5' title="bbox 164 1135 1435 3582">
     <span class='ocr_line' id='line_1_8' title="bbox 164 1135 1417 1265; baseline 0 -18"><span class='ocrx_word' id='word_1_64' title='bbox 164 1135 383 1253; x_wconf 42' lang='lat' dir='ltr'><strong>nxofflxl&#39;ufbncum</strong></span> <span class='ocrx_word' id='word_1_65' title='bbox 404 1187 572 1248; x_wconf 72' lang='lat' dir='ltr'><strong>”omnibus</strong></span> <span class='ocrx_word' id='word_1_66' title='bbox 593 1185 764 1247; x_wconf 89' lang='lat' dir='ltr'><strong>bominibus</strong></span> <span class='ocrx_word' id='word_1_67' title='bbox 786 1186 935 1247; x_wconf 88' lang='lat' dir='ltr'><strong>habetote.</strong></span> <span class='ocrx_word' id='word_1_68' title='bbox 984 1185 1063 1265; x_wconf 83' lang='lat' dir='ltr'><strong>Ergo</strong></span> <span class='ocrx_word' id='word_1_69' title='bbox 1086 1194 1118 1247; x_wconf 90' lang='lat' dir='ltr'><strong>et</strong></span> <span class='ocrx_word' id='word_1_70' title='bbox 1136 1186 1240 1265; x_wconf 78' lang='lat' dir='ltr'><strong>legalis</strong></span> <span class='ocrx_word' id='word_1_71' title='bbox 1264 1185 1334 1249; x_wconf 90' lang='lat' dir='ltr'><strong>talio</strong></span> <span class='ocrx_word' id='word_1_72' title='bbox 1357 1204 1417 1247; x_wconf 93' lang='lat' dir='ltr'><strong>non</strong></span> 
     </span>
     <span class='ocr_line' id='line_1_9' title="bbox 318 1286 1435 1366; baseline -0.001 -15"><span class='ocrx_word' id='word_1_73' title='bbox 318 1288 510 1352; x_wconf 81' lang='lat' dir='ltr'><strong>tributionem</strong></span> <span class='ocrx_word' id='word_1_74' title='bbox 531 1286 685 1347; x_wconf 76' lang='lat' dir='ltr'><strong>”iniuriae</strong></span> <span class='ocrx_word' id='word_1_75' title='bbox 707 1286 909 1365; x_wconf 88' lang='lat' dir='ltr'><strong>permittebat,</strong></span> <span class='ocrx_word' id='word_1_76' title='bbox 939 1287 993 1347; x_wconf 88' lang='lat' dir='ltr'><strong>sed</strong></span> <span class='ocrx_word' id='word_1_77' title='bbox 1022 1287 1222 1366; x_wconf 85' lang='lat' dir='ltr'><strong>inceptionem</strong></span> <span class='ocrx_word' id='word_1_78' title='bbox 1250 1296 1331 1348; x_wconf 91' lang='lat' dir='ltr'><strong>metu</strong></span> <span class='ocrx_word' id='word_1_79' title='bbox 1359 1295 1435 1353; x_wconf 76' lang='lat' dir='ltr'><strong>retu</strong></span> 
     </span>
     <span class='ocr_line' id='line_1_10' title="bbox 316 1386 1435 1469; baseline -0.003 -17"><span class='ocrx_word' id='word_1_80' title='bbox 316 1390 407 1452; x_wconf 88' lang='lat' dir='ltr'><strong>tionis</strong></span> <span class='ocrx_word' id='word_1_81' title='bbox 429 1386 650 1468; x_wconf 90' lang='lat' dir='ltr'><strong>comprimebat.</strong></span> <span class='ocrx_word' id='word_1_82' title='bbox 683 1387 787 1447; x_wconf 85' lang='lat' dir='ltr'><strong>blerito</strong></span> <span class='ocrx_word' id='word_1_83' title='bbox 810 1386 909 1467; x_wconf 89' lang='lat' dir='ltr'><strong>itaque</strong></span> <span class='ocrx_word' id='word_1_84' title='bbox 923 1395 1016 1449; x_wconf 90' lang='lat' dir='ltr'><strong>totam</strong></span> <span class='ocrx_word' id='word_1_85' title='bbox 1032 1388 1174 1449; x_wconf 87' lang='lat' dir='ltr'><strong>creatoris</strong></span> <span class='ocrx_word' id='word_1_86' title='bbox 1197 1388 1384 1469; x_wconf 87' lang='lat' dir='ltr'><strong>disciplinam</strong></span> <span class='ocrx_word' id='word_1_87' title='bbox 1405 1406 1435 1468; x_wconf 60' lang='grc' dir='ltr'><strong>Γ</strong></span> 
     </span>
     <span class='ocr_line' id='line_1_11' title="bbox 165 1487 1397 1571; baseline 0 -20"><span class='ocrx_word' id='word_1_88' title='bbox 165 1490 401 1571; x_wconf 73' lang='lat' dir='ltr'><strong>nouxrnncipali</strong></span> <span class='ocrx_word' id='word_1_89' title='bbox 424 1496 581 1568; x_wconf 84' lang='lat' dir='ltr'><strong>praecepto</strong></span> <span class='ocrx_word' id='word_1_90' title='bbox 605 1488 670 1548; x_wconf 91' lang='lat' dir='ltr'><strong>eius</strong></span> <span class='ocrx_word' id='word_1_91' title='bbox 692 1487 854 1561; x_wconf 75' lang='lat' dir='ltr'><strong>conclusit,</strong></span> <span class='ocrx_word' id='word_1_92' title='bbox 876 1488 986 1567; x_wconf 78' lang='lat' dir='ltr'><strong>Diliges</strong></span> <span class='ocrx_word' id='word_1_93' title='bbox 1007 1488 1176 1567; x_wconf 84' lang='lat' dir='ltr'><strong>proximum</strong></span> <span class='ocrx_word' id='word_1_94' title='bbox 1198 1497 1336 1567; x_wconf 88' lang='lat' dir='ltr'><strong>tanquam</strong></span> <span class='ocrx_word' id='word_1_95' title='bbox 1359 1498 1397 1552; x_wconf 86' lang='lat' dir='ltr'><strong>te.</strong></span> 
     </span>
     <span class='ocr_line' id='line_1_12' title="bbox 316 1587 1435 1670; baseline 0.002 -17"><span class='ocrx_word' id='word_1_96' title='bbox 316 1590 391 1670; x_wconf 78' lang='lat' dir='ltr'><strong>legis</strong></span> <span class='ocrx_word' id='word_1_97' title='bbox 414 1589 652 1669; x_wconf 89' lang='lat' dir='ltr'><strong>supplementum</strong></span> <span class='ocrx_word' id='word_1_98' title='bbox 681 1589 706 1649; x_wconf 88' lang='lat' dir='ltr'><strong>si</strong></span> <span class='ocrx_word' id='word_1_99' title='bbox 735 1607 770 1649; x_wconf 82' lang='lat' dir='ltr'><strong>ex</strong></span> <span class='ocrx_word' id='word_1_100' title='bbox 798 1588 864 1667; x_wconf 90' lang='lat' dir='ltr'><strong>ipsa</strong></span> <span class='ocrx_word' id='word_1_101' title='bbox 884 1587 949 1667; x_wconf 80' lang='lat' dir='ltr'><strong>lege</strong></span> <span class='ocrx_word' id='word_1_102' title='bbox 971 1596 1032 1663; x_wconf 85' lang='lat' dir='ltr'><strong>est,</strong></span> <span class='ocrx_word' id='word_1_103' title='bbox 1064 1589 1131 1667; x_wconf 89' lang='lat' dir='ltr'><strong>quis</strong></span> <span class='ocrx_word' id='word_1_104' title='bbox 1161 1589 1201 1649; x_wconf 88' lang='lat' dir='ltr'><strong>sit</strong></span> <span class='ocrx_word' id='word_1_105' title='bbox 1228 1590 1304 1651; x_wconf 88' lang='lat' dir='ltr'><strong>deus</strong></span> <span class='ocrx_word' id='word_1_106' title='bbox 1332 1590 1435 1668; x_wconf 69' lang='lat' dir='ltr'><strong>legis</strong></span> 
     </span>
     <span class='ocr_line' id='line_1_13' title="bbox 316 1689 1435 1771; baseline 0.001 -19"><span class='ocrx_word' id='word_1_107' title='bbox 316 1693 433 1771; x_wconf 79' lang='lat' dir='ltr'><strong>ignoro.</strong></span> <span class='ocrx_word' id='word_1_108' title='bbox 466 1691 564 1751; x_wconf 87' lang='lat' dir='ltr'><strong>lletuo</strong></span> <span class='ocrx_word' id='word_1_109' title='bbox 588 1707 625 1749; x_wconf 92' lang='lat' dir='ltr'><strong>ne</strong></span> <span class='ocrx_word' id='word_1_110' title='bbox 647 1689 721 1752; x_wconf 88' lang='lat' dir='ltr'><strong>deus</strong></span> <span class='ocrx_word' id='word_1_111' title='bbox 742 1689 911 1750; x_wconf 83' lang='lat' dir='ltr'><strong>Marcionis.</strong></span> <span class='ocrx_word' id='word_1_112' title='bbox 947 1690 980 1751; x_wconf 90' lang='lat' dir='ltr'><strong>Si</strong></span> <span class='ocrx_word' id='word_1_113' title='bbox 1003 1708 1072 1750; x_wconf 83' lang='lat' dir='ltr'><strong>vero</strong></span> <span class='ocrx_word' id='word_1_114' title='bbox 1096 1689 1278 1768; x_wconf 82' lang='lat' dir='ltr'><strong>evangelium</strong></span> <span class='ocrx_word' id='word_1_115' title='bbox 1302 1690 1435 1753; x_wconf 77' lang='lat' dir='ltr'><strong>Christ</strong></span> 
     </span>
     <span class='ocr_line' id='line_1_14' title="bbox 316 1789 1435 1873; baseline -0.002 -20"><span class='ocrx_word' id='word_1_116' title='bbox 316 1799 474 1873; x_wconf 88' lang='lat' dir='ltr'><strong>praecepto</strong></span> <span class='ocrx_word' id='word_1_117' title='bbox 496 1790 688 1869; x_wconf 82' lang='lat' dir='ltr'><strong>adimpletur,</strong></span> <span class='ocrx_word' id='word_1_118' title='bbox 712 1789 822 1865; x_wconf 84' lang='lat' dir='ltr'><strong>Cbristi</strong></span> <span class='ocrx_word' id='word_1_119' title='bbox 845 1799 943 1852; x_wconf 91' lang='lat' dir='ltr'><strong>autem</strong></span> <span class='ocrx_word' id='word_1_120' title='bbox 965 1809 1026 1852; x_wconf 92' lang='lat' dir='ltr'><strong>non</strong></span> <span class='ocrx_word' id='word_1_121' title='bbox 1047 1790 1123 1852; x_wconf 62' lang='lat' dir='ltr'><strong>”est</strong></span> <span class='ocrx_word' id='word_1_122' title='bbox 1143 1790 1305 1865; x_wconf 86' lang='lat' dir='ltr'><strong>creatoris,</strong></span> <span class='ocrx_word' id='word_1_123' title='bbox 1334 1810 1403 1871; x_wconf 77' lang='lat' dir='ltr'><strong>quo</strong></span> <span class='ocrx_word' id='word_1_124' title='bbox 1422 1806 1435 1833; x_wconf 78' lang='lat'><strong>¹</strong></span> 
     </span>
     <span class='ocr_line' id='line_1_15' title="bbox 165 1889 1418 1971; baseline 0.001 -19"><span class='ocrx_word' id='word_1_125' title='bbox 165 1905 303 1960; x_wconf 66' lang='lat' dir='ltr'><strong>nanuum.</strong></span> <span class='ocrx_word' id='word_1_126' title='bbox 318 1891 523 1956; x_wconf 87' lang='lat' dir='ltr'><strong>contendimus</strong></span> <span class='ocrx_word' id='word_1_127' title='bbox 546 1891 652 1952; x_wconf 83' lang='lat' dir='ltr'><strong>dixerit</strong></span> <span class='ocrx_word' id='word_1_128' title='bbox 673 1890 808 1952; x_wconf 85' lang='lat' dir='ltr'><strong>Christus</strong></span> <span class='ocrx_word' id='word_1_129' title='bbox 831 1889 896 1951; x_wconf 82' lang='lat' dir='ltr'><strong>³⁸au</strong></span> <span class='ocrx_word' id='word_1_130' title='bbox 919 1910 996 1963; x_wconf 92' lang='lat' dir='ltr'><strong>non,</strong></span> <span class='ocrx_word' id='word_1_131' title='bbox 1025 1891 1088 1970; x_wconf 79' lang='lat' dir='ltr'><strong>Ego</strong></span> <span class='ocrx_word' id='word_1_132' title='bbox 1110 1890 1198 1952; x_wconf 70' lang='lat' dir='ltr'><strong>”nou</strong></span> <span class='ocrx_word' id='word_1_133' title='bbox 1220 1893 1287 1952; x_wconf 82' lang='lat' dir='ltr'><strong>veni</strong></span> <span class='ocrx_word' id='word_1_134' title='bbox 1308 1891 1418 1971; x_wconf 76' lang='lat' dir='ltr'><strong>legem</strong></span> 
     </span>
     <span class='ocr_line' id='line_1_16' title="bbox 317 1989 1435 2071; baseline 0.001 -17"><span class='ocrx_word' id='word_1_135' title='bbox 317 1992 449 2065; x_wconf 84' lang='lat' dir='ltr'><strong>solvere,</strong></span> <span class='ocrx_word' id='word_1_136' title='bbox 473 1992 526 2053; x_wconf 86' lang='lat' dir='ltr'><strong>sed</strong></span> <span class='ocrx_word' id='word_1_137' title='bbox 548 1989 725 2071; x_wconf 69' lang='lat' dir='ltr'><strong>⁴⁰implere?</strong></span> <span class='ocrx_word' id='word_1_138' title='bbox 756 1990 881 2052; x_wconf 83' lang='lat' dir='ltr'><strong>Frustra</strong></span> <span class='ocrx_word' id='word_1_139' title='bbox 902 1990 940 2052; x_wconf 89' lang='lat' dir='ltr'><strong>de</strong></span> <span class='ocrx_word' id='word_1_140' title='bbox 961 1991 1045 2052; x_wconf 73' lang='lat' dir='ltr'><strong>“ista</strong></span> <span class='ocrx_word' id='word_1_141' title='bbox 1067 1991 1215 2052; x_wconf 90' lang='lat' dir='ltr'><strong>sententia</strong></span> <span class='ocrx_word' id='word_1_142' title='bbox 1232 1995 1364 2071; x_wconf 77' lang='lat' dir='ltr'><strong>neganda</strong></span> <span class='ocrx_word' id='word_1_143' title='bbox 1378 1992 1435 2055; x_wconf 77' lang='lat'><strong>⁴²1</strong></span> 
     </span>
     <span class='ocr_line' id='line_1_17' title="bbox 318 2091 1435 2172; baseline 0 -16"><span class='ocrx_word' id='word_1_144' title='bbox 318 2092 383 2156; x_wconf 75' lang='lat' dir='ltr'><strong>tus‘</strong></span> <span class='ocrx_word' id='word_1_145' title='bbox 402 2092 555 2154; x_wconf 83' lang='lat' dir='ltr'><strong>laborarit.</strong></span> <span class='ocrx_word' id='word_1_146' title='bbox 590 2092 622 2152; x_wconf 91' lang='lat' dir='ltr'><strong>Si</strong></span> <span class='ocrx_word' id='word_1_147' title='bbox 644 2092 828 2171; x_wconf 80' lang='lat' dir='ltr'><strong>evangelium</strong></span> <span class='ocrx_word' id='word_1_148' title='bbox 849 2091 944 2170; x_wconf 81' lang='lat' dir='ltr'><strong>legem</strong></span> <span class='ocrx_word' id='word_1_149' title='bbox 959 2110 1020 2153; x_wconf 93' lang='lat' dir='ltr'><strong>non</strong></span> <span class='ocrx_word' id='word_1_150' title='bbox 1036 2092 1219 2172; x_wconf 80' lang='lat' dir='ltr'><strong>adimplevit,</strong></span> <span class='ocrx_word' id='word_1_151' title='bbox 1242 2113 1311 2156; x_wconf 90' lang='lat' dir='ltr'><strong>ecce</strong></span> <span class='ocrx_word' id='word_1_152' title='bbox 1332 2094 1377 2154; x_wconf 83' lang='lat' dir='ltr'><strong>lex</strong></span> <span class='ocrx_word' id='word_1_153' title='bbox 1399 2106 1435 2156; x_wconf 71' lang='lat' dir='ltr'><strong>et</strong></span> 
     </span>
     <span class='ocr_line' id='line_1_18' title="bbox 204 2192 1435 2294; baseline 0.001 -38"><span class='ocrx_word' id='word_1_154' title='bbox 204 2193 294 2294; x_wconf 35' lang='lat' dir='ltr'><strong>{pff-⁰.</strong></span> <span class='ocrx_word' id='word_1_155' title='bbox 317 2194 424 2274; x_wconf 81' lang='lat' dir='ltr'><strong>gelium</strong></span> <span class='ocrx_word' id='word_1_156' title='bbox 440 2193 619 2272; x_wconf 86' lang='lat' dir='ltr'><strong>adimplevit.</strong></span> <span class='ocrx_word' id='word_1_157' title='bbox 651 2193 731 2254; x_wconf 81' lang='lat' dir='ltr'><strong>llene</strong></span> <span class='ocrx_word' id='word_1_158' title='bbox 745 2202 844 2254; x_wconf 87' lang='lat' dir='ltr'><strong>autem</strong></span> <span class='ocrx_word' id='word_1_159' title='bbox 867 2194 945 2272; x_wconf 87' lang='lat' dir='ltr'><strong>quod</strong></span> <span class='ocrx_word' id='word_1_160' title='bbox 969 2202 999 2255; x_wconf 92' lang='lat' dir='ltr'><strong>et</strong></span> <span class='ocrx_word' id='word_1_161' title='bbox 1020 2194 1050 2254; x_wconf 93' lang='lat' dir='ltr'><strong>in</strong></span> <span class='ocrx_word' id='word_1_162' title='bbox 1065 2192 1223 2255; x_wconf 73' lang='lat' dir='ltr'><strong>⁴³clausula</strong></span> <span class='ocrx_word' id='word_1_163' title='bbox 1238 2193 1365 2256; x_wconf 89' lang='lat' dir='ltr'><strong>tribunal</strong></span> <span class='ocrx_word' id='word_1_164' title='bbox 1380 2194 1435 2256; x_wconf 74' lang='lat' dir='ltr'><strong>Cb!</strong></span> 
     </span>
     <span class='ocr_line' id='line_1_19' title="bbox 318 2293 1435 2373; baseline 0.003 -17"><span class='ocrx_word' id='word_1_165' title='bbox 318 2295 530 2368; x_wconf 90' lang='lat' dir='ltr'><strong>comminatur,</strong></span> <span class='ocrx_word' id='word_1_166' title='bbox 552 2294 654 2373; x_wconf 83' lang='lat' dir='ltr'><strong>utique</strong></span> <span class='ocrx_word' id='word_1_167' title='bbox 675 2293 780 2355; x_wconf 87' lang='lat' dir='ltr'><strong>iudicis</strong></span> <span class='ocrx_word' id='word_1_168' title='bbox 803 2303 834 2355; x_wconf 93' lang='lat' dir='ltr'><strong>et</strong></span> <span class='ocrx_word' id='word_1_169' title='bbox 854 2293 976 2365; x_wconf 89' lang='lat' dir='ltr'><strong>ultoris,</strong></span> <span class='ocrx_word' id='word_1_170' title='bbox 999 2294 1101 2372; x_wconf 89' lang='lat' dir='ltr'><strong>utique</strong></span> <span class='ocrx_word' id='word_1_171' title='bbox 1123 2294 1282 2363; x_wconf 87' lang='lat' dir='ltr'><strong>creatoris,</strong></span> <span class='ocrx_word' id='word_1_172' title='bbox 1304 2295 1383 2356; x_wconf 91' lang='lat' dir='ltr'><strong>illum</strong></span> <span class='ocrx_word' id='word_1_173' title='bbox 1402 2307 1435 2359; x_wconf 71' lang='lat' dir='ltr'><strong>et</strong></span> 
     </span>
     <span class='ocr_line' id='line_1_20' title="bbox 318 2390 1435 2474; baseline 0.002 -18"><span class='ocrx_word' id='word_1_174' title='bbox 318 2396 503 2456; x_wconf 87' lang='lat' dir='ltr'><strong>constituens</strong></span> <span class='ocrx_word' id='word_1_175' title='bbox 525 2394 754 2473; x_wconf 87' lang='lat' dir='ltr'><strong>promerendum</strong></span> <span class='ocrx_word' id='word_1_176' title='bbox 782 2413 869 2474; x_wconf 91' lang='lat' dir='ltr'><strong>quem</strong></span> <span class='ocrx_word' id='word_1_177' title='bbox 898 2394 1024 2456; x_wconf 91' lang='lat' dir='ltr'><strong>intentat</strong></span> <span class='ocrx_word' id='word_1_178' title='bbox 1045 2395 1223 2468; x_wconf 86' lang='lat' dir='ltr'><strong>timendum,</strong></span> <span class='ocrx_word' id='word_1_179' title='bbox 1261 2396 1374 2458; x_wconf 88' lang='lat' dir='ltr'><strong>etiamsi</strong></span> <span class='ocrx_word' id='word_1_180' title='bbox 1396 2390 1435 2458; x_wconf 73' lang='lat' dir='ltr'><strong>sn</strong></span> 
     </span>
     <span class='ocr_line' id='line_1_21' title="bbox 319 2494 512 2575; baseline 0 -19"><span class='ocrx_word' id='word_1_181' title='bbox 319 2494 512 2575; x_wconf 81' lang='lat' dir='ltr'><strong>praedicaret.</strong></span> 
     </span>
     <span class='ocr_line' id='line_1_22' title="bbox 193 2595 1435 2677; baseline 0.001 -22"><span class='ocrx_word' id='word_1_182' title='bbox 193 2616 302 2677; x_wconf 48' lang='lat' dir='ltr'><strong>cmxv,</strong></span> <span class='ocrx_word' id='word_1_183' title='bbox 406 2595 474 2656; x_wconf 67' lang='grc' dir='ltr'><strong>’ΒΕ</strong></span> <span class='ocrx_word' id='word_1_184' title='bbox 497 2613 679 2657; x_wconf 74' lang='lat' dir='ltr'><strong>eruerunt</strong></span> <span class='ocrx_word' id='word_1_185' title='bbox 699 2615 742 2656; x_wconf 81' lang='lat' dir='ltr'><strong>sn</strong></span> <span class='ocrx_word' id='word_1_186' title='bbox 765 2613 1149 2658; x_wconf 79' lang='lat' dir='ltr'><strong>russssccmceusss</strong></span> <span class='ocrx_word' id='word_1_187' title='bbox 1172 2615 1295 2659; x_wconf 78' lang='lat' dir='ltr'><strong>entus.</strong></span> <span class='ocrx_word' id='word_1_188' title='bbox 1338 2598 1435 2661; x_wconf 74' lang='lat' dir='ltr'><strong>brevis</strong></span> 
     </span>
     <span class='ocr_line' id='line_1_23' title="bbox 232 2695 1435 2780; baseline 0.002 -22"><span class='ocrx_word' id='word_1_189' title='bbox 232 2721 237 2732; x_wconf 68' lang='lat'><strong><em>⁴</em></strong></span> <span class='ocrx_word' id='word_1_190' title='bbox 317 2696 375 2758; x_wconf 87' lang='lat' dir='ltr'><strong>bus</strong></span> <span class='ocrx_word' id='word_1_191' title='bbox 397 2715 516 2776; x_wconf 88' lang='lat' dir='ltr'><strong>quoque</strong></span> <span class='ocrx_word' id='word_1_192' title='bbox 538 2695 672 2775; x_wconf 87' lang='lat' dir='ltr'><strong>epistulis</strong></span> <span class='ocrx_word' id='word_1_193' title='bbox 693 2714 755 2757; x_wconf 93' lang='lat' dir='ltr'><strong>nou</strong></span> <span class='ocrx_word' id='word_1_194' title='bbox 770 2695 901 2776; x_wconf 75' lang='lat' dir='ltr'><strong>&#39;pigebit</strong></span> <span class='ocrx_word' id='word_1_195' title='bbox 914 2696 1077 2758; x_wconf 87' lang='lat' dir='ltr'><strong>intendere.</strong></span> <span class='ocrx_word' id='word_1_196' title='bbox 1114 2696 1168 2759; x_wconf 84' lang='lat' dir='ltr'><strong>Est</strong></span> <span class='ocrx_word' id='word_1_197' title='bbox 1183 2716 1275 2778; x_wconf 82' lang='lat' dir='ltr'><strong>sapor</strong></span> <span class='ocrx_word' id='word_1_198' title='bbox 1290 2707 1320 2760; x_wconf 91' lang='lat' dir='ltr'><strong>ot</strong></span> <span class='ocrx_word' id='word_1_199' title='bbox 1333 2699 1362 2761; x_wconf 89' lang='lat' dir='ltr'><strong>in</strong></span> <span class='ocrx_word' id='word_1_200' title='bbox 1376 2713 1435 2780; x_wconf 78' lang='lat' dir='ltr'><strong>pan</strong></span> 
     </span>
     <span class='ocr_line' id='line_1_24' title="bbox 204 2796 1435 2902; baseline 0.002 -43"><span class='ocrx_word' id='word_1_201' title='bbox 204 2797 298 2902; x_wconf 50' lang='lat' dir='ltr'><strong>lfippgff·</strong></span> <span class='ocrx_word' id='word_1_202' title='bbox 320 2797 495 2859; x_wconf 81' lang='lat' dir='ltr'><strong>Occiderant</strong></span> <span class='ocrx_word' id='word_1_203' title='bbox 516 2796 617 2858; x_wconf 89' lang='lat' dir='ltr'><strong>ludaei</strong></span> <span class='ocrx_word' id='word_1_204' title='bbox 638 2796 799 2876; x_wconf 88' lang='lat' dir='ltr'><strong>prophetas</strong></span> <span class='ocrx_word' id='word_1_205' title='bbox 822 2815 905 2859; x_wconf 86' lang='lat' dir='ltr'><strong>suos.</strong></span> <span class='ocrx_word' id='word_1_206' title='bbox 954 2797 1083 2860; x_wconf 88' lang='lat' dir='ltr'><strong>Possum</strong></span> <span class='ocrx_word' id='word_1_207' title='bbox 1111 2798 1225 2871; x_wconf 89' lang='lat' dir='ltr'><strong>dicere,</strong></span> <span class='ocrx_word' id='word_1_208' title='bbox 1259 2799 1336 2873; x_wconf 80' lang='lat' dir='ltr'><strong>Quid</strong></span> <span class='ocrx_word' id='word_1_209' title='bbox 1357 2801 1435 2875; x_wconf 73' lang='lat' dir='ltr'><strong>atla,</strong></span> 
     </span>
     <span class='ocr_line' id='line_1_25' title="bbox 320 2898 1435 2978; baseline 0.003 -17"><span class='ocrx_word' id='word_1_210' title='bbox 320 2900 429 2962; x_wconf 92' lang='lat' dir='ltr'><strong>stolum</strong></span> <span class='ocrx_word' id='word_1_211' title='bbox 458 2898 505 2960; x_wconf 89' lang='lat' dir='ltr'><strong>dei</strong></span> <span class='ocrx_word' id='word_1_212' title='bbox 537 2898 674 2971; x_wconf 86' lang='lat' dir='ltr'><strong>alterius,</strong></span> <span class='ocrx_word' id='word_1_213' title='bbox 712 2898 887 2977; x_wconf 85' lang='lat' dir='ltr'><strong>etquidem</strong></span> <span class='ocrx_word' id='word_1_214' title='bbox 916 2899 1041 2977; x_wconf 78' lang='lat' dir='ltr'><strong>optimi,</strong></span> <span class='ocrx_word' id='word_1_215' title='bbox 1072 2899 1122 2978; x_wconf 85' lang='lat' dir='ltr'><strong>qui</strong></span> <span class='ocrx_word' id='word_1_216' title='bbox 1152 2918 1207 2961; x_wconf 91' lang='lat' dir='ltr'><strong>nec</strong></span> <span class='ocrx_word' id='word_1_217' title='bbox 1234 2920 1356 2963; x_wconf 86' lang='lat' dir='ltr'><strong>snorum</strong></span> <span class='ocrx_word' id='word_1_218' title='bbox 1383 2899 1435 2965; x_wconf 75' lang='lat' dir='ltr'><strong>dat</strong></span> 
     </span>
     <span class='ocr_line' id='line_1_26' title="bbox 319 2998 1435 3081; baseline 0.003 -20"><span class='ocrx_word' id='word_1_219' title='bbox 319 3001 458 3062; x_wconf 87' lang='lat' dir='ltr'><strong>damnare</strong></span> <span class='ocrx_word' id='word_1_220' title='bbox 479 2999 608 3072; x_wconf 87' lang='lat' dir='ltr'><strong>dicatur,</strong></span> <span class='ocrx_word' id='word_1_221' title='bbox 632 3000 741 3079; x_wconf 88' lang='lat' dir='ltr'><strong>quique</strong></span> <span class='ocrx_word' id='word_1_222' title='bbox 763 3007 793 3060; x_wconf 94' lang='lat' dir='ltr'><strong>et</strong></span> <span class='ocrx_word' id='word_1_223' title='bbox 815 2999 881 3077; x_wconf 88' lang='lat' dir='ltr'><strong>ipse</strong></span> <span class='ocrx_word' id='word_1_224' title='bbox 901 2998 1062 3078; x_wconf 88' lang='lat' dir='ltr'><strong>propbetas</strong></span> <span class='ocrx_word' id='word_1_225' title='bbox 1078 3000 1201 3061; x_wconf 90' lang='lat' dir='ltr'><strong>eosdem</strong></span> <span class='ocrx_word' id='word_1_226' title='bbox 1216 3001 1435 3081; x_wconf 79' lang='lat' dir='ltr'><strong>destruendoqt</strong></span> 
     </span>
     <span class='ocr_line' id='line_1_27' title="bbox 319 3098 1435 3180; baseline 0 -16"><span class='ocrx_word' id='word_1_227' title='bbox 319 3101 477 3164; x_wconf 90' lang='lat' dir='ltr'><strong>dammodo</strong></span> <span class='ocrx_word' id='word_1_228' title='bbox 499 3098 649 3179; x_wconf 71' lang='lat' dir='ltr'><strong>perimat?</strong></span> <span class='ocrx_word' id='word_1_229' title='bbox 686 3098 782 3171; x_wconf 80' lang='lat' dir='ltr'><strong>&#39;Quid</strong></span> <span class='ocrx_word' id='word_1_230' title='bbox 805 3099 884 3161; x_wconf 92' lang='lat' dir='ltr'><strong>enim</strong></span> <span class='ocrx_word' id='word_1_231' title='bbox 906 3099 974 3161; x_wconf 91' lang='lat' dir='ltr'><strong>mali</strong></span> <span class='ocrx_word' id='word_1_232' title='bbox 998 3099 1116 3161; x_wconf 82' lang='lat' dir='ltr'><strong>admisit</strong></span> <span class='ocrx_word' id='word_1_233' title='bbox 1137 3101 1214 3180; x_wconf 92' lang='lat' dir='ltr'><strong>apud</strong></span> <span class='ocrx_word' id='word_1_234' title='bbox 1237 3100 1435 3175; x_wconf 67' lang='lat' dir='ltr'><strong>illumlsradlt</strong></span> 
     </span>
     <span class='ocr_line' id='line_1_28' title="bbox 318 3197 1435 3281; baseline 0.001 -17"><span class='ocrx_word' id='word_1_235' title='bbox 318 3203 426 3264; x_wconf 86' lang='lat' dir='ltr'><strong>occidit</strong></span> <span class='ocrx_word' id='word_1_236' title='bbox 447 3220 523 3281; x_wconf 85' lang='lat' dir='ltr'><strong>quos</strong></span> <span class='ocrx_word' id='word_1_237' title='bbox 545 3209 576 3262; x_wconf 92' lang='lat' dir='ltr'><strong>et</strong></span> <span class='ocrx_word' id='word_1_238' title='bbox 597 3200 645 3261; x_wconf 90' lang='lat' dir='ltr'><strong>ille</strong></span> <span class='ocrx_word' id='word_1_239' title='bbox 666 3199 851 3278; x_wconf 87' lang='lat' dir='ltr'><strong>reprobavit,</strong></span> <span class='ocrx_word' id='word_1_240' title='bbox 874 3199 901 3260; x_wconf 91' lang='lat' dir='ltr'><strong>si</strong></span> <span class='ocrx_word' id='word_1_241' title='bbox 923 3200 1006 3279; x_wconf 87' lang='lat' dir='ltr'><strong>prior</strong></span> <span class='ocrx_word' id='word_1_242' title='bbox 1027 3200 1174 3262; x_wconf 87' lang='lat' dir='ltr'><strong>inimicam</strong></span> <span class='ocrx_word' id='word_1_243' title='bbox 1197 3202 1228 3263; x_wconf 93' lang='lat' dir='ltr'><strong>in</strong></span> <span class='ocrx_word' id='word_1_244' title='bbox 1245 3221 1299 3264; x_wconf 89' lang='lat' dir='ltr'><strong>eos</strong></span> <span class='ocrx_word' id='word_1_245' title='bbox 1314 3197 1435 3265; x_wconf 83' lang='lat' dir='ltr'><strong>sentanll</strong></span> 
     </span>
     <span class='ocr_line' id='line_1_29' title="bbox 317 3298 1435 3383; baseline 0.004 -19"><span class='ocrx_word' id='word_1_246' title='bbox 317 3301 443 3365; x_wconf 78' lang='lat' dir='ltr'><strong>statuit?</strong></span> <span class='ocrx_word' id='word_1_247' title='bbox 481 3301 612 3380; x_wconf 86' lang='lat' dir='ltr'><strong>Deliquit</strong></span> <span class='ocrx_word' id='word_1_248' title='bbox 631 3309 730 3361; x_wconf 89' lang='lat' dir='ltr'><strong>autem</strong></span> <span class='ocrx_word' id='word_1_249' title='bbox 751 3299 829 3379; x_wconf 92' lang='lat' dir='ltr'><strong>apud</strong></span> <span class='ocrx_word' id='word_1_250' title='bbox 852 3299 940 3362; x_wconf 89' lang='lat' dir='ltr'><strong>deum</strong></span> <span class='ocrx_word' id='word_1_251' title='bbox 962 3301 1108 3380; x_wconf 81' lang='lat' dir='ltr'><strong>ipsorum.</strong></span> <span class='ocrx_word' id='word_1_252' title='bbox 1149 3301 1180 3362; x_wconf 86' lang='lat' dir='ltr'><strong>le</strong></span> <span class='ocrx_word' id='word_1_253' title='bbox 1202 3298 1435 3383; x_wconf 67' lang='lat' dir='ltr'><strong>‘exprobrarit’t</strong></span> 
     </span>
     <span class='ocr_line' id='line_1_30' title="bbox 318 3399 1435 3482; baseline 0.001 -19"><span class='ocrx_word' id='word_1_254' title='bbox 318 3404 459 3481; x_wconf 84' lang='lat' dir='ltr'><strong>quitatem</strong></span> <span class='ocrx_word' id='word_1_255' title='bbox 481 3402 518 3462; x_wconf 90' lang='lat' dir='ltr'><strong>ad</strong></span> <span class='ocrx_word' id='word_1_256' title='bbox 540 3402 645 3482; x_wconf 77' lang='lat' dir='ltr'><strong>‘quem</strong></span> <span class='ocrx_word' id='word_1_257' title='bbox 668 3401 798 3480; x_wconf 91' lang='lat' dir='ltr'><strong>pertinet</strong></span> <span class='ocrx_word' id='word_1_258' title='bbox 818 3399 935 3476; x_wconf 84' lang='lat' dir='ltr'><strong>laesus;</strong></span> <span class='ocrx_word' id='word_1_259' title='bbox 957 3411 1037 3463; x_wconf 91' lang='lat' dir='ltr'><strong>certe</strong></span> <span class='ocrx_word' id='word_1_260' title='bbox 1058 3401 1154 3481; x_wconf 83' lang='lat' dir='ltr'><strong>quivis</strong></span> <span class='ocrx_word' id='word_1_261' title='bbox 1177 3403 1253 3464; x_wconf 89' lang='lat' dir='ltr'><strong>alius</strong></span> <span class='ocrx_word' id='word_1_262' title='bbox 1275 3423 1362 3482; x_wconf 81' lang='lat' dir='ltr'><strong>quam</strong></span> <span class='ocrx_word' id='word_1_263' title='bbox 1382 3400 1435 3477; x_wconf 56' lang='lat' dir='ltr'><strong>atr„</strong></span> 
     </span>
     <span class='ocr_line' id='line_1_31' title="bbox 319 3488 1435 3582; baseline 0.003 -19"><span class='ocrx_word' id='word_1_264' title='bbox 319 3503 416 3565; x_wconf 88' lang='lat' dir='ltr'><strong>sarius</strong></span> <span class='ocrx_word' id='word_1_265' title='bbox 443 3502 544 3563; x_wconf 71' lang='lat' dir='ltr'><strong>‘laesi</strong></span> <span class='ocrx_word' id='word_1_266' title='bbox 595 3501 653 3563; x_wconf 86' lang='lat' dir='ltr'><strong>Sed</strong></span> <span class='ocrx_word' id='word_1_267' title='bbox 683 3519 738 3561; x_wconf 88' lang='lat' dir='ltr'><strong>nec</strong></span> <span class='ocrx_word' id='word_1_268' title='bbox 766 3512 924 3564; x_wconf 89' lang='lat' dir='ltr'><strong>onerasset</strong></span> <span class='ocrx_word' id='word_1_269' title='bbox 957 3502 1025 3565; x_wconf 89' lang='lat' dir='ltr'><strong>illos</strong></span> <span class='ocrx_word' id='word_1_270' title='bbox 1060 3502 1233 3582; x_wconf 91' lang='lat' dir='ltr'><strong>imputando</strong></span> <span class='ocrx_word' id='word_1_271' title='bbox 1264 3504 1351 3566; x_wconf 90' lang='lat' dir='ltr'><strong>etiam</strong></span> <span class='ocrx_word' id='word_1_272' title='bbox 1377 3488 1435 3581; x_wconf 39' lang='lat' dir='ltr'><strong>dou,¹</strong></span> 
     </span>
    </p>
   </div>
   <div class='ocr_carea' id='block_1_5' title="bbox 304 3601 1435 3686">
    <p class='ocr_par' dir='ltr' id='par_1_6' title="bbox 304 3601 1435 3686">
     <span class='ocr_line' id='line_1_32' title="bbox 304 3601 1435 3686; baseline 0.004 -22"><span class='ocrx_word' id='word_1_273' title='bbox 304 3621 439 3686; x_wconf 87' lang='lat' dir='ltr'><strong>necem,</strong></span> <span class='ocrx_word' id='word_1_274' title='bbox 462 3602 511 3681; x_wconf 90' lang='lat' dir='ltr'><strong>qui</strong></span> <span class='ocrx_word' id='word_1_275' title='bbox 531 3610 565 3662; x_wconf 88' lang='lat' dir='ltr'><strong>et</strong></span> <span class='ocrx_word' id='word_1_276' title='bbox 585 3602 738 3663; x_wconf 90' lang='lat' dir='ltr'><strong>dominum</strong></span> <span class='ocrx_word' id='word_1_277' title='bbox 754 3601 980 3676; x_wconf 82' lang='lat' dir='ltr'><strong>iuterfecerunt,</strong></span> <span class='ocrx_word' id='word_1_278' title='bbox 1003 3602 1144 3674; x_wconf 87' lang='lat' dir='ltr'><strong>dicendo,</strong></span> <span class='ocrx_word' id='word_1_279' title='bbox 1168 3612 1199 3664; x_wconf 94' lang='lat' dir='ltr'><strong>et</strong></span> <span class='ocrx_word' id='word_1_280' title='bbox 1220 3606 1381 3685; x_wconf 86' lang='lat' dir='ltr'><strong>propbetas</strong></span> <span class='ocrx_word' id='word_1_281' title='bbox 1400 3620 1435 3669; x_wconf 70' lang='lat' dir='ltr'><strong>tu</strong></span> 
     </span>
    </p>
   </div>
   <div class='ocr_carea' id='block_1_6' title="bbox 317 3750 1435 4354">
    <p class='ocr_par' dir='ltr' id='par_1_7' title="bbox 317 3750 1435 4139">
     <span class='ocr_line' id='line_1_33' title="bbox 318 3750 1435 3817; baseline 0.005 -15"><span class='ocrx_word' id='word_1_282' title='bbox 318 3753 359 3802; x_wconf 78' lang='lat'><strong>32.</strong></span> <span class='ocrx_word' id='word_1_283' title='bbox 378 3753 472 3817; x_wconf 84' lang='lat' dir='ltr'><strong>psalmo</strong></span> <span class='ocrx_word' id='word_1_284' title='bbox 491 3753 517 3801; x_wconf 84' lang='lat' dir='ltr'><strong>lt.</strong></span> <span class='ocrx_word' id='word_1_285' title='bbox 569 3752 610 3802; x_wconf 76' lang='lat'><strong>3³.</strong></span> <span class='ocrx_word' id='word_1_286' title='bbox 629 3754 779 3803; x_wconf 74' lang='lat' dir='ltr'><strong>adnectentes</strong></span> <span class='ocrx_word' id='word_1_287' title='bbox 797 3755 821 3803; x_wconf 83' lang='lat' dir='ltr'><strong>d.</strong></span> <span class='ocrx_word' id='word_1_288' title='bbox 873 3752 914 3803; x_wconf 79' lang='lat' dir='ltr'><strong>nt.</strong></span> <span class='ocrx_word' id='word_1_289' title='bbox 932 3754 967 3804; x_wconf 90' lang='lat' dir='ltr'><strong>tui</strong></span> <span class='ocrx_word' id='word_1_290' title='bbox 985 3769 1015 3805; x_wconf 87' lang='lat' dir='ltr'><strong>ne</strong></span> <span class='ocrx_word' id='word_1_291' title='bbox 1033 3755 1172 3805; x_wconf 82' lang='lat' dir='ltr'><strong>memineris</strong></span> <span class='ocrx_word' id='word_1_292' title='bbox 1190 3756 1215 3804; x_wconf 78' lang='grc' dir='ltr'><strong>Β.</strong></span> <span class='ocrx_word' id='word_1_293' title='bbox 1252 3758 1286 3807; x_wconf 87' lang='lat' dir='ltr'><strong>toi</strong></span> <span class='ocrx_word' id='word_1_294' title='bbox 1304 3772 1334 3807; x_wconf 87' lang='lat' dir='ltr'><strong>nc</strong></span> <span class='ocrx_word' id='word_1_295' title='bbox 1352 3750 1435 3807; x_wconf 54' lang='lat' dir='ltr'><strong>rosuli</strong></span> 
     </span>
     <span class='ocr_line' id='line_1_34' title="bbox 318 3819 1435 3891; baseline 0.008 -23"><span class='ocrx_word' id='word_1_296' title='bbox 318 3823 349 3869; x_wconf 87' lang='lat' dir='ltr'><strong>tis</strong></span> <span class='ocrx_word' id='word_1_297' title='bbox 367 3822 434 3871; x_wconf 81' lang='lat' dir='ltr'><strong>Gale.</strong></span> <span class='ocrx_word' id='word_1_298' title='bbox 469 3821 539 3869; x_wconf 80' lang='lat' dir='ltr'><strong>uestri</strong></span> <span class='ocrx_word' id='word_1_299' title='bbox 559 3835 588 3868; x_wconf 86' lang='lat' dir='ltr'><strong>ne</strong></span> <span class='ocrx_word' id='word_1_300' title='bbox 607 3822 764 3871; x_wconf 81' lang='lat' dir='ltr'><strong>memineritis</strong></span> <span class='ocrx_word' id='word_1_301' title='bbox 781 3822 804 3870; x_wconf 87' lang='lat' dir='ltr'><strong>d.</strong></span> <span class='ocrx_word' id='word_1_302' title='bbox 856 3819 898 3873; x_wconf 76' lang='lat'><strong>35.</strong></span> <span class='ocrx_word' id='word_1_303' title='bbox 916 3822 1028 3871; x_wconf 87' lang='lat' dir='ltr'><strong>omnibus</strong></span> <span class='ocrx_word' id='word_1_304' title='bbox 1047 3823 1184 3872; x_wconf 82' lang='lat' dir='ltr'><strong>bominibus</strong></span> <span class='ocrx_word' id='word_1_305' title='bbox 1202 3825 1435 3891; x_wconf 64' lang='lat' dir='ltr'><strong>edl&#39;atteaseastq</strong></span> 
     </span>
     <span class='ocr_line' id='line_1_35' title="bbox 319 3887 1435 3955; baseline 0.007 -19"><span class='ocrx_word' id='word_1_306' title='bbox 319 3889 431 3937; x_wconf 82' lang='lat' dir='ltr'><strong>omnibus</strong></span> <span class='ocrx_word' id='word_1_307' title='bbox 449 3888 474 3937; x_wconf 86' lang='lat' dir='ltr'><strong>ll.</strong></span> <span class='ocrx_word' id='word_1_308' title='bbox 511 3888 649 3936; x_wconf 86' lang='lat' dir='ltr'><strong>bominibus</strong></span> <span class='ocrx_word' id='word_1_309' title='bbox 665 3890 758 3953; x_wconf 78' lang='lat' dir='ltr'><strong>reliqui.</strong></span> <span class='ocrx_word' id='word_1_310' title='bbox 808 3887 850 3938; x_wconf 82' lang='lat'><strong>36.</strong></span> <span class='ocrx_word' id='word_1_311' title='bbox 869 3889 969 3939; x_wconf 86' lang='lat' dir='ltr'><strong>iniuriae</strong></span> <span class='ocrx_word' id='word_1_312' title='bbox 988 3890 1149 3952; x_wconf 87' lang='lat' dir='ltr'><strong>permittebat,</strong></span> <span class='ocrx_word' id='word_1_313' title='bbox 1167 3891 1211 3939; x_wconf 82' lang='lat' dir='ltr'><strong>scd</strong></span> <span class='ocrx_word' id='word_1_314' title='bbox 1228 3894 1306 3955; x_wconf 81' lang='lat' dir='ltr'><strong>obed,</strong></span> <span class='ocrx_word' id='word_1_315' title='bbox 1325 3892 1435 3944; x_wconf 66' lang='lat' dir='ltr'><strong>estas·</strong></span> 
     </span>
     <span class='ocr_line' id='line_1_36' title="bbox 319 3955 1435 4014; baseline 0.004 -11"><span class='ocrx_word' id='word_1_316' title='bbox 319 3955 429 4014; x_wconf 82' lang='lat' dir='ltr'><strong>iniuriae,</strong></span> <span class='ocrx_word' id='word_1_317' title='bbox 447 3955 489 4003; x_wconf 90' lang='lat' dir='ltr'><strong>sed</strong></span> <span class='ocrx_word' id='word_1_318' title='bbox 508 3955 550 4004; x_wconf 77' lang='lat' dir='ltr'><strong>Bt&#39;.</strong></span> <span class='ocrx_word' id='word_1_319' title='bbox 569 3956 673 4005; x_wconf 79' lang='lat' dir='ltr'><strong>Latinius</strong></span> <span class='ocrx_word' id='word_1_320' title='bbox 691 3963 712 4005; x_wconf 82' lang='lat' dir='ltr'><strong>ct</strong></span> <span class='ocrx_word' id='word_1_321' title='bbox 731 3956 866 4006; x_wconf 69' lang='lat' dir='ltr'><strong>Faltonius.</strong></span> <span class='ocrx_word' id='word_1_322' title='bbox 919 3955 961 4006; x_wconf 82' lang='grc'><strong>37.</strong></span> <span class='ocrx_word' id='word_1_323' title='bbox 980 3966 1004 4007; x_wconf 88' lang='lat' dir='ltr'><strong>et</strong></span> <span class='ocrx_word' id='word_1_324' title='bbox 1022 3959 1134 4007; x_wconf 78' lang='lat' dir='ltr'><strong>latinius.</strong></span> <span class='ocrx_word' id='word_1_325' title='bbox 1186 3956 1228 4007; x_wconf 80' lang='lat'><strong>38.</strong></span> <span class='ocrx_word' id='word_1_326' title='bbox 1246 3967 1288 4008; x_wconf 87' lang='lat' dir='ltr'><strong>aut</strong></span> <span class='ocrx_word' id='word_1_327' title='bbox 1307 3959 1330 4009; x_wconf 82' lang='lat' dir='ltr'><strong>t&#39;.</strong></span> <span class='ocrx_word' id='word_1_328' title='bbox 1380 3957 1435 4010; x_wconf 64' lang='grc' dir='ltr'><strong>ΒΜ</strong></span> 
     </span>
     <span class='ocr_line' id='line_1_37' title="bbox 318 4022 1435 4139; baseline 0.006 -67"><span class='ocrx_word' id='word_1_329' title='bbox 318 4023 431 4139; x_wconf 60' lang='lat' dir='ltr'><strong>capellis.</strong></span> <span class='ocrx_word' id='word_1_330' title='bbox 483 4022 524 4072; x_wconf 80' lang='lat' dir='ltr'><strong>tt.</strong></span> <span class='ocrx_word' id='word_1_331' title='bbox 543 4023 676 4086; x_wconf 83' lang='lat' dir='ltr'><strong>adimplere</strong></span> <span class='ocrx_word' id='word_1_332' title='bbox 693 4023 718 4071; x_wconf 83' lang='lat' dir='ltr'><strong>ll.</strong></span> <span class='ocrx_word' id='word_1_333' title='bbox 770 4022 916 4073; x_wconf 77' lang='lat' dir='ltr'><strong>tt.illatt.</strong></span> <span class='ocrx_word' id='word_1_334' title='bbox 968 4023 1008 4074; x_wconf 82' lang='lat' dir='ltr'><strong>tt.</strong></span> <span class='ocrx_word' id='word_1_335' title='bbox 1028 4025 1140 4075; x_wconf 82' lang='lat' dir='ltr'><strong>Ponticus</strong></span> <span class='ocrx_word' id='word_1_336' title='bbox 1158 4027 1435 4086; x_wconf 73' lang='lat' dir='ltr'><strong>ect.,eseastecultsr</strong></span> 
     </span>
     <span class='ocr_line' id='line_1_38' title="bbox 317 4089 555 4139; baseline 0 0"><span class='ocrx_word' id='word_1_337' title='bbox 317 4089 334 4139; x_wconf 78' lang='lat'><strong>⁴1</strong></span> <span class='ocrx_word' id='word_1_338' title='bbox 353 4124 360 4139; x_wconf 88' lang='lat'><strong>.</strong></span> <span class='ocrx_word' id='word_1_339' title='bbox 378 4089 511 4139; x_wconf 80' lang='lat' dir='ltr'><strong>clausulam</strong></span> <span class='ocrx_word' id='word_1_340' title='bbox 530 4091 555 4139; x_wconf 84' lang='lat' dir='ltr'><strong>lt.</strong></span> 
     </span>
    </p>

    <p class='ocr_par' dir='ltr' id='par_1_8' title="bbox 318 4156 1435 4354">
     <span class='ocr_line' id='line_1_39' title="bbox 362 4156 1435 4221; baseline 0.006 -16"><span class='ocrx_word' id='word_1_341' title='bbox 362 4156 443 4218; x_wconf 64' lang='lat' dir='ltr'><strong>dap.</strong></span> <span class='ocrx_word' id='word_1_342' title='bbox 463 4157 507 4205; x_wconf 80' lang='lat' dir='ltr'><strong>xv.</strong></span> <span class='ocrx_word' id='word_1_343' title='bbox 544 4156 566 4205; x_wconf 89' lang='lat' dir='ltr'><strong>l.</strong></span> <span class='ocrx_word' id='word_1_344' title='bbox 585 4171 669 4206; x_wconf 77' lang='lat' dir='ltr'><strong>exer.</strong></span> <span class='ocrx_word' id='word_1_345' title='bbox 688 4170 848 4206; x_wconf 72' lang='lat' dir='ltr'><strong>tarnesca.</strong></span> <span class='ocrx_word' id='word_1_346' title='bbox 867 4157 899 4217; x_wconf 77' lang='lat' dir='ltr'><strong>d,</strong></span> <span class='ocrx_word' id='word_1_347' title='bbox 919 4158 1032 4221; x_wconf 75' lang='lat' dir='ltr'><strong>lomusp.</strong></span> <span class='ocrx_word' id='word_1_348' title='bbox 1078 4157 1102 4207; x_wconf 80' lang='lat'><strong>2.</strong></span> <span class='ocrx_word' id='word_1_349' title='bbox 1121 4158 1218 4221; x_wconf 70' lang='lat' dir='ltr'><strong>pigebat</strong></span> <span class='ocrx_word' id='word_1_350' title='bbox 1235 4160 1261 4209; x_wconf 76' lang='grc' dir='ltr'><strong>Ι.</strong></span> <span class='ocrx_word' id='word_1_351' title='bbox 1302 4158 1435 4220; x_wconf 60' lang='lat' dir='ltr'><strong>&amp;ouidi</strong></span> 
     </span>
     <span class='ocr_line' id='line_1_40' title="bbox 318 4223 1435 4291; baseline 0.008 -20"><span class='ocrx_word' id='word_1_352' title='bbox 318 4223 374 4272; x_wconf 79' lang='lat' dir='ltr'><strong>mali</strong></span> <span class='ocrx_word' id='word_1_353' title='bbox 393 4227 429 4273; x_wconf 86' lang='lat' dir='ltr'><strong>ed.</strong></span> <span class='ocrx_word' id='word_1_354' title='bbox 451 4225 610 4274; x_wconf 81' lang='lat' dir='ltr'><strong>Vaticanormn</strong></span> <span class='ocrx_word' id='word_1_355' title='bbox 627 4225 693 4273; x_wconf 81' lang='lat' dir='ltr'><strong>alter.</strong></span> <span class='ocrx_word' id='word_1_356' title='bbox 728 4224 790 4282; x_wconf 79' lang='lat' dir='ltr'><strong>Quid</strong></span> <span class='ocrx_word' id='word_1_357' title='bbox 801 4224 857 4273; x_wconf 81' lang='lat' dir='ltr'><strong>mali</strong></span> <span class='ocrx_word' id='word_1_358' title='bbox 875 4225 968 4288; x_wconf 76' lang='lat' dir='ltr'><strong>reliqui.</strong></span> <span class='ocrx_word' id='word_1_359' title='bbox 1010 4225 1037 4275; x_wconf 78' lang='lat' dir='ltr'><strong>d.</strong></span> <span class='ocrx_word' id='word_1_360' title='bbox 1055 4228 1210 4290; x_wconf 82' lang='lat' dir='ltr'><strong>exprobrabit</strong></span> <span class='ocrx_word' id='word_1_361' title='bbox 1220 4228 1355 4279; x_wconf 70' lang='lat' dir='ltr'><strong>Fclsos&#39;ss.</strong></span> <span class='ocrx_word' id='word_1_362' title='bbox 1388 4234 1435 4291; x_wconf 72' lang='lat' dir='ltr'><strong>sl!</strong></span> 
     </span>
     <span class='ocr_line' id='line_1_41' title="bbox 318 4289 1009 4354; baseline 0.001 -16"><span class='ocrx_word' id='word_1_363' title='bbox 318 4289 380 4339; x_wconf 80' lang='lat' dir='ltr'><strong>baut</strong></span> <span class='ocrx_word' id='word_1_364' title='bbox 397 4290 439 4340; x_wconf 81' lang='lat' dir='ltr'><strong>nc.</strong></span> <span class='ocrx_word' id='word_1_365' title='bbox 492 4290 516 4341; x_wconf 82' lang='lat'><strong>5.</strong></span> <span class='ocrx_word' id='word_1_366' title='bbox 534 4304 605 4354; x_wconf 87' lang='lat' dir='ltr'><strong>qnam</strong></span> <span class='ocrx_word' id='word_1_367' title='bbox 626 4290 649 4339; x_wconf 81' lang='lat' dir='ltr'><strong>d.</strong></span> <span class='ocrx_word' id='word_1_368' title='bbox 700 4290 725 4340; x_wconf 87' lang='grc'><strong>6.</strong></span> <span class='ocrx_word' id='word_1_369' title='bbox 743 4291 884 4340; x_wconf 80' lang='lat' dir='ltr'><strong>laesissent:</strong></span> <span class='ocrx_word' id='word_1_370' title='bbox 904 4306 948 4341; x_wconf 84' lang='lat' dir='ltr'><strong>nce</strong></span> <span class='ocrx_word' id='word_1_371' title='bbox 966 4291 1009 4342; x_wconf 80' lang='lat' dir='ltr'><strong>BG.</strong></span> 
     </span>
    </p>
   </div>
   <div class='ocr_carea' id='block_1_7' title="bbox 318 4417 1435 4556">
    <p class='ocr_par' dir='ltr' id='par_1_9' title="bbox 318 4417 1435 4556">
     <span class='ocr_line' id='line_1_42' title="bbox 352 4417 1432 4494; baseline 0.006 -23"><span class='ocrx_word' id='word_1_372' title='bbox 352 4436 374 4471; x_wconf 86' lang='lat' dir='ltr'><strong>s.</strong></span> <span class='ocrx_word' id='word_1_373' title='bbox 394 4417 453 4485; x_wconf 86' lang='lat' dir='ltr'><strong>qno]</strong></span> <span class='ocrx_word' id='word_1_374' title='bbox 474 4423 530 4481; x_wconf 83' lang='lat' dir='ltr'><strong>Ouo,</strong></span> <span class='ocrx_word' id='word_1_375' title='bbox 548 4423 751 4486; x_wconf 83' lang='lat' dir='ltr'><strong>idestqnorsom,</strong></span> <span class='ocrx_word' id='word_1_376' title='bbox 771 4426 877 4489; x_wconf 81' lang='lat' dir='ltr'><strong>inquens</strong></span> <span class='ocrx_word' id='word_1_377' title='bbox 929 4425 995 4476; x_wconf 87' lang='lat' dir='ltr'><strong>ldSS.</strong></span> <span class='ocrx_word' id='word_1_378' title='bbox 1013 4427 1106 4490; x_wconf 84' lang='lat' dir='ltr'><strong>Pontus,</strong></span> <span class='ocrx_word' id='word_1_379' title='bbox 1130 4418 1366 4494; x_wconf 73' lang='grc' dir='ltr'><strong><em>ἒμφαταότερον,</em></strong></span> <span class='ocrx_word' id='word_1_380' title='bbox 1389 4418 1432 4492; x_wconf 78' lang='lat' dir='ltr'><strong>pre¹</strong></span> 
     </span>
     <span class='ocr_line' id='line_1_43' title="bbox 318 4488 1435 4556; baseline 0.01 -18"><span class='ocrx_word' id='word_1_381' title='bbox 318 4488 400 4545; x_wconf 83' lang='lat' dir='ltr'><strong>duero,</strong></span> <span class='ocrx_word' id='word_1_382' title='bbox 419 4498 443 4537; x_wconf 92' lang='lat' dir='ltr'><strong>ot</strong></span> <span class='ocrx_word' id='word_1_383' title='bbox 463 4490 876 4556; x_wconf 73' lang='lat' dir='ltr'><strong>libllellcsurodarntscspbll,</strong></span> <span class='ocrx_word' id='word_1_384' title='bbox 929 4494 993 4556; x_wconf 84' lang='lat' dir='ltr'><strong>quod</strong></span> <span class='ocrx_word' id='word_1_385' title='bbox 1018 4503 1055 4543; x_wconf 84' lang='lat' dir='ltr'><strong>est</strong></span> <span class='ocrx_word' id='word_1_386' title='bbox 1079 4494 1182 4544; x_wconf 83' lang='lat' dir='ltr'><strong>llaroion</strong></span> <span class='ocrx_word' id='word_1_387' title='bbox 1208 4496 1322 4546; x_wconf 84' lang='lat' dir='ltr'><strong>Ponticus</strong></span> <span class='ocrx_word' id='word_1_388' title='bbox 1352 4504 1376 4546; x_wconf 91' lang='lat' dir='ltr'><strong>et</strong></span> <span class='ocrx_word' id='word_1_389' title='bbox 1402 4504 1435 4549; x_wconf 73' lang='lat'><strong>0!</strong></span> 
     </span>
    </p>
   </div>
   <div class='ocr_carea' id='block_1_8' title="bbox 318 4557 1420 4690">
    <p class='ocr_par' dir='ltr' id='par_1_10' title="bbox 318 4557 1420 4690">
     <span class='ocr_line' id='line_1_44' title="bbox 318 4557 1420 4636; baseline 0.007 -32"><span class='ocrx_word' id='word_1_390' title='bbox 318 4564 342 4605; x_wconf 81' lang='lat' dir='ltr'><strong>st</strong></span> <span class='ocrx_word' id='word_1_391' title='bbox 360 4557 461 4620; x_wconf 81' lang='lat' dir='ltr'><strong>passim.</strong></span> <span class='ocrx_word' id='word_1_392' title='bbox 479 4557 640 4615; x_wconf 73' lang='lat' dir='ltr'><strong>ticluoius.)</strong></span> <span class='ocrx_word' id='word_1_393' title='bbox 667 4625 672 4635; x_wconf 23' lang='grc' dir='ltr'>ι</span> <span class='ocrx_word' id='word_1_394' title='bbox 764 4624 788 4636; x_wconf 88' lang='lat'><strong>..</strong></span> <span class='ocrx_word' id='word_1_395' title='bbox 929 4562 1001 4609; x_wconf 82' lang='lat' dir='ltr'><strong>etiam</strong></span> <span class='ocrx_word' id='word_1_396' title='bbox 1019 4561 1111 4611; x_wconf 81' lang='lat' dir='ltr'><strong>Pontici</strong></span> <span class='ocrx_word' id='word_1_397' title='bbox 1130 4577 1184 4612; x_wconf 84' lang='lat' dir='ltr'><strong>cum</strong></span> <span class='ocrx_word' id='word_1_398' title='bbox 1203 4577 1241 4613; x_wconf 83' lang='lat' dir='ltr'><strong>eo.</strong></span> <span class='ocrx_word' id='word_1_399' title='bbox 1259 4562 1420 4625; x_wconf 63' lang='lat' dir='ltr'><strong>(Falerios.)</strong></span> 
     </span>
     <span class='ocr_line' id='line_1_45' title="bbox 351 4620 878 4690; baseline 0.008 -19"><span class='ocrx_word' id='word_1_400' title='bbox 351 4625 369 4671; x_wconf 90' lang='lat' dir='ltr'><strong>l.</strong></span> <span class='ocrx_word' id='word_1_401' title='bbox 388 4620 490 4690; x_wconf 83' lang='lat' dir='ltr'><strong>Pontus]</strong></span> <span class='ocrx_word' id='word_1_402' title='bbox 508 4626 571 4686; x_wconf 73' lang='lat' dir='ltr'><strong>lego</strong></span> <span class='ocrx_word' id='word_1_403' title='bbox 590 4638 617 4672; x_wconf 84' lang='lat' dir='ltr'><strong>cr</strong></span> <span class='ocrx_word' id='word_1_404' title='bbox 635 4639 711 4688; x_wconf 79' lang='lat' dir='ltr'><strong>princ.</strong></span> <span class='ocrx_word' id='word_1_405' title='bbox 732 4623 837 4676; x_wconf 76' lang='lat' dir='ltr'><strong>editions</strong></span> <span class='ocrx_word' id='word_1_406' title='bbox 854 4633 878 4675; x_wconf 89' lang='lat' dir='ltr'><strong>et</strong></span> 
     </span>
    </p>
   </div>
   <div class='ocr_carea' id='block_1_9' title="bbox 0 0 1626 5775">
    <p class='ocr_par' dir='ltr' id='par_1_11' title="bbox 0 0 1626 5775">
     <span class='ocr_line' id='line_1_46' title="bbox 0 0 1626 5775; baseline 0 0"><span class='ocrx_word' id='word_1_407' title='bbox 0 0 1626 5775; x_wconf 95' lang='lat' dir='ltr'><strong> </strong></span> 
     </span>
    </p>
   </div>
  </div>
 </body>
</html>
