3242 5775
565 655 715 715 mrdnsus
737 671 909 716 macionus
931 674 988 718 urs.
1003 675 1042 717 rr.
1337 666 1397 730 231

168 841 170 846 ·
253 837 334 882 nomm
352 839 440 883 nemo
463 839 532 884 sero
553 820 721 901 pulsasset,
751 830 864 885 tantum
894 823 973 904 quod
997 824 1233 890 ¹¹lacescentem.
1278 830 1402 895 Creator

167 925 181 964 ¹
250 922 334 1002 estqui
356 932 384 985 et
398 923 517 986 ianuam
540 923 611 984 olim
634 923 804 985 nationibus
828 924 1012 1002 ¹⁸clauserit,
1035 947 1111 1007 quae
1133 929 1203 991 olim
1226 931 1401 1010 pulsabatur

168 1013 185 1064 ·⁴
246 1022 379 1099 “ludaeis3
409 1025 437 1087 is
461 1032 491 1086 et
513 1025 643 1103 exsurgit
666 1034 697 1087 et
718 1026 783 1100 dat,
815 1035 844 1088 et
866 1027 891 1088 si
915 1028 972 1088 iam
1000 1046 1061 1089 non
1084 1030 1170 1109 quasi
1192 1032 1302 1103 amico,
1336 1052 1398 1096 nou

168 1125 185 1166 ἱ
238 1135 313 1187 tuen
336 1127 422 1207 quasi
446 1134 587 1188 extraneo
610 1126 741 1202 bornini,
765 1127 820 1188 sed
836 1127 921 1206 quasi
936 1128 1078 1204 molesto,
1101 1130 1206 1211 inquit.
1239 1132 1398 1195 Molestum

167 1229 182 1266 ¹
233 1237 311 1290 ntem
336 1237 396 1290 um
418 1229 479 1290 cito
504 1228 578 1288 dens
601 1246 706 1291 recens
731 1229 880 1291 neminem
903 1231 962 1309 pati
987 1231 1120 1311 ¹³potuit.
1148 1232 1284 1310 Agnosce
1307 1234 1398 1312 igitur

168 1328 176 1352 ³
229 1337 379 1409 stpatrem
403 1348 495 1409 quem
516 1329 603 1391 etiam
625 1329 757 1410 appellas
780 1340 955 1393 creatorem.
1005 1333 1075 1412 lpse
1101 1342 1149 1395 est
1176 1334 1225 1412 qui
1248 1334 1305 1395 scit
1326 1335 1396 1414 qnid

168 1433 169 1438 ’
226 1429 265 1491 ilii
277 1432 453 1511 postulante
483 1430 557 1492 Nam
581 1440 611 1492 et
631 1450 738 1510 panem
760 1432 931 1510 petentibus
955 1433 991 1493 de
1012 1434 1094 1495 caelo
1116 1433 1198 1496 dedit
1218 1453 1343 1508 manua,
1366 1443 1397 1497 et

222 1549 331 1594 urcem
360 1532 604 1594 desiderantibus
636 1533 735 1594 emisit
764 1541 1011 1613 ortygometram
1048 1553 1108 1596 non
1140 1543 1310 1626 serpentem
1338 1554 1395 1615 pro
1408 1548 1506 1644 ppqqr,

220 1632 310 1713 pisos,
339 1652 398 1695 nec
427 1633 581 1713 scorpium
607 1652 663 1713 pro
687 1654 756 1694 ovo.
806 1635 888 1696 lllius
911 1643 1010 1696 autem
1033 1635 1090 1696 erit
1110 1654 1170 1696 non
1193 1637 1264 1697 dare
1285 1637 1396 1699 malum
1433 1623 1460 1632 “
1486 1633 1494 1646 ’

168 1777 170 1790 ,
219 1753 267 1814 pro
287 1733 372 1796 bono
396 1736 483 1797 cuius
506 1743 666 1813 utrumque
688 1734 739 1796 sit.
773 1729 911 1797 Ceterum
934 1737 1007 1797 deus
1022 1736 1180 1797 Marcionis
1201 1755 1263 1797 non
1280 1737 1394 1801 babens

168 1827 171 1882 l
217 1836 364 1916 scorpium
387 1855 450 1898 non
472 1845 591 1916 poterat
613 1836 642 1896 id
664 1855 697 1897 se
720 1836 818 1900 dicore
839 1856 902 1899 non
925 1837 1062 1898 daturum
1084 1836 1165 1916 quod
1181 1856 1242 1898 non
1257 1837 1394 1910 babebat,

168 1975 169 1996 t
216 1937 264 1998 sed
286 1937 337 1999 ille
358 1939 410 2018 qui
433 1938 548 1999 babens
572 1947 603 1997 et
623 1929 774 2017 scorpium
797 1958 858 1999 non
881 1939 940 1999 dat
974 1938 1102 2017 ¹⁶ltaque
1118 1946 1148 1999 et
1162 1937 1300 2018 spiritum
1322 1957 1393 2000 san·
1436 1957 1439 1967 ·

168 2001 169 2086 l
215 2047 291 2100 mm
312 2039 341 2099 is
363 2039 448 2100 dabit
468 2040 546 2119 apud
569 2057 657 2119 quem
680 2049 727 2101 est
749 2048 779 2101 et
800 2059 861 2101 non
891 2048 1023 2101 sanctus.
1067 2039 1142 2102 Cum
1169 2039 1293 2101 surdum
1321 2040 1393 2101 dae-

168 2177 170 2224 t
215 2141 347 2202 nonium
370 2140 537 2220 expulisset
557 2144 602 2212 (ut
624 2149 653 2202 et
673 2142 703 2201 in
726 2141 782 2203 ista
805 2142 904 2222 specie
932 2141 1096 2203 curationis
1118 2139 1222 2202 Esaiae
1244 2140 1394 2202 occurris·
1408 2133 1521 2229 ¹¹}qu

218 2249 289 2318 tel),
324 2244 355 2304 in
380 2241 574 2303 ¹⁷tteetzeoub
601 2242 698 2304 dictus
727 2244 824 2305 eicere
853 2242 1025 2316 daemonia,
1058 2241 1091 2304 Si
1120 2260 1190 2320 ego,
1223 2241 1334 2321 inquit,
1362 2216 1504 2347 inffiqll

217 2341 378 2404 Beelzebub
409 2343 485 2404 eicio
513 2343 686 2417 daemonia,
719 2344 770 2405 lilii
798 2345 891 2405 vestri
919 2344 948 2404 in
978 2363 1038 2423 quo
1067 2341 1201 2405 eiciunt‘l
1236 2343 1292 2404 bac
1321 2361 1393 2405 voce
1486 2332 1492 2346 ’

219 2445 284 2524 quit
305 2445 402 2524 magis
424 2443 578 2523 portendit
599 2464 687 2524 quam
709 2446 739 2506 in
763 2466 799 2506 eo
823 2446 919 2507 eicere
941 2464 976 2506 se
1003 2446 1032 2506 in
1056 2464 1115 2525 quc
1138 2452 1169 2505 et
1190 2444 1241 2506 lilii
1263 2443 1394 2506 eorum?

221 2543 377 2608 lxrirtute
400 2545 514 2607 scilicet
534 2546 688 2608 creatoris.
741 2547 814 2608 Nam
842 2547 868 2608 si
895 2555 982 2626 putas
1010 2546 1055 2607 sic
1080 2545 1299 2625 accipiendum:
1334 2545 1393 2607 ¹⁸Si

223 2663 273 2724 «go
295 2646 353 2709 ¹’in
376 2648 561 2721 Beelzebub,
585 2648 636 2709 lilii
658 2649 747 2710 vestri
772 2649 801 2709 in
824 2645 940 2727 ”quoi
972 2647 1056 2727 quasi
1079 2647 1146 2709 illos
1169 2647 1343 2727 suggillaret
1362 2646 1393 2708 iu

225 2743 379 2809 beelzebub
401 2749 559 2819 eicientes,
582 2749 705 2810 resistet
725 2749 779 2810 tibi
801 2748 886 2828 prior
901 2767 1026 2822 seusus,
1050 2767 1110 2810 non
1125 2767 1216 2829 posse
1230 2749 1250 2781 ²¹
1260 2757 1393 2810 satanam

227 2845 305 2911 iridi
327 2849 471 2912 adversus
495 2851 698 2931 semetipsum.
741 2849 824 2911 Adeo
852 2867 908 2912 nec
936 2849 976 2913 illi
999 2850 1029 2912 in
1051 2850 1215 2913 beelzebub
1238 2849 1392 2923 eiciebant,

231 2949 290 3019 sod,
321 2961 353 3013 ut
381 2953 526 3024 diximus,
561 2953 592 3013 in
619 2953 726 3013 virtute
755 2952 916 3023 creatoris,
950 2971 1038 3031 quam
1066 2961 1100 3012 ut
1120 2952 1251 3031 intellegi
1272 2954 1392 3025 iaceret,

234 3049 381 3132 subiungit:
405 3054 520 3126 Quodsi
542 3073 597 3132 ego
621 3054 649 3113 in
674 3054 763 3132 digito
786 3052 835 3113 dei
851 3054 965 3131 expello
981 3053 1154 3127 daemonia,
1177 3073 1288 3133 ergone
1308 3053 1392 3132 ”ap-
1406 3080 1529 3133 unexit(

235 3152 474 3232 propinquantia
498 3173 552 3214 ros
574 3173 698 3233 regnum
720 3153 793 3215 dei‘l
836 3154 920 3234 Apud
943 3154 1129 3216 Pharaonem
1163 3156 1242 3215 enim
1268 3154 1391 3216 venefici
1405 3165 1488 3260 vpquq

238 3249 273 3311 li
288 3253 402 3316 adhibiti
424 3255 567 3316 adversus
589 3256 710 3334 Moysen
737 3256 877 3316 virtutem
905 3256 1050 3317 creatoris
1073 3255 1196 3334 digitum
1218 3255 1265 3316 dei
1288 3255 1392 3334 appel·
1451 3247 1458 3268 '
1489 3246 1496 3258 ’

240 3348 361 3416 meant
403 3356 518 3435 Digitus
540 3357 585 3416 dei
609 3366 654 3418 est
682 3357 740 3417 boc
765 3356 875 3435 ”quod
904 3346 1084 3435 significaret
1116 3357 1204 3417 etiarn
1233 3355 1393 3427 modicum,

243 3452 430 3518 fidissimum
461 3466 569 3518 umen.
619 3457 684 3519 Hoc
704 3468 734 3519 ct
755 3458 892 3518 Clrristus
921 3457 1102 3530 ostendens,
1136 3452 1422 3529 commemorator‚'

245 3568 292 3614 ιιι
309 3556 490 3631 obliterator,
523 3566 701 3620 vetustatum
725 3558 838 3620 scilicet
868 3577 1005 3628 suarum,
1038 3548 1178 3618 virtutem
1201 3557 1248 3618 dei
1271 3557 1394 3636 digitum

248 3652 285 3715 lei
301 3656 366 3719 dixit
383 3678 444 3721 oon
466 3660 587 3721 alterius
615 3659 875 3739 ²“intellegendum
902 3679 990 3739 quarn
1020 3659 1084 3720 eius
1114 3661 1191 3738 apud
1219 3678 1308 3738 quem
1336 3659 1395 3720 boc

250 3762 299 3815 tmt
314 3760 456 3838 appellata.
501 3761 580 3841 Ergo
610 3772 639 3822 et
664 3781 788 3840 regnum
816 3761 911 3841 ipsius
940 3762 1226 3841 appropinquaverat
1253 3760 1337 3822 cuius
1366 3769 1395 3821 et

251 3851 326 3917 viar
345 3859 443 3939 digitus
467 3862 635 3924 vocabatur.
668 3863 774 3925 blerito
796 3862 886 3941 igitur
907 3862 1046 3941 applicuit
1067 3863 1103 3923 ad
1118 3862 1287 3942 parabolam
1309 3861 1396 3922 lortis
1409 3855 1509 3913 L⁰⁰³⁰·

254 3948 313 4017 h
332 3962 437 4036 armati,
471 3984 558 4044 quem
581 3964 704 4025 validior
732 3964 808 4025 alius
837 3964 1002 4041 oppressit,
1033 3963 1196 4043 principem
1219 3962 1394 4024 daemonio·
1422 3910 1490 3962 m·

256 4068 319 4127 ΙΙ,
343 4078 417 4138 mem
437 4064 602 4126 beelzebub
625 4073 656 4126 et
676 4074 808 4127 satanam
831 4064 1071 4144 supradixerat,
1100 4064 1269 4142 significans
1302 4063 1393 4142 digito

258 4148 294 4213 fl
314 4174 492 4238 oppressum,
525 4184 587 4226 non
615 4175 779 4228 creatorem
807 4164 844 4226 ab
871 4165 929 4226 alio
957 4166 1013 4226 deo
1037 4163 1201 4226 subactum.
1256 4164 1394 4227 Ceterum

260 4258 378 4327 '⁸⁰1⁰
395 4264 488 4327 adbuc
508 4274 602 4327 staret
629 4285 752 4346 regnum
781 4267 846 4328 eius
869 4266 900 4326 in
929 4265 991 4327 suis
1012 4266 1148 4327 terminis
1171 4273 1201 4326 et
1220 4265 1336 4344 legibus
1364 4283 1396 4336 et

168 4378 169 4385 ’
261 4352 344 4418 ⁸⁵5⁸
360 4380 449 4441 pem,
471 4366 541 4427 licet
561 4366 677 4446 integro
693 4367 821 4440 mundo,
843 4366 889 4427 vel
906 4365 950 4427 sic
962 4365 1114 4446 potuisset
1127 4364 1220 4427 videri
1235 4381 1397 4444 superasse

263 4468 292 4519 ¹2
306 4472 443 4533 hortun
462 4485 506 4535 sc.
560 4485 598 4535 ¹3.
618 4486 836 4537 clauserit-state.
873 4484 971 4534 cluserit
989 4486 1012 4534 tl.
1071 4484 1110 4534 ll.
1129 4499 1143 4533 o
1161 4484 1222 4534 deus
1240 4485 1285 4533 iate
1304 4478 1397 4540 exurgit

260 4534 294 4589 Ι
329 4542 361 4593 lb
374 4552 469 4613 patiatur
486 4552 512 4603 t.
554 4553 594 4603 lb.
612 4555 647 4603 lta
665 4555 690 4603 li.
739 4554 778 4603 l'l.
798 4551 932 4601 beelzebub
954 4553 1075 4602 Vaticanus
1091 4559 1195 4616 uimque.
1231 4549 1351 4600 belzebub
1368 4546 1394 4595 t·

260 4600 419 4689 Qud
452 4619 646 4672 Belzebulecob.
671 4622 706 4672 lto
717 4624 786 4672 etiam
795 4622 821 4669 in
831 4621 986 4683 sequentibus.
1023 4618 1062 4670 18.
1082 4621 1117 4668 sic
1135 4635 1155 4669 c.
1197 4618 1237 4668 ts.
1256 4620 1279 4667 in
1297 4613 1395 4665 Beelze-

261 4670 519 4749 *mutuans
537 4689 579 4738 tilii
597 4690 669 4738 vestri
688 4691 725 4740 cd.
747 4689 859 4738 Vaticani.
911 4685 952 4735 20.
970 4701 1019 4750 quo
1037 4687 1116 4736 eicere
1135 4686 1203 4751 quasi
1223 4686 1248 4735 ll.
1293 4681 1335 4732 ll.
1352 4692 1394 4756 tt·

261 4742 326 4793 U
365 4748 398 4804 22.
417 4756 617 4820 appropinquarit
633 4756 718 4806 Bobcd.
754 4754 960 4820 appropinquabit
977 4753 1000 4804 0.
1022 4754 1144 4805 Vaticanus
1160 4760 1263 4817 uterque.
1290 4748 1396 4800 notam

261 4804 368 4891 light·
411 4818 452 4870 ὓ.
469 4824 533 4886 quod
551 4823 697 4886 significaret
716 4823 776 4872 BGd.
812 4821 877 4886 qaod
895 4822 1058 4884 signiticareut
1074 4825 1124 4874 oio.
1167 4833 1215 4886 qno
1233 4816 1396 4882 significarent

262 4872 349 4945 Η,
362 4886 497 4940 nimae
547 4890 588 4942 aa.
606 4890 788 4956 storatianum
809 4889 858 4954 ct,
877 4889 918 4941 rr.
932 4890 1022 4941 neo.
