3242 5775
311 623 376 689 666
563 634 665 688 ΟῦΙΜῚ
688 631 820 678 smmi
841 630 1008 676 ttonntt'tts
1030 630 1230 675 lelbffllil

206 831 208 835 -
310 788 407 872 lucem
428 786 600 858 nationum,
613 785 656 846 'ut
677 783 719 846 sis
742 781 824 845 salus
845 781 877 843 in
898 788 1070 843 orhemum·
1084 788 1192 842 terrae.
1229 780 1340 861 Accipe
1359 786 1466 842 nuncet

171 904 300 958 las.b11‚i.

312 888 366 951 tilii
379 871 477 949 'voces
498 886 536 947 da
557 893 656 965 patre:
691 883 823 964 Spiritus
845 881 959 945 domini
980 899 1073 962 super
1099 900 1162 955 me.
1196 890 1380 963 quapropter
1404 879 1468 943 unxit

218 1054 224 1067 ,
311 1006 361 1051 me
381 988 419 1049 ad
441 983 699 1066 evangelizandum
721 983 903 1046 hominibus.
939 982 1014 1045 item
1036 981 1096 1043 ¹⁸in
1116 982 1234 1063 psalmo
1256 982 1294 1045 ad
1317 980 1470 1063 patrende

159 1088 436 1161 ummcsouem:
457 1086 502 1148 Ne
524 1084 745 1165 ¹‘dereliqueris
765 1102 831 1158 mc,
854 1083 952 1145 donec
970 1082 1143 1145 annuntiem
1158 1081 1314 1145 brachium
1329 1091 1411 1146 tuum
1429 1098 1471 1143 na·

185 1208 293 1262 Pallia.

124 1620 126 1624 ¹
186 1607 299 1662 Fumi.

161 1809 206 1854 tes.
214 1808 299 1861 ῙΙΝΛ.

187 1892 302 2000 aurisia.

313 1189 419 1254 tiritati
440 1188 598 1251 universae
617 1193 770 1247 venturae.
803 1184 879 1247 Item
900 1185 931 1246 in
949 1184 1023 1247 alio:
1046 1184 1189 1259 Domine,
1211 1182 1284 1264 quid
1305 1182 1473 1265 multiplicati

313 1298 398 1364 sunt,
432 1288 483 1369 qui
505 1285 733 1367 ''comprimnnt
753 1303 811 1348 ma.
855 1284 916 1348 Sed
945 1293 977 1347 et
1004 1303 1109 1348 omncs
1137 1303 1232 1365 paene
1257 1285 1386 1365 psalmi,
1414 1282 1475 1363 “qui

313 1390 423 1455 Christi
444 1404 607 1469 personam
627 1385 805 1460 sustinent·‚
828 1385 922 1448 lilium
944 1385 981 1448 ad
1002 1394 1136 1466 patrem,
1156 1385 1188 1448 id
1209 1392 1258 1448 est
1279 1385 1430 1448 Christum
1446 1382 1476 1445 ad

314 1491 418 1563 deum,
440 1488 530 1551 verba
550 1487 705 1550 facientem
727 1493 964 1567 repraesentant.
1010 1485 1221 1548 Animadverte
1242 1486 1332 1549 etiam
1355 1486 1476 1567 spiritur

311 1590 484 1671 loquentem
505 1607 541 1651 ex
563 1588 648 1650 tertia
670 1576 801 1667 persona
822 1587 860 1649 da
874 1596 958 1669 patre
974 1595 1005 1650 et
1017 1588 1094 1649 lilio:
1116 1587 1196 1650 Dixit
1212 1588 1354 1651 dominus
1370 1586 1477 1652 domiuo

313 1710 401 1766 meo,
424 1691 497 1753 sede
518 1689 555 1752 ad
577 1688 755 1751 ¹⁰dexteram
777 1706 891 1762 meam,
920 1688 1016 1750 donec
1037 1706 1145 1768 ponam
1168 1689 1308 1751 inimicos
1329 1697 1402 1772 tuos
1423 1704 1478 1751 scr·

312 1792 422 1857 bellum
443 1791 553 1872 pedum
574 1798 704 1852 tuorum.
748 1790 822 1852 ltcm
844 1807 899 1871 per
919 1788 1051 1852 Esaiam:
1076 1791 1157 1853 llaec
1177 1790 1249 1852 dicit
1270 1789 1414 1853 dominus
1432 1788 1479 1851 dc·

314 1894 397 1958 utino
418 1911 488 1956 ineo
511 1891 641 1953 Christo.
677 1891 752 1952 item
773 1909 830 1971 per
851 1890 978 1954 eundern
1000 1890 1037 1952 ad
1059 1902 1172 1971 patrem
1195 1892 1232 1953 de
1254 1892 1332 1954 lilio:
1356 1891 1481 1962 nomine,

203 2066 207 2072 ,
315 1994 383 2076 quis
404 1992 559 2055 ”credidit
579 1992 691 2054 auditui
718 2000 841 2065 nostro,
875 1999 905 2054 et
931 1992 1085 2054 brachium
1112 1993 1226 2055 domini
1253 1993 1302 2055 cui
1329 1993 1482 2058 revelatur

315 2090 386 2157 esti
419 2092 666 2155 Annuntiavimus
688 2092 725 2155 de
746 2091 814 2176 iilo,
848 2092 926 2155 sieut
946 2092 1106 2174 puerulus,
1138 2094 1216 2156 sicut
1242 2093 1329 2157 radix
1356 2094 1483 2156 interra

315 2194 445 2268 sitienti,
468 2202 499 2257 et
519 2211 580 2255 non
603 2202 666 2256 erat
686 2194 781 2255 torma
803 2192 888 2268 eius,
909 2212 966 2255 nec
987 2193 1090 2284 glopia.
1123 2195 1203 2257 llaec
1216 2213 1311 2276 pauca
1326 2195 1366 2257 dc
1380 2194 1483 2258 multis.

315 2295 378 2358 Nec
399 2294 477 2358 enim
499 2285 671 2357 atreoamm
693 2293 850 2357 universos
872 2294 1036 2375 scripturas
1057 2295 1208 2370 evolvere,
1230 2314 1298 2359 cum
1321 2296 1408 2358 etin
1428 2295 1483 2358 sin·

316 2395 394 2478 pulis
415 2395 551 2476 capitulis
573 2395 690 2475 plenam
711 2394 898 2458 maiestatem
920 2397 1177 2459 etauctoritatem
1199 2406 1407 2461 contestantes
1427 2414 1483 2459 ma·

313 2498 409 2563 iorem
432 2514 626 2576 congressum
647 2496 679 2558 in
699 2495 908 2559 retractatibus
930 2495 1130 2560 ''babeamus
1178 2498 1232 2559 His
1260 2498 1362 2579 itaque
1390 2495 1484 2580 paucis

315 2597 444 2660 ”tamen
464 2597 622 2660 manifeste
643 2597 796 2661 distinctio
818 2596 960 2659 trinitatis
976 2598 1144 2679 exponitur.
1175 2598 1231 2660 Est
1252 2598 1333 2661 enim
1355 2600 1423 2680 ipse
1442 2596 1484 2679 qui

314 2698 488 2781 pronuntiat
510 2698 652 2779 spiritus,
674 2707 704 2761 et
723 2707 823 2779 pater,
845 2698 882 2760 ad
904 2714 993 2778 quem
1007 2699 1194 2779 pronuntiat,
1217 2706 1248 2762 et
1261 2699 1359 2771 lilius,
1382 2700 1485 2780 dequo

315 2798 499 2881 pronuntiat.
527 2797 578 2860 Sic
592 2809 623 2860 et
636 2808 743 2874 cetera,
765 2817 842 2879 quae
857 2818 935 2861 nunc
949 2800 986 2861 ad
1000 2809 1115 2880 patrem
1136 2800 1173 2863 de
1195 2800 1255 2863 lilio
1275 2800 1322 2863 vel
1336 2801 1375 2863 ad
1389 2801 1486 2872 lilium.

315 2919 397 2965 nunc
416 2899 455 2962 ad
475 2899 568 2962 hlium
589 2900 627 2963 de
648 2910 733 2981 patre
753 2901 800 2963 vel
822 2901 858 2963 ad
880 2909 1011 2981 panem,
1034 2920 1114 2964 nunc
1135 2903 1170 2965 ad
1194 2902 1336 2982 spiritum
1355 2920 1485 2984 pronun·

229 2992 231 2997 ’
315 3003 443 3075 liuntur,
465 3019 703 3080 unamquamque
723 3019 885 3081 personam
907 3002 940 3063 in
962 3020 1017 3064 sua
1038 3004 1220 3083 proprietate
1242 3004 1440 3068 constituunt

188 3131 243 3188 Cap.
252 3128 301 3175 xtt.

402 3103 434 3164 Si
457 3111 486 3164 te
507 3101 603 3164 adbuc
623 3119 767 3164 numerus
790 3100 969 3165 scandalizat
989 3102 1130 3166 trinitatis
1149 3104 1234 3184 quasi
1256 3122 1319 3167 uun
1340 3123 1490 3169 connexae

316 3205 349 3268 in
370 3205 482 3267 unitate
503 3202 646 3283 simplici,
679 3204 833 3283 interrogo
854 3202 1005 3283 quomodo
1028 3205 1133 3266 unicus
1156 3214 1186 3267 et
1207 3205 1367 3285 singularis
1389 3207 1490 3287 plura·

186 3325 304 3381 scursa
317 3305 386 3369 liter
417 3304 566 3386 loquitur,
600 3304 753 3367 Faciamus
780 3305 933 3367 hominem
959 3305 996 3366 ad
1026 3305 1181 3384 imaginem
1210 3315 1240 3367 et
1266 3306 1490 3370 similitudinem

315 3414 478 3481 nostram(
495 3424 563 3469 curn
585 3405 721 3469 debuerit
742 3406 868 3479 dixisse,
901 3406 1017 3468 Faciam
1039 3406 1190 3469 hominem
1217 3406 1254 3469 ad
1276 3406 1435 3487 imaginem
1462 3419 1493 3470 et

315 3508 541 3570 similitudinem
562 3525 674 3580 meam,
704 3507 825 3587 ¹utpote
847 3507 951 3569 unicus
974 3515 1005 3568 et
1026 3506 1209 3587 singularis?
1251 3507 1310 3570 Scd
1332 3516 1363 3570 et
1383 3508 1416 3570 iu
1438 3527 1489 3570 se-

175 3608 490 3689 nsnmmsqucntibus:
522 3609 599 3672 Ecce
619 3609 712 3670 Adam
739 3608 833 3671 iactus
863 3614 911 3669 est
936 3615 1076 3687 tanquam
1107 3627 1186 3670 unus
1208 3627 1244 3671 ex
1266 3609 1366 3672 nobis.
1408 3609 1492 3672 Fallit

315 3716 367 3772 ant
392 3708 485 3783 ludit,
517 3720 566 3783 nt,
599 3728 667 3772 cum
694 3726 772 3771 nnus
802 3716 832 3770 et
854 3707 938 3770 solus
960 3717 990 3770 et
1003 3700 1170 3788 'singularis
1200 3719 1296 3784 esset,
1329 3729 1491 3773 numerose

314 3808 501 3889 loqueretur.
533 3809 589 3871 hut
611 3809 754 3888 numquid
776 3809 889 3889 angelis
911 3808 1103 3889 loquebatur,
1127 3819 1161 3873 ut
1174 3805 1274 3873 ludaei
1289 3811 1490 3893 interpretan-

316 3915 382 3982 tur,
405 3907 472 3986 quia
494 3925 549 3969 nec
570 3908 630 3987 ipsi
651 3909 743 3971 tilium
766 3909 951 3990 agnoscunt?
981 3911 1025 3972 bn
1041 3912 1111 3991 quia
1126 3912 1190 3991 ipsa
1206 3920 1270 3974 erat
1283 3920 1380 3992 pater,
1403 3911 1490 3979 lilius.

316 4007 457 4087 spiritus,
490 4006 559 4069 idco
587 4008 730 4088 pluralem
759 4030 793 4073 se
820 4012 992 4093 'praestans
1019 4011 1172 4091 pluraliter
1205 4011 1263 4075 sibi
1291 4009 1492 4093 toquehaturt

314 4106 411 4170 imum
433 4108 502 4187 quia
522 4108 580 4170 iam
595 4108 774 4174 adhaerebat
789 4112 831 4173 illi
845 4112 934 4187 tilius,
957 4100 1088 4175 secunda
1102 4131 1242 4193 persona,
1266 4130 1370 4176 sermo
1385 4113 1491 4194 ipsius,

315 4209 467 4284 citerna,
490 4209 615 4291 spiritns
637 4211 668 4273 in
691 4230 847 4285 sermone,
869 4213 938 4276 ideo
960 4213 1113 4293 pluraliter
1134 4214 1355 4293 pronuntiavit,
1387 4214 1490 4276 Facia-

316 4361 357 4411 tb.
368 4362 405 4412 'ad
423 4370 518 4426 patrem
535 4364 559 4414 in
578 4363 674 4430 psslmo
691 4367 716 4415 l.
736 4366 801 4415 leid.
855 4364 894 4416 16.
913 4365 1089 4431 derelinqueris
1107 4368 1149 4418 ΑΒ.
1167 4367 1232 4417 leid.
1278 4366 1320 4417 Π.
1339 4367 1489 4419 conserviunt

313 4431 340 4481 Δ.
359 4430 423 4480 leid.
468 4430 507 4479 lii.
526 4432 567 4495 qni
586 4433 673 4482 Christi
692 4434 816 4483 bstsac.
852 4433 941 4484 Christi
958 4436 1051 4499 reliqui.
1097 4435 1136 4485 19.
1155 4435 1261 4484 dextrum
1280 4435 1307 4485 li.
1355 4434 1398 4485 20.
1417 4435 1492 4485 credit

313 4497 340 4547 t.
358 4497 423 4548 leid.
475 4496 515 4546 at.
536 4499 797 4551 benemerentem.
849 4499 889 4551 22
908 4509 987 4551 tamen
1004 4504 1046 4553 ld.
1065 4504 1130 4553 laid„
1165 4510 1213 4552 tarn
1230 4502 1325 4567 reliqui.

383 4565 442 4628 Csp.
460 4564 511 4615 xli.
555 4566 576 4616 t.
596 4574 680 4630 utputo
698 4561 809 4633 impr.
845 4571 1095 4635 utputsi.m.ssc.
1139 4570 1324 4634 utputsisid.
1375 4567 1400 4619 2
1419 4581 1491 4634 pne·

311 4631 397 4687 Ierens
414 4631 481 4682 Fsls.
492 4631 596 4683 Ursinus.

348 4766 409 4832 Cap.
433 4765 473 4816 xl.
509 4781 540 4816 u.
566 4768 607 4832 qui
633 4767 721 4819 Christi
746 4783 878 4834 persensu
929 4770 1037 4837 pbctsnt
1072 4772 1192 4823 sustinere
1209 4772 1273 4824 ssim
1291 4773 1344 4825 lars
1360 4771 1429 4838 ponit
1444 4783 1489 4836 prs

314 4829 447 4900 sustinent]
477 4833 523 4892 oui
541 4833 571 4885 de
589 4834 678 4887 Christi
696 4850 800 4901 persons
819 4852 878 4903 pro·
930 4846 1066 4903 expectare,
1083 4852 1192 4905 sperare·
