3242 5775
318 594 382 659 316
572 608 675 661 outurt
697 610 830 654 ΒΕΡΤΙΙΙΙ
851 608 1018 653 msasrts
1041 609 1236 654 mwbffllll

318 759 456 824 Ceterum
476 757 646 824 similitudo¹
662 758 694 820 in
715 758 872 823 contrariis
894 757 973 824 nulla
995 765 1050 820 cst
1097 756 1230 839 Spiritus
1256 777 1320 822 non
1347 759 1428 826 tices

319 861 416 927 carnia
438 859 614 933 similitudo,
638 859 706 939 quia
728 878 785 921 nec
805 877 875 924 caro
898 858 1120 924 similitudinem
1143 858 1266 939 spiritus
1281 868 1428 939 caperct3

239 986 244 1002 ¹
317 962 493 1042 phantasma
521 960 687 1032 diceretur,
717 960 745 1021 si
773 960 802 1021 id
828 958 912 1039 quod
932 977 992 1038 non
1021 968 1087 1021 erat
1106 959 1268 1028 ridebatur.
1325 961 1428 1026 Simil

318 1069 416 1128 antem
440 1060 561 1134 dicitur,
584 1078 650 1124 curn
673 1060 821 1139 estquod
843 1059 969 1136 videtur,
1008 1058 1064 1132 Est
1082 1060 1178 1138 eninr,
1200 1060 1272 1126 oum
1293 1060 1428 1140 alterius

318 1171 373 1224 est.
417 1161 595 1230 Plvantasms
618 1169 734 1235 autem,
755 1161 830 1240 ‘qua
852 1159 910 1230 boc
931 1167 1044 1226 omium
1066 1172 1127 1234 est,
1150 1179 1210 1224 non
1231 1161 1298 1238 ⁷est
1319 1162 1428 1244 simitiq

166 1259 358 1326 nonullam
385 1263 435 1325 hic
460 1269 559 1338 autem
579 1261 644 1342 ipse
674 1260 845 1326 edisserens
872 1260 1023 1340 quomodo
1051 1260 1128 1323 nolit
1152 1280 1222 1323 esse
1250 1280 1307 1332 nos
1335 1263 1368 1328 in
1395 1281 1428 1342 ιι

318 1382 385 1430 oum
408 1362 504 1430 simus
526 1362 557 1436 ip
585 1380 689 1438 carne,
722 1373 756 1428 ut
782 1360 898 1438 scilian
926 1379 986 1436 uoq
1015 1361 1111 1426 simus
1139 1361 1188 1430 'in
1215 1363 1357 1444 operibus
1385 1380 1428 1428 car

165 1463 450 1527 mandamentis
471 1463 526 1526 bac
547 1462 662 1526 ratione
683 1460 878 1541 'tempsissm
907 1460 983 1528 caro
1006 1469 1036 1524 et
1056 1462 1179 1541 maguis
1200 1481 1325 1542 regnpm
1348 1464 1428 1536 deis

143 1557 150 1567 ’
318 1565 403 1645 sequi
431 1581 494 1626 non
519 1571 664 1644 possunt,
696 1579 758 1624 non
791 1560 986 1639 substantiam
1014 1562 1174 1640 damnans,
1207 1563 1261 1630 sed
1291 1556 1380 1644 opera
1404 1561 1428 1646 ai

319 1666 421 1745 ¹⁰qnac
443 1663 511 1744 quis
533 1670 663 1743 possunt
683 1680 745 1732 non
766 1660 881 1740 admitti
897 1661 1016 1734 anobis
1032 1662 1062 1726 in
1078 1681 1167 1726 carne
1184 1664 1281 1740 adhuc
1303 1664 1428 1746 positist

317 1764 490 1836 adrentum
513 1763 712 1835 substantiae,
734 1763 787 1826 sod
810 1762 848 1842 ad
870 1762 1104 1826 conversationis
1126 1765 1328 1843 pertinebunt.
1367 1764 1428 1845 ltvqr

201 1848 293 1950 siffis,
316 1883 425 1948 corpus
446 1863 567 1944 quidem
587 1870 738 1930 mortuum
754 1871 878 1943 propter
893 1861 1049 1940 delictum,
1073 1863 1147 1932 adeo
1170 1883 1232 1934 non
1253 1866 1383 1944 animae,
1404 1865 1428 1928 ἰ

317 1966 453 2046 corporis
475 1982 558 2034 moro
581 1972 646 2037 est,
669 1964 793 2043 spiritus
816 1969 915 2028 autem
938 1964 996 2026 vita
1018 1973 1141 2044 propter
1163 1964 1331 2036 ¹'iustitiam
1346 1967 1428 2042 cuin

318 2065 456 2140 obveniet
477 2073 601 2148 propter
622 2064 777 2136 delictum,
800 2064 830 2125 id
851 2073 900 2132 est
914 2065 1044 2147 corpori.
1059 2141 1062 2146 ¹
1076 2065 1142 2130 Nou
1165 2066 1244 2134 enirn
1266 2067 1353 2132 alicui
1373 2066 1428 2138 ''rs

318 2167 427 2228 tuitur·
448 2164 506 2228 nisi
528 2166 578 2250 qui
599 2164 670 2227 illud
692 2164 807 2239 maisit,
830 2165 914 2236 etita
929 2166 1180 2234 eritresurrectio
1195 2175 1398 2250 mortuorum,
1417 2185 1428 2234 ι

205 2282 303 2328 ιιι.
318 2276 365 2332 ιιι
385 2283 554 2347 corporum.
590 2265 609 2296 ¹⁴
617 2264 691 2332 Nam
713 2265 884 2348 subiungit:
905 2266 964 2337 Qui
986 2266 1140 2342 suscitavit
1155 2268 1304 2346 Cluistunt
1324 2278 1428 2334 amort

318 2367 502 2430 ¹‘vivificabit
523 2374 552 2429 et
573 2366 715 2434 mortalia,
730 2384 858 2448 corpora
872 2374 981 2438 vestra.
1017 2367 1098 2438 Adeo
1120 2377 1151 2430 et
1172 2368 1270 2448 carnis
1291 2386 1428 2446 resurrect¹

317 2488 385 2545 pem
407 2467 606 2541 confirmavit,
628 2467 741 2546 absquo
763 2485 822 2546 qua
842 2485 899 2530 nec
920 2485 1029 2547 corpus
1044 2468 1121 2542 aliud
1145 2468 1203 2538 dici
1218 2469 1314 2551 capitd
1335 2486 1428 2538 neom

318 2571 377 2642 tale
404 2567 482 2630 aliud
511 2549 656 2646 intellegi,
696 2576 725 2629 et
755 2567 866 2630 Christi
895 2568 1089 2648 spbstantiam
1123 2571 1319 2649 corporalem·
1340 2570 1428 2650 probt

319 2670 467 2751 siquidem
489 2667 614 2747 proinde
636 2668 859 2734 vivificabuntur
881 2677 912 2729 et
932 2669 1067 2750 mortalia
1089 2688 1215 2750 corpora
1237 2681 1354 2745 nostra,
1383 2685 1428 2752 qq

318 2771 477 2844 admodum
500 2777 530 2829 et
551 2768 599 2829 ille
620 2768 816 2832 resuscitatus
839 2777 902 2845 est,
925 2787 986 2834 non
1008 2770 1079 2831 alias
1095 2771 1238 2854 proinde,
1260 2772 1320 2852 nisi
1343 2768 1428 2854 ”quiq

317 2890 454 2955 corpore.
497 2869 577 2935 Salio
600 2879 630 2932 et
651 2869 700 2931 hic
721 2869 937 2950 amplissimum
959 2869 1117 2951 abruptum
1137 2872 1295 2941 intercisae
1316 2873 1428 2957 soipvrr

317 2973 370 3042 scd
393 2971 583 3053 apprehendo
606 2970 812 3036 testimonium
833 2971 1039 3051 perhibentem
1069 2973 1237 3052 apostolum
1258 2973 1379 3048 israeli,
1405 2988 1428 3055 q

286 3075 412 3150 ,selum
435 3072 482 3135 dei
504 3070 647 3145 habeant,
678 3071 726 3133 sui
753 3072 872 3153 utiquo,
905 3090 966 3135 non
995 3081 1093 3134 mmen
1114 3090 1169 3152 por
1191 3074 1355 3151 scientiam.
1393 3070 1428 3157 lq

317 3174 412 3249 emm,
435 3172 545 3259 inquit,
568 3173 755 3252 ignorantes,
777 3181 807 3232 et
828 3189 913 3234 suam
933 3171 1075 3235 iustitiam
1090 3173 1199 3243 sistere
1213 3183 1428 3265 quaerenteo,q

316 3275 507 3341 subiecerunt
528 3292 563 3334 se
585 3272 713 3334 iustitiae
735 3271 801 3346 dei;
823 3271 891 3334 finis
913 3271 934 3304 ¹⁷
942 3272 1051 3335 etenim
1065 3272 1139 3358 lepis
1154 3274 1291 3355 Christus
1304 3277 1336 3341 in
1352 3275 1428 3359 ’Ἢ

316 3377 397 3443 omni
420 3374 562 3438 credenti.
596 3373 651 3435 llic
672 3373 729 3434 erit
743 3371 956 3451 argumentatio
972 3372 1122 3447 haeretici,
1146 3375 1231 3454 quasi
1247 3375 1336 3441 deum
1350 3386 1428 3461 snm

314 3496 379 3548 rem
402 3474 602 3561 ignoraverint
622 3473 739 3547 ludaei,
773 3474 825 3553 qui
847 3473 990 3550 adversus
1013 3493 1081 3537 eum
1101 3474 1245 3540 iustitiam
1268 3472 1428 3563 suamab,

313 3629 339 3678 o.
358 3643 404 3692 qus
423 3628 470 3677 hoc
488 3636 579 3676 tantum
598 3633 635 3676 est
652 3626 707 3676 bed.
729 3626 852 3676 Vaticanus
868 3630 971 3690 stoque.
1013 3627 1068 3690 qnia
1093 3627 1139 3676 boc
1163 3635 1253 3677 tentum
1279 3635 1316 3678 est
1341 3628 1393 3679 cas.
1425 3602 1428 3667 i

315 3703 437 3755 ostentum
462 3702 499 3743 est
517 3696 631 3745 horisius.
689 3693 713 3743 7.
731 3693 866 3756 similitudo
885 3702 922 3743 est
939 3693 965 3743 li.
1017 3693 1042 3744 8.
1061 3695 1084 3744 in
1102 3695 1157 3746 Bes.
1186 3697 1307 3751 Varamos
1325 3705 1428 3894 mss

317 3763 371 3814 Col.
416 3760 441 3810 9.
459 3776 486 3810 sc
504 3762 634 3823 scripsisse
653 3762 689 3811 erl.
706 3762 825 3826 leopoldi.
872 3752 910 3811 10!
928 3775 989 3826 quse
1007 3763 1062 3826 quis
1081 3764 1147 3813 obcd.
1183 3765 1239 3829 quia
1257 3764 1314 3824 (tr)

315 3836 336 3877 et
355 3828 472 3891 leopoldi.
509 3843 570 3891 quac
590 3829 612 3877 G.
668 3828 708 3878 tt.
726 3836 750 3877 et
767 3828 811 3877 BG.
859 3826 898 3877 tt.
918 3828 1040 3887 iustitiam,
1060 3829 1081 3878 ei
1100 3830 1181 3893 utiquc
1199 3830 1310 3881 obveniet
1327 3830 1372 3880 rlts

315 3896 430 3957 iristitiam
448 3895 486 3945 cni
504 3898 536 3954 d,
557 3896 737 3947 Folollrsioos.
792 3893 831 3949 1³.
855 3895 989 3947 restituitur
1012 3897 1070 3959 quid
1094 3899 1139 3947 nisi
1164 3903 1196 3960 ι,
1216 3899 1281 3953 roto.
1298 3899 1428 3969 ordesos

316 3960 375 4013 Nam
394 3969 417 4014 et
434 3962 555 4024 subiungit
573 3964 596 4011 d.
658 3963 698 4013 15.
717 3963 838 4013 virillcsvit
856 3963 903 4012 BC.
926 3963 1048 4017 Vaticanus
1064 3971 1167 4030 sterque.
1230 3965 1269 4015 to.
1288 3981 1336 4031 qus
1352 3962 1428 4061 Fu!

317 4029 356 4078 tt.
374 4030 462 4077 etenim
482 4030 524 4079 BG.
546 4029 667 4080 Vaticanus
685 4038 788 4094 uterque.
823 4030 887 4079 enim
905 4031 998 4094 reliqui.
1052 4029 1091 4080 18.
1110 4032 1224 4081 iustitiam
1242 4034 1279 4083 cd.
1404 4034 1408 4047 “

316 4136 394 4182 sutem
414 4136 481 4178 ortua
500 4129 672 4192 etqualitstum
689 4130 780 4193 ipsius:
799 4137 877 4190 ortos,
929 4139 983 4194 pter
1007 4132 1121 4185 delictum
1148 4134 1218 4192 (adeo
1243 4148 1291 4183 non
1317 4130 1427 4203 animos,-

315 4198 370 4261 quia
396 4210 443 4244 non
470 4210 497 4244 cx
521 4197 614 4245 sesninc
641 4211 761 4261 peraeque
779 4205 806 4247 ιι
823 4211 878 4258 nos,
929 4200 1040 4262 corporis
1058 4214 1124 4255 mors
1143 4200 1198 4260 est),
1223 4199 1325 4263 spiritns
1347 4216 1359 4249 s

315 4263 465 4327 qualitatum,
491 4265 546 4328 quia
565 4278 612 4314 non
632 4264 774 4315 estsimilis
792 4278 876 4314 earum
929 4277 1029 4330 propter
1047 4268 1170 4328 iustitiam,
1189 4269 1210 4321 ei
1229 4207 1428 4335 utiqnaobrm

316 4331 420 4393 conditio
445 4332 542 4393 inipso
567 4333 692 4381 scrobis.
716 4331 877 4391 (fulcoius.)
929 4341 1029 4399 propter
1046 4335 1170 4397 iustitiam,
1189 4335 1244 4385 col“
1264 4343 1319 4387 cert
1413 4324 1428 4357 '¹⁴

315 4398 404 4447 Rellnri
430 4399 540 4448 dissimili
563 4399 593 4446 dc
621 4399 758 4462 dissimilis,
787 4409 813 4449 nt
837 4414 877 4449 re-

315 4466 433 4528 spondeat
457 4465 525 4514 alteri
550 4465 652 4514 ablativo
678 4468 758 4528 simili,
787 4467 828 4530 qui
853 4468 876 4516 in

315 4534 390 4596 priori
409 4533 517 4580 membro
536 4533 676 4596 praecessit.
703 4536 827 4584 Sententia
842 4542 879 4584 est

315 4609 407 4655 stila.

330 4616 372 4724 plv.
391 4666 428 4717 cni
448 4680 514 4715 mors
532 4659 639 4731 obvenit]
666 4667 693 4717 Ei
720 4668 815 4721 obvenit
840 4669 877 4719 cui

316 4749 381 4786 mors
407 4733 502 4787 obvenit
529 4740 584 4785 cett.
633 4734 749 4796 llipsltios
779 4744 877 4800 recepta
963 4739 986 4787 d.
1006 4738 1051 4789 dici
1071 4734 1146 4805 capit]
1164 4738 1202 4791 Cf.
1220 4738 1312 4791 adnott
1330 4738 1360 4789 sd
1378 4728 1428 4797 bol

315 4802 390 4853 Fulvii
406 4800 485 4857 Ursini
502 4800 657 4867 suppletione
675 4801 782 4855 distinxit
799 4818 877 4869 „pro·
929 4806 954 4859 in
967 4806 1089 4864 Persecnt.
1107 4821 1161 4873 cop.
1172 4806 1195 4857 l.
1213 4815 1238 4859 et
1253 4805 1367 4875 sdlpol.
1383 4818 1428 4875 cop

963 4451 983 4484 c.
1003 4430 1147 4500 restituitur]
1172 4434 1287 4499 lntclleqs
1306 4448 1402 4500 corpus.
1426 4454 1428 4465 ·

930 4517 992 4566 opus
1010 4502 1082 4564 igitur
1099 4511 1150 4552 erst
1167 4517 1221 4552 cnm
1234 4503 1428 4555 Fulviollrsiaot

930 4585 977 4634 que
988 4571 1089 4632 Ripaltio
1107 4572 1242 4621 rescribere
1257 4572 1428 4637 „restituitorq

930 4639 975 4687 nisi
994 4636 1062 4703 qui.“
1424 4650 1428 4667 ··
