3242 5775
303 601 371 671 370
560 620 663 672 comat
685 618 818 663 ffl’fflll
838 618 1006 662 rnonnttrts
1028 616 1226 663 ramulam

308 789 344 834 ex
364 768 457 832 nihilo
480 768 556 831 edita
577 768 610 829 in
633 767 785 830 ¹‘nibilum
807 774 995 846 perventura.
1048 766 1093 828 Ex
1114 775 1235 829 aeterna
1257 765 1354 840 enim,
1382 767 1482 830 idest
1519 791 1521 829 τ

307 887 344 932 ox
365 868 504 943 materia,
526 865 600 930 nibil
621 868 695 931 deus
717 868 866 930 interibile
887 867 1022 940 lecisset,
1044 885 1100 928 nec
1121 885 1157 928 ex
1179 867 1343 928 maioribus
1364 868 1484 931 minora
1515 909 1519 928 .

206 1009 208 1014 -
301 969 506 1044 -condidisset,
529 970 575 1030 oni
597 969 692 1047 magis
715 975 859 1047 congruat
880 986 916 1029 ex
937 966 1104 1030 minoribus
1118 966 1231 1028 maiora
1246 967 1430 1047 producere,
1452 967 1483 1030 id
1514 995 1521 1032 ι

307 1078 355 1132 est
376 1088 411 1131 ex
433 1069 573 1131 interibili
594 1078 758 1131 aeternum.
793 1067 881 1141 Quod
904 1075 934 1129 et
955 1068 1037 1129 carni
1057 1077 1180 1130 nostrae
1200 1068 1373 1148 pollicetur,
1396 1070 1481 1131 cuins
1513 1095 1521 1136 ι

307 1169 451 1230 ¹‘virtutis
475 1177 506 1230 et
525 1169 684 1250 potestatis
707 1187 779 1230 suae
801 1167 881 1229 buno
908 1167 966 1229 iam
991 1167 1196 1230 ¹⁷arrabonem
1223 1168 1369 1234 voluitin
1391 1169 1480 1231 nobie
1512 1197 1521 1238 ι

306 1268 483 1345 collocasse,
517 1278 551 1331 ut
581 1269 735 1331 credamus
763 1268 851 1329 etiam
879 1264 968 1329 illnm'
982 1267 1205 1329 universitatem
1228 1287 1264 1330 ex
1286 1268 1379 1330 nihilo
1400 1270 1483 1332 velut
1513 1301 1521 1342 ι

306 1378 488 1442 emortuam,
511 1388 586 1449 qarae
608 1367 720 1430 scilicet
741 1387 801 1454 non
826 1367 932 1442 ¹'erat,
955 1367 985 1428 in
1008 1367 1082 1441 boc,
1105 1376 1138 1428 ut
1160 1376 1259 1442 esset,
1282 1370 1457 1433 suscitasse.
1508 1417 1513 1438 .

155 1491 296 1550 captur.
391 1470 433 1531 lle
456 1478 556 1531 cetero
579 1488 650 1532 vero
666 1476 745 1530 statu
760 1468 917 1541 materiae,
941 1468 997 1529 etsi
1012 1486 1074 1529 non
1090 1478 1137 1529 est
1152 1470 1369 1532 retractandum
1385 1471 1480 1551 (prius
1507 1488 1519 1524 :¹

306 1570 385 1633 enim
407 1580 470 1632 erat
491 1577 525 1633 ut
546 1587 610 1630 eam
634 1587 703 1631 csse
724 1576 905 1645 constaret),
930 1576 1027 1629 nmen
1050 1586 1084 1629 ac
1106 1568 1132 1629 si
1155 1568 1338 1644 constiterit,
1370 1589 1480 1650 perse·
1508 1591 1519 1647 a

212 1715 216 1726 .
304 1670 439 1750 quendus
468 1678 516 1731 est
543 1669 635 1742 ordo,
668 1687 728 1748 quo
757 1670 852 1748 magis
881 1687 946 1730 eam
974 1686 1036 1729 non
1064 1687 1133 1730 esse
1165 1669 1297 1731 'constet
1318 1670 1404 1732 cuius
1426 1689 1483 1734 nec
1514 1709 1521 1749 p

281 1770 452 1850 ''reliquus
484 1776 579 1831 status
611 1768 771 1843 consistat,
808 1768 897 1830 simul
925 1777 958 1829 ιιι
985 1768 1209 1830 contrarietates
1238 1786 1309 1831 suas
1338 1780 1483 1848 agnoscat
1509 1805 1521 1852 t

303 1870 521 1949 Hermogenes.
564 1869 678 1942 Prima,
707 1869 818 1947 inquit,
850 1869 924 1930 iacie
945 1868 1060 1930 ridetur
1081 1867 1168 1930 nobis
1191 1869 1389 1949 incorporalis
1411 1889 1510 1934 esse.

240 2013 242 2018 -
305 1970 446 2044 materia;
478 1968 623 2048 exquisita
649 1979 748 2031 autem
770 1969 887 2030 ratione
912 1977 992 2031 reota
1020 1968 1169 2031 invenitur
1195 1987 1292 2048 neque
1314 1971 1483 2050 corporalis
1510 1992 1521 2052 τ,

304 2089 403 2150 neque
424 2069 629 2149 incomoralis.
668 2069 751 2141 Quae
774 2077 821 2131 est
843 2069 900 2130 ista
921 2069 998 2131 ratio
1020 2077 1118 2142 recta,
1141 2087 1215 2147 quae
1236 2069 1309 2129 nibil
1332 2071 1406 2132 recti
1428 2090 1483 2134 re·
1510 2105 1516 2146 ι

302 2171 435 2244 nuntiat,
463 2169 493 2231 id
515 2168 655 2231 estnihil
677 2168 774 2230 certil
816 2168 879 2230 Nisi
902 2168 988 2230 iallor
1016 2169 1110 2242 enim,
1142 2170 1241 2234 omnis
1263 2188 1313 2230 res
1334 2177 1387 2232 aut
1408 2189 1482 2234 cor·
1515 2195 1521 2236 ι

302 2269 415 2351 poralis
438 2268 507 2331 ’aut
527 2270 724 2350 incorporalis
746 2269 787 2330 sit
808 2287 934 2330 necesse
956 2276 1004 2330 est
1025 2272 1070 2344 (ut
1085 2270 1244 2331 concedam
1267 2270 1387 2350 iuterim
1410 2290 1485 2336 esso
1517 2314 1521 2348 ,

296 2351 412 2451 ¹aliquid
442 2370 629 2452 incorporale
657 2369 694 2431 de
722 2369 897 2432 substantiis
919 2370 1083 2443 duntaxat,
1117 2388 1185 2431 cum
1217 2370 1283 2449 ipsa
1311 2371 1521 2436 substantia.

302 2488 411 2551 corpus
432 2471 473 2532 sit
493 2472 537 2533 rei
559 2471 731 2551 cuiusque),
760 2479 841 2531 certe
868 2477 938 2549 post
965 2469 1121 2548 corporale
1143 2479 1174 2531 et
1194 2469 1383 2549 incorporale
1406 2472 1484 2536 nibil

302 2570 434 2631 tertium.
478 2572 538 2650 lige
560 2589 639 2633 nunc
660 2571 700 2632 sit
722 2580 752 2633 et
772 2571 908 2645 tertium,
937 2571 1018 2649 quad
1040 2570 1088 2631 illa
1109 2577 1189 2631 recta
1211 2571 1287 2632 ratio
1309 2571 1482 2654 Hermoge-

301 2669 388 2731 niana
410 2671 606 2751 compererit,
628 2671 720 2749 ‘quae
743 2690 839 2750 neque
861 2671 1046 2749 corporalem
1064 2689 1162 2749 neque
1177 2669 1397 2749 incorporalem
1412 2693 1481 2739 ma·

301 2769 406 2832 teriam
429 2771 513 2843 lacit,
535 2771 587 2833 nbi
609 2770 680 2832 est?
709 2772 795 2849 quale
818 2770 888 2832 esti
916 2771 986 2851 quid
1008 2770 1152 2833 vocaturi
1179 2771 1249 2851 quid
1272 2771 1485 2837 describitur?

301 2870 372 2949 quid
399 2869 602 2951 intellegitur?
644 2870 788 2933 l'lantum
811 2871 870 2934 hoe
890 2873 966 2935 ratio
989 2871 1185 2946 renuntiavit,
1213 2891 1269 2934 nec
1290 2874 1500 2954 corporalem

302 2971 457 3032 materiam
479 2990 535 3033 nec
556 2971 784 3049 incorporalem.

151 3094 301 3152 mxxxvi
388 3071 448 3133 Sed
471 3089 539 3133 ecce
557 3072 737 3132 contrarium
755 3072 894 3144 ¹subicit,
917 3081 968 3134 aut
990 3072 1045 3133 alia
1067 3072 1197 3133 tortasse
1220 3072 1295 3134 ratio
1318 3074 1347 3134 oi
1370 3092 1520 3137 ocurr-

300 3171 355 3245 rit,
379 3190 414 3232 ex
436 3179 521 3252 parte
542 3171 728 3250 corporalem
751 3173 925 3234 renuntians
946 3172 1100 3235 materiam
1122 3180 1210 3233 etex
1231 3181 1316 3252 parte
1331 3173 1521 3255 incorpo—

300 3256 402 3334 ralem.
435 3272 496 3332 lam
519 3288 591 3350 ergo
613 3270 668 3332 'ne
689 3281 827 3332 neutrum
849 3272 904 3344 sit,
926 3279 1085 3351 utrumque
1100 3272 1223 3334 materia
1238 3273 1389 3335 censenda
1407 3285 1458 3337 est
1480 3272 1521 3337 1

301 3371 365 3434 Erit
386 3372 466 3434 enim
487 3371 653 3451 corporalis
676 3380 706 3432 et
727 3370 924 3451 incorporalis
946 3371 1088 3433 adversus
1106 3372 1356 3434 renuntiationem
1378 3372 1521 3436 'reai-

299 3472 481 3552 procationis
504 3472 613 3545 illius·,
641 3472 728 3550 plane
757 3472 902 3533 rationem
930 3490 991 3533 non
1013 3470 1182 3535 ⁴reddentis
1205 3474 1372 3534 sententiae
1395 3490 1521 3545 sune,

304 3618 343 3672 lb.
363 3623 437 3671 nihilo
455 3624 498 3672 tn.
552 3621 591 3672 lb.
610 3622 702 3671 virtutis
721 3630 744 3671 et
762 3623 889 3686 potestatis
908 3637 967 3672 snae
985 3626 1018 3685 d,
1038 3639 1068 3673 es
1085 3625 1198 3675 cormaiot.
1216 3625 1294 3675 llalrr'r'
1307 3626 1395 3675 llrsirrr'.
1429 3625 1521 3673 vir·

302 3699 352 3739 tute
370 3698 394 3738 et
412 3696 530 3805 potestate
547 3705 591 3738 sua
609 3690 647 3739 fr.
659 3690 747 3738 lunius.
789 3691 886 3739 virtutes
904 3698 928 3739 et
946 3699 1078 3754 potestates
1096 3706 1154 3741 snas
1171 3691 1257 3741 Allobo.
1312 3692 1353 3742 l'l.
1372 3693 1521 3743 sdrahe-

302 3771 357 3805 nem
376 3757 420 3805 ts.
474 3756 637 3805 l.eritdB.

370 3822 428 3884 Cap.
448 3821 530 3870 xxxtt.
575 3821 598 3872 1.
617 3825 752 3881 constatl.
806 3823 830 3872 2.
850 3823 958 3887 reliquos
975 3823 1080 3887 (reliquo
1099 3823 1135 3883 ll.)
1153 3831 1216 3874 statn
1234 3825 1278 3873 ΔΒ.
1331 3823 1355 3875 3.
1375 3833 1415 3877 ant
1450 3824 1521 3873 in·

303 3889 438 3952 corporalis
456 3888 576 3955 orselli..
607 3888 632 3937 4.
651 3891 715 3952 qnod
734 3891 778 3940 tlt.
831 3891 854 3939 b.
874 3898 953 3939 tamen
972 3893 1086 3952 latinius,
1104 3893 1168 3955 apud
1184 3892 1317 3941 Pometiam.

371 3955 429 4017 Cap.
448 3955 544 4003 xxxvt.
581 3954 603 4003 l.
621 3958 748 4005 subiicitur
765 3958 789 4007 d.
826 3957 850 4006 2.
869 3972 899 4005 ns
917 3965 1027 4007 neutrum
1046 3958 1077 4006 sit
1095 3960 1184 4015 (eitonr
1201 3960 1242 4017 bl,
1263 3966 1393 4023 utrumque
1408 3946 1521 4009 abd

303 4036 333 4071 ne
352 4030 431 4069 ntrnm
455 4022 485 4069 sit
509 4030 637 4085 utramque
654 4024 679 4072 A.
724 4038 804 4072 nonne
829 4033 908 4073 utrum
932 4026 963 4073 sit
987 4035 1115 4089 utrumqne
1138 4025 1164 4073 tt.
1186 4025 1317 4087 Vaticanus,
1336 4027 1374 4076 Fr.
1389 4022 1521 4076 lar-5⁸¹

303 4103 384 4138 nonne
403 4098 531 4150 utrumqne
551 4091 664 4140 latinius.
709 4089 732 4138 ³.
752 4092 950 4154 reciprocationis
969 4092 1029 4149 dtis
1046 4107 1128 4156 marp,
1146 4094 1172 4141 ιιι
1189 4093 1261 4155 fallor
1278 4108 1309 4141 es
1325 4095 1405 4144 codice
1424 4084 1521 4140 1151η

303 4158 439 4217 rauptenstt.
462 4156 591 4206 Vaticanus.
626 4158 709 4207 Probat
727 4158 764 4272 FB
778 4159 867 4208 laniare.
902 4158 1078 4222 reciproritalis
1095 4160 1120 4208 A.
1157 4160 1319 4222 reparationis
1337 4160 1363 4209 ll.
1396 4156 1521 4209 recu*

303 4224 403 4272 rationis
421 4225 487 4272 abad.
538 4223 563 4272 4.
582 4224 710 4273 reddentes
726 4225 743 4273 d
764 4260 770 4273 .

337 4322 395 4384 Cap.
414 4322 508 4371 lllllll'l.
536 4323 866 4388 a.,reeiproeatianisillius]
916 4340 978 4390 quse
1004 4327 1059 4375 inde
1085 4326 1115 4374 ab
1142 4326 1217 4376 altera
1242 4327 1350 4378 lllasnani
1373 4320 1521 4391 edissff,

303 4389 403 4437 llestitui
422 4399 525 4439 vaterem
545 4391 615 4437 buius
640 4391 686 4439 loci
710 4393 867 4453 scripturam,
915 4394 1028 4450 obtinuit,
1056 4395 1200 4457 scripturam
1234 4405 1334 4455 „rectae
1358 4388 1520 4445 rartom‘

303 4462 326 4503 et
345 4456 492 4518 interpretor
508 4459 711 4519 reciprocationem
731 4461 865 4510 sententiae
916 4460 946 4510 dc
971 4462 1108 4509 Goraiensis
1131 4462 1223 4512 codicis
1245 4463 1395 4522 anctoritate,
1452 4452 1521 4499 ¹¹⁶

302 4521 377 4580 illius,
397 4527 520 4572 materiam
540 4538 594 4571 esse
613 4527 765 4587 corporalem
784 4535 807 4576 et
826 4528 864 4577 in·
915 4528 945 4576 de
958 4529 1054 4590 ingenio
1067 4529 1183 4588 llbenani,
1202 4530 1338 4591 protectam
1355 4518 1521 4580 consu*¹

301 4590 486 4650 corporalem,'
506 4591 686 4640 conversionem
723 4597 864 4656 negativam,
914 4595 938 4644 in
958 4597 1020 4645 banc
1038 4611 1076 4645 ms
1100 4599 1181 4658 potius
1205 4598 1377 4647 inclinaturam
1400 4582 1521 4645 tib⁰¹

300 4658 425 4706 materiam
445 4656 554 4706 videlieet
572 4673 626 4707 esse
649 4675 726 4722 neqne
745 4676 863 4725 corpora·
913 4665 1039 4725 protiteor.
1065 4665 1152 4714 Generi
1170 4664 1421 4715 Tertullianeoenin
1472 4650 1521 4691 '⁴

298 4723 347 4773 lem
366 4739 443 4787 neque
462 4726 649 4787 incorporalem,
669 4728 698 4776 de
716 4744 762 4792 qua
782 4732 860 4792 capite
913 4732 1065 4780 commodata
1084 4739 1149 4781 esset
1175 4733 1257 4782 irrisio
1275 4733 1381 4797 appositi
1398 4714 1521 4781 ω’.

296 4805 441 4854 praegresso
466 4803 618 4858 exposuerat.
662 4796 709 4844 Sed
736 4798 757 4845 si
782 4798 858 4860 illam,
910 4797 949 4846 bri
967 4798 1059 4862 „plane
1075 4803 1189 4850 rationem
1215 4814 1264 4849 non
1282 4802 1400 4851 reddentis
1439 4782 1521 4835 θ’
