3242 5775
538 626 577 669 ns
599 626 843 670 ucsnnnsorronu
866 627 981 671 connis.
1284 612 1346 675 bil

197 775 222 835 rit
238 774 268 834 in
291 772 417 836 salutern
439 774 520 854 quod
541 793 596 855 per
616 774 858 838 ’contentionem
886 794 971 838 suam
999 776 1192 838 devoraverat
1214 794 1296 838 mors
1317 776 1348 838 in

198 876 334 936 nteritum.

260 976 444 1054 Quamquam
478 975 567 1054 igitur
594 986 826 1038 resurrecturam
854 996 974 1039 carnem
1007 978 1168 1056 probantes
1195 979 1254 1040 boo
1279 977 1346 1057 ipso
1365 997 1470 1056 caper.

197 1094 238 1137 rou
256 1077 341 1137 abam
364 1085 597 1139 resurrecturam
620 1076 782 1156 probemus
806 1097 893 1157 quarn
916 1079 952 1139 de
967 1097 1024 1157 qua
1039 1079 1144 1156 agitur,
1168 1089 1266 1140 tamen
1281 1079 1347 1140 sin·

197 1177 259 1253 piae
279 1178 469 1256 quaestiones
492 1187 522 1239 et
544 1197 650 1239 causae
673 1198 772 1240 earum
795 1178 937 1258 proprios
959 1179 1093 1259 ¹quoque
1119 1179 1250 1258 flagitant
1271 1171 1351 1241 con-⁴

197 1295 311 1354 nesus,
335 1278 404 1340 licet
425 1277 543 1339 aliunde
565 1280 623 1341 iam
646 1292 777 1342 caesae-³.
821 1279 1083 1358 Interpretabimur
1110 1279 1208 1357 itaque
1231 1279 1347 1359 plenius

197 1388 217 1438 et
233 1379 283 1440 rim
305 1380 503 1440 strationem
526 1380 753 1450 demutationis,
784 1399 859 1459 quae
882 1381 974 1441 lerme
996 1380 1203 1441 subministrat
1224 1380 1346 1442 alterius

197 1480 271 1540 urnis
292 1488 513 1541 resurrecturae
535 1482 825 1559 praesumptionem,
863 1482 947 1559 quasi
977 1481 1121 1542 demutari
1150 1480 1349 1543 desineretis

197 1577 320 1643 utetum
343 1591 373 1641 et
395 1581 432 1641 de
453 1582 582 1660 pristino
604 1581 712 1659 perire.
763 1580 965 1642 Discernenda
989 1590 1037 1642 est
1057 1590 1155 1643 autem
1184 1581 1346 1644 demutatio
1385 1592 1397 1616 ·

197 1677 223 1739 rb
239 1683 313 1742 omni
336 1691 510 1759 argumento
532 1681 721 1759 perditionis.
763 1681 849 1742 uliud
872 1682 951 1742 enim
973 1682 1151 1756 demutatio,
1174 1682 1252 1743 aliud
1273 1699 1345 1761 per-

197 1776 259 1841 litio.
290 1782 385 1843 Porro
407 1801 467 1843 non
490 1782 584 1853 aliud,
609 1782 635 1841 si
657 1782 697 1842 ita
720 1781 920 1843 demutabitur
942 1800 1009 1843 caro
1032 1790 1066 1843 ut
1086 1790 1197 1861 pereat.
1234 1781 1348 1844 Peribit

197 1889 272 1942 tutem
292 1882 456 1954 demutata,
494 1884 521 1943 si
550 1901 610 1943 non
639 1882 703 1961 ipsa
731 1883 928 1962 permanserit
954 1883 984 1943 in
1005 1882 1238 1956 'demutationm
1271 1901 1347 1962 quae

197 1982 300 2044 ubibita
321 1983 411 2044 luerit
433 1984 463 2044 in
485 1985 716 2044 resurreetione.
752 1983 1008 2055 Quemadmodum
1032 1984 1111 2044 euim
1133 1983 1220 2062 perit,
1244 1983 1347 2044 sinon

197 2085 313 2163 'esurgit
336 2084 375 2144 ita
399 2092 428 2144 et
450 2084 477 2143 si
497 2084 628 2162 resurgit
642 2085 777 2162 quidem,
800 2104 901 2145 verum
924 2084 953 2144 in
977 2084 1209 2145 demutationem
1231 2083 1345 2145 subdu·

197 2179 267 2255 itur,
288 2202 381 2262 aeque
403 2183 489 2262 perit.
526 2186 627 2263 deque
650 2186 727 2246 enim
744 2186 894 2257 nouerit,
917 2184 967 2245 ³ac
988 2184 1014 2246 si
1035 2203 1096 2245 nou
1117 2184 1346 2246 ‘resurrexerit

197 2276 318 2362 tequam
340 2284 490 2364 ineptum,
514 2285 538 2345 si
563 2285 594 2345 in
616 2286 674 2346 boo
695 2285 824 2364 resurgit
845 2295 879 2345 ut
901 2303 960 2344 non
984 2285 1039 2357 sit,
1071 2303 1145 2364 quae
1168 2284 1264 2363 potuit
1284 2302 1346 2344 nou

197 2384 391 2457 esurrexisse,
414 2386 486 2446 ‘uec
508 2404 595 2459 esse,
619 2386 769 2464 quianon
792 2404 861 2446 esse
883 2385 940 2446 iam
963 2395 1112 2464 coeperet.
1154 2385 1221 2445 Nou
1236 2384 1346 2446 misce·

197 2493 283 2546 tuetur
309 2485 432 2546 omnino
462 2486 595 2556 diversa,
628 2486 751 2547 mutatio
781 2495 869 2564 atque
896 2485 1042 2565 perditio,
1080 2486 1222 2564 operibus
1244 2486 1346 2565 utique

197 2578 300 2646 lirersa.
343 2586 447 2647 Perdit
475 2586 563 2659 baec,
592 2586 641 2647 illa
669 2594 772 2647 mutat.
819 2587 978 2658 Quomodo
1001 2605 1073 2665 ergo
1095 2588 1177 2665 qnod
1199 2586 1346 2665 perditum

197 2692 228 2745 'st
248 2694 390 2748 mutatum
417 2703 478 2745 non
506 2694 569 2759 est,
603 2688 643 2746 ita
671 2686 750 2764 quod
777 2695 923 2747 mutatum
950 2696 999 2746 est
1025 2686 1173 2766 perditum
1206 2705 1267 2747 nou
1289 2695 1346 2749 est.

197 2778 293 2849 lorisse
315 2787 394 2847 enim
418 2785 517 2846 estin
547 2794 641 2847 totum
671 2805 731 2847 non
761 2806 830 2848 esse
859 2786 939 2865 quod
968 2787 1073 2858 luerit,
1106 2795 1251 2848 mutatum
1279 2806 1346 2849 esse

197 2883 337 2950 tlteresse
352 2896 410 2948 est.
441 2887 554 2949 ‘Porro
578 2888 647 2948 dum
669 2890 755 2950 aliter
777 2897 840 2962 est,
862 2888 891 2948 id
915 2888 1015 2966 ipsum
1036 2896 1138 2967 potest
1152 2907 1236 2964 esse3
1258 2888 1348 2951 babet

197 2987 253 3050 edu
279 3008 349 3051 esse
377 2989 458 3068 quod
487 3007 548 3049 non
575 2989 663 3067 perit.
713 2991 904 3051 Mutationem
934 2989 1013 3050 enim
1042 2983 1164 3067 possiunt
1192 2998 1253 3062 est,
1287 3008 1348 3051 non

197 3089 382 3162 perditionem.
427 3090 521 3168 Atque
544 3091 617 3150 adeo
641 3098 742 3169 potest
764 3099 794 3151 ct
815 3073 959 3151 demutari
981 3090 1069 3168 ⁷quid
1090 3090 1137 3150 ⁸et
1158 3090 1256 3169 ipsum
1279 3110 1348 3154 esse

197 3188 384 3262 utominus,
407 3198 439 3251 ut
460 3199 490 3251 et
513 3198 592 3251 totus
615 3191 705 3252 bomo
728 3191 759 3251 in
782 3192 840 3252 boc
862 3210 934 3251 aevo
949 3190 1133 3251 ⁹substantia
1149 3191 1266 3269 quidem
1282 3191 1348 3271 ipse

197 3289 439 3365 monetariam
463 3301 560 3352 tamen
583 3292 766 3364 demutetur,
802 3300 832 3353 et
853 3292 954 3351 babitu
977 3301 1006 3351 et
1028 3291 1091 3369 ipsa
1113 3291 1296 3369 corpulentia
1318 3302 1349 3353 et

197 3390 339 3455 wetino
372 3401 403 3453 et
430 3392 602 3453 condicione
636 3402 666 3453 et
694 3393 834 3470 dignitate
863 3403 892 3453 et
919 3400 1031 3462 aetate,
1065 3391 1181 3464 studio,
1215 3391 1346 3468 negotio,

197 3493 313 3565 etune,
344 3493 549 3565 facultatibus,
585 3493 722 3565 sedibus,
756 3493 889 3571 legibus,
923 3490 1073 3563 moribus,
1109 3509 1165 3551 nec
1192 3492 1347 3570 quicquam

197 3610 274 3656 men
295 3594 438 3656 '⁰amittat
459 3594 605 3666 bominis,
635 3613 689 3654 nec
712 3596 751 3654 ita
775 3593 878 3654 ¹¹alins
902 3592 1072 3653 ¹²elliciatur
1095 3600 1126 3651 ut
1148 3601 1247 3653 cesset
1267 3592 1347 3654 idem

197 3712 259 3764 ste,
281 3697 372 3757 immo
396 3714 452 3755 neo
475 3695 597 3755 ¹²¹³alius
621 3696 778 3767 efficiatur,
802 3695 857 3755 sed
878 3693 966 3755 aliud.
1002 3692 1085 3753 lianc
1099 3692 1224 3752 sormam
1240 3693 1345 3755 demu-

197 3794 293 3859 atiouis
314 3795 411 3858 divina
434 3795 521 3856 etiam
545 3795 720 3855 documenta
744 3804 899 3856 testantur.
935 3795 1063 3854 Mutatur
1086 3788 1448 3894 ¹³bloysimanus,1,¹,³,¹g⁸lq2

197 3898 343 3976 ominem
365 3897 402 3958 ad
425 3898 519 3957 instar
541 3905 709 3967 emortuae,
744 3897 902 3975 exsanguis
933 3895 990 3955 ¹⁴et
1019 3894 1196 3965 ¹⁵exalbida‚
1233 3895 1349 3974 frigida,

197 3997 231 4057 cd
251 4007 282 4060 et
300 4009 421 4078 recepto
446 3998 543 4058 calore
566 3992 596 4058 et
618 3999 718 4058 refuso
748 3997 849 4057 colore
879 3996 981 4056 eadem
1004 4015 1072 4056 caro
1095 4006 1123 4057 ct
1146 3998 1267 4074 sanguis
1290 4007 1346 4059 est.

197 4153 209 4195 l·
222 4152 394 4200 mtentionem
414 4165 482 4198 suam
501 4149 655 4199 devoraverat
672 4150 710 4198 Fr.
721 4150 808 4198 iunius.
846 4149 1023 4197 contentionem
1035 4155 1099 4195 tuem
1110 4148 1261 4197 decoraverat
1271 4149 1349 4208 scca,

198 4221 352 4267 motionem
372 4219 527 4267 devoraverat
545 4219 638 4279 reliqui.

244 4285 362 4349 CopLV.
418 4285 439 4334 l.
459 4299 568 4348 quosque
587 4286 638 4333 cod.
656 4284 830 4332 inclementis.
884 4282 906 4330 2.
926 4282 1113 4330 demutationem
1132 4281 1192 4330 lut.
1238 4284 1260 4333 3.
1281 4289 1348 4337 sesi

198 4351 269 4411 dede
285 4356 334 4403 cod.
352 4353 387 4402 lo.
399 4354 527 4402 Clementis.
563 4353 583 4400 si
601 4353 694 4415 reliqui.
735 4351 759 4398 1.
779 4353 910 4399 resurrexit
928 4349 952 4397 u.
995 4349 1018 4397 5.
1037 4363 1138 4397 necesse
1155 4349 1215 4399 ABG.
1257 4352 1280 4402 6.
1299 4356 1348 4404 Sed

197 4420 342 4470 mildo.
395 4420 418 4468 ’1.
439 4420 546 4482 qoodB.
599 4418 782 4467 8.etom.lB.
842 4417 866 4467 9.
885 4417 1032 4466 substantioe
1050 4416 1146 4479 quidem
1166 4417 1217 4478 ipse
1237 4420 1261 4468 B.
1310 4422 1348 4471 10.

198 4487 267 4536 unat
285 4484 391 4536 bominis
410 4490 461 4537 bod.
503 4487 611 4535 rdmittat
629 4487 719 4535 bomini
738 4485 814 4534 illico.
878 4485 917 4532 ii.
937 4484 1002 4532 eliud
1019 4499 1047 4544 o,
1068 4484 1096 4531 de
1114 4484 1203 4533 duobus
1224 4487 1348 4538 Vaticanis.

201 4550 354 4604 2rllltietur
372 4556 418 4615 cd„
444 4557 540 4605 decod.
559 4555 592 4603 lo.
613 4554 740 4603 Clenrentis.
782 4553 885 4601 elllcitur
910 4552 1004 4614 reliqui.
1064 4549 1129 4600 ttb.
1156 4551 1220 4602 aliod
1238 4556 1263 4603 A.
1308 4555 1348 4605 id.

197 4623 311 4672 metuo.
354 4622 467 4671 mnisiB.
510 4622 569 4670 llosi
588 4623 611 4669 d.
676 4621 714 4669 11.
741 4628 764 4670 et
789 4622 848 4670 delet
873 4621 910 4669 Fr.
925 4621 1014 4668 lanias.
1073 4618 1112 4666 15.
1137 4618 1216 4668 albida
1245 4622 1279 4671 bc.
1321 4635 1349 4670 ex

211 4821 322 4890 topbt.
355 4837 377 4874 ι.
396 4822 451 4874 licet
467 4824 563 4876 oliuude
582 4826 628 4874 iam
643 4818 748 4889 caesae]
767 4823 793 4872 id
806 4831 843 4872 est
856 4822 1004 4887 profligatae.
1024 4820 1059 4872 ct
1070 4835 1144 4886 supro
1155 4834 1223 4886 copp.
1232 4819 1262 4869 41
1278 4814 1349 4869 ott.
