3242 5775
495 645 536 702 ¹,
591 617 899 670 mmemsomroe.
1079 565 1101 590 Α
1208 581 1214 592 ’
1271 605 1336 682 107
1380 625 1382 630 ·

156 767 286 847 implens
300 747 425 828 ¹onlnem
447 774 573 841 terram,
595 767 673 848 apud
694 765 846 832 Danielem
867 719 1018 832 osmer.
1064 768 1199 852 lienique
1219 789 1255 836 ex
1275 772 1482 840 oscen-us.-

158 869 248 929 ‹lomo
271 866 319 928 (lei
333 865 420 927 lacob
443 867 531 928 etiam
553 866 649 946 legem
669 886 776 932 novem
797 886 1010 949 processuram
1023 870 1217 950 euenum
1230 872 1331 936 verbis

155 969 314 1031 annuntiat
334 966 455 1036 Esaias,
477 967 596 1043 dicens,
621 968 663 1030 lle
685 967 787 1032 ⁸‘Sion
808 970 888 1032 euim
910 969 989 1034 exiet
1008 970 1057 1032 lex
1077 978 1108 1033 et
1127 971 1251 1036 verbum
1271 972 1330 1036 (lo-
1343 985 1480 1046 tuusne.

156 1069 230 1130 mini
253 1087 288 1130 ex
311 1068 522 1140 Hierusalem,
542 1077 572 1130 et
592 1068 734 1131 iudicabit
754 1069 835 1131 inter
854 1076 976 1149 gentes,
1004 1070 1035 1132 it
1062 1079 1111 1134 eet
1136 1071 1219 1136 inter.
1235 1061 1332 1149 ”noe

155 1171 266 1249 quiex
289 1159 426 1247 gentibus
448 1187 550 1231 sumus
572 1169 712 1248 ”uocant
736 1179 765 1232 et
786 1169 960 1244 concident,
987 1168 1099 1249 inquit,
1122 1171 1237 1250 gurim
1258 1191 1333 1238 suos

154 1269 188 1330 in
210 1276 306 1330 aratra
328 1278 368 1345 et„
379 1269 496 1330 lanceas
519 1288 590 1332 suas
612 1270 642 1331 in
665 1270 770 1344 luces,
793 1279 825 1332 et
845 1287 906 1332 uon
921 1270 1136 1351 acumetqene
1150 1287 1332 1358 superum·-

153 1379 216 1432 tem
238 1369 382 1449 gladium,
416 1378 446 1430 et
463 1369 524 1430 iam
554 1388 616 1432 non
637 1369 783 1432 ”discent
809 1369 981 1451 ”pugnare
1034 1369 1094 1444 Qui
1121 1371 1214 1451 igitur
1239 1371 1333 1436 intel·

153 1471 295 1548 leguntur
321 1470 371 1531 alii
401 1488 489 1549 quam
517 1488 591 1542 nos,
630 1471 679 1549 qui
713 1488 788 1531 nom
819 1470 884 1549 lege
911 1469 1009 1534 edomi
1039 1469 1098 1533 ista
1124 1471 1332 1549 observamus,

155 1570 312 1632 obliterata
334 1571 428 1632 veteri
449 1571 530 1649 lege,
562 1571 647 1633 cuius
669 1570 910 1633 ”tabouuonem
932 1572 1061 1634 llrturem
1082 1583 1166 1635 aetus
1187 1573 1256 1654 ipse
1274 1574 1331 1638 tle·

153 1668 326 1734 monstrat?
368 1669 442 1731 Nam
465 1677 549 1732 vetus
571 1671 617 1732 lex
640 1655 759 1733 ultione⁸
780 1671 868 1751 gladii
891 1689 925 1732 sc
946 1671 1130 1746 vindicabat,
1158 1680 1191 1735 ct
1211 1673 1332 1738 ouu-

154 1790 213 1852 pro
236 1771 322 1833 oculo
346 1769 483 1841 eruebat,
512 1781 541 1832 et
562 1771 719 1833 vindictam
742 1771 869 1833 iniuriae
895 1770 1095 1845 retribuebant
1126 1788 1204 1834 uova
1230 1779 1332 1836 eutem

152 1873 230 1934 ⁴⁰lex
253 1872 437 1933 clementiam
461 1870 650 1950 designabat,
679 1880 709 1934 ct
729 1872 886 1951 pristinam
908 1872 1092 1934 lucentem
1113 1871 1280 1952 grauiorum
1300 1877 1333 1938 u

153 1972 322 2034 lancearum
351 1972 387 2032 ad
417 1971 657 2051 tranquillitatem
685 1972 892 2045 convertebat,
929 1971 990 2035 “et
1016 1970 1086 2042 belli
1112 1971 1270 2058 pristinem
1298 1973 1332 2036 iu

153 2074 289 2134 aemulos
311 2072 386 2166 legis
409 2080 438 2132 et
458 2072 564 2134 hostes
587 2072 807 2133 exsecutionem
829 2072 861 2133 in
875 2072 1042 2152 ⁴²quacillcos
1056 2079 1140 2136 actus
1159 2073 1332 2156 manducet
1433 2139 1441 2154 ,

153 2173 297 2236 colendae
318 2180 416 2234 terrae
436 2172 626 2234 relormabat.
671 2172 779 2251 igitur,
809 2170 887 2234 sicut
908 2191 999 2253 supra
1022 2172 1226 2248 ostendimus,
1247 2171 1331 2264 quod
1431 2215 1434 2224 ·

152 2281 239 2335 vetus
259 2273 307 2335 lex
329 2282 359 2333 ct
379 2272 567 2334 circumcisio
589 2272 716 2335 carnalis
744 2282 895 2334 cessatura
920 2271 1112 2351 pronuntiate
1132 2282 1211 2348 est,
1231 2273 1272 2336 ite
1300 2279 1333 2336 et

151 2373 343 2452 novaelegis
365 2381 395 2434 et
416 2372 559 2452 spiritalis
581 2372 816 2435 circumcisionis
838 2372 1027 2438 observantia
1044 2372 1076 2434 in
1089 2372 1172 2453 pacis
1186 2369 1331 2453 obsequie

153 2474 255 2535 eluxit.
299 2473 431 2552 Populus
454 2474 548 2546 enim,
576 2473 700 2552 inquit,
715 2489 803 2552 quem
831 2490 894 2533 uon
915 2490 1072 2547 noveram,
1100 2472 1224 2536 servivit
1242 2471 1327 2549 milri,
1340 2465 1459 2573 lfflfl·

151 2576 186 2635 iu
212 2574 382 2636 “obauditu
411 2574 493 2635 auris
520 2556 700 2634 ⁴¹‘ohaudivit
730 2572 815 2635 milri.
868 2572 1036 2653 Prophetae
1069 2573 1329 2638 annuntiaverunt.

154 2676 231 2748 Quis
253 2683 350 2735 autern
372 2675 503 2753 populus
531 2673 580 2753 qui
608 2674 697 2735 deum
723 2672 893 2752 ignorabat,
927 2672 986 2734 nisi
1015 2681 1138 2748 noster,
1167 2672 1221 2754 qui
1246 2679 1329 2737 retm

152 2776 242 2837 deum
259 2772 494 2836 nesciebamus?
528 2773 647 2853 etquis
669 2773 700 2835 in
722 2772 825 2835 auditu
851 2772 933 2835 auris
959 2773 1082 2836 ⁴‘audiit
1103 2772 1148 2847 ci,
1179 2771 1239 2860 niel
1260 2791 1329 2849 noe,

151 2877 205 2958 qui
227 2875 338 2938 relictis
355 2866 449 2938 idolis
470 2874 507 2935 ad
530 2874 618 2937 deum
640 2874 778 2936 conversi
800 2871 929 2937 sumus‘l
968 2872 1175 2948 Nam'lsrael,
1197 2861 1248 2955 qui
1269 2873 1327 2937 deo

151 2979 247 3039 suerat
270 2975 422 3054 cognitus,
451 2975 560 3055 quique
581 2975 618 3037 ab
640 2993 677 3037 eo
698 2975 730 3036 in
750 2976 882 3056 Aegypto
909 2975 1053 3038 exaltatus
1079 2976 1191 3050 luerat,
1223 2982 1254 3038 et
1273 2992 1330 3054 per
1431 2998 1435 3005 ·

151 3078 346 3158 Erythraeum
368 3077 505 3156 pelagum
528 3086 711 3139 transvecuus
733 3083 795 3150 est,
819 3076 929 3156 quique
952 3076 983 3137 in
1005 3093 1107 3138 eremo
1120 3092 1229 3139 manna
1244 3075 1328 3139 cibe·

152 3189 202 3240 tus
231 3178 297 3239 “m
319 3178 406 3238 annis
437 3177 474 3238 ad
501 3177 596 3238 instar
627 3177 811 3238 aeternitatis
834 3177 989 3249 redactus,
1022 3193 1079 3238 nec
1098 3174 1236 3239 humanis
1256 3193 1329 3255 poe·

151 3277 290 3340 sionibus
312 3278 558 3339 ‘’contaminatus
581 3285 631 3337 aut
653 3277 762 3338 saeculi
785 3276 874 3339 huius
889 3275 994 3338 ⁴'cibis
1012 3283 1136 3355 pastus,
1158 3275 1212 3338 soll
1234 3266 1486 3377 fflssffiqffffim

150 3380 251 3441 lorum
283 3377 409 3459 panibus
442 3384 550 3439 manua
584 3377 697 3439 cibatus
729 3376 863 3455 satisque
895 3375 1048 3438 beneficiis
1081 3375 1137 3436 deo
1170 3374 1328 3453 obligatus,

151 3479 266 3541 domini
289 3488 319 3540 et
340 3479 388 3540 dei
410 3479 457 3540 sui
480 3478 591 3540 oblitus
614 3458 677 3550 est,
709 3475 811 3538 (licens
839 3475 877 3536 ed
896 3476 1013 3546 Aaron,
1046 3474 1106 3534 Fac
1131 3472 1219 3535 nobis
1240 3471 1449 3576 ‹leoqffib

151 3582 202 3660 qui
223 3599 281 3642 nos
303 3579 522 3652 ⁴⁹antecedant3
553 3578 671 3658 Moyses
699 3576 778 3637 enim
807 3574 873 3650 ille,
906 3574 959 3654 qui
985 3591 1042 3635 nos
1070 3573 1156 3635 eiecit
1183 3573 1222 3636 de
1240 3580 1329 3654 ‚terre

152 3682 291 3761 Aegypti,
324 3680 510 3759 ”dereliquit
536 3698 610 3752 nos,
645 3687 675 3737 et
701 3676 773 3757 quid
802 3675 872 3737 l'illi
899 3673 1054 3747 acciderit,
1087 3672 1247 3735 nescimus.
1290 3673 1330 3737 m

152 3783 221 3843 ideo
248 3800 323 3854 nos,
357 3781 407 3860 qul
436 3798 497 3841 non
525 3779 654 3860 populus
683 3777 730 3839 dei
751 3785 853 3850 retro,
885 3774 953 3837 lacti
983 3791 1088 3837 sumus
1109 3773 1240 3854 populus
1261 3773 1328 3837 ciue
1435 3844 1438 3851 ,

150 3881 324 3962 accipiendo
347 3900 453 3941 novam
475 3880 587 3958 legem,
610 3880 728 3959 ⁵²supra
742 3876 866 3952 dicum,
889 3884 920 3938 et
933 3894 1039 3939 novam
1060 3873 1328 3951 circumcisionem,
1444 3895 1447 3901 ·

150 3995 221 4046 ante
241 3983 448 4085 praedictam&

150 4103 194 4154 35.
213 4102 277 4165 syon
296 4102 321 4150 lt.
374 4099 415 4150 ³6.
436 4114 479 4149 eos
498 4101 549 4149 hcet.
601 4097 641 4147 37.
661 4098 707 4146 orti
725 4099 749 4147 l.
809 4095 851 4146 38.
869 4097 981 4147 (licenter
996 4097 1023 4147 ll.
1080 4094 1122 4147 39.
1140 4108 1257 4160 pugnem.
1281 4095 1328 4155 oui

152 4172 225 4232 igitur
242 4164 266 4218 4.
311 4167 434 4232 proeliari.
467 4167 540 4229 lgitnr
557 4167 650 4228 reliqui.
708 4163 772 4214 ³9b.
799 4164 957 4215 obolitionem
974 4164 1018 4214 et.
1076 4163 1118 4213 40.
1136 4163 1174 4213 lex
1190 4178 1235 4214 om.
1252 4162 1329 4216 etat.

154 4239 242 4287 Habent
260 4237 344 4300 reliqui
363 4243 384 4285 et
405 4236 475 4284 l'ctie.
535 4233 576 4293 41.
589 4242 618 4281 et
636 4230 693 4280 belli
712 4232 839 4296 pristinum
866 4233 891 4281 in
915 4230 1026 4280 remulce
1048 4230 1226 4281 onerationem
1244 4228 1328 4295 nquit

151 4306 210 4354 belli
230 4312 254 4352 ct
272 4305 397 4366 pristinam
417 4310 440 4350 et
458 4301 569 4350 aemulos
582 4308 605 4349 et
616 4299 709 4348 hostem
723 4301 864 4349 executione
880 4294 904 4349 λ.
938 4307 963 4348 et
980 4297 1158 4362 bullientium
1175 4297 1200 4347 iu
1218 4297 1328 4348 aemulor

153 4373 214 4434 legis
232 4371 304 4431 (legis
322 4386 365 4419 om.
376 4372 401 4419 l.
414 4369 514 4428 Diuico.)
531 4377 555 4417 et
572 4368 649 4416 noetis
667 4367 761 4425 (hostes
778 4369 803 4416 l.
818 4365 920 4426 llieiou.)
938 4365 1105 4415 executionem
1122 4365 1235 4427 Μοῦσά..
1254 4366 1329 4415 cotlee

151 4441 300 4489 Dieioumrie
318 4444 375 4486 teste
393 4438 500 4498 ltiqcttio.
541 4434 583 4484 42.
602 4434 709 4498 pecitlcis
726 4435 752 4484 4.
770 4435 944 4485 corcelliuiou.
979 4431 1020 4483 43.
1039 4431 1153 4483 obauditu
1170 4426 1210 4482 lu.
1245 4431 1328 4481 ruditu

151 4508 246 4570 reliqui.
268 4503 329 4553 44.
348 4504 470 4552 obaudivit
486 4498 526 4553 ld.
561 4501 665 4551 obedivit
682 4502 775 4565 reliqui.
815 4501 857 4550 45.
875 4493 1005 4550 auditote
1040 4499 1145 4550 obedivit
1157 4500 1250 4564 reliqui.
1284 4496 1329 4549 46.

151 4572 311 4638 quadraginta
330 4573 399 4620 annis
418 4574 469 4620 icit.
526 4569 570 4618 47.
587 4567 762 4619 condemnatus
779 4569 805 4618 4.
854 4566 899 4618 48.
919 4567 986 4617 cilios
1002 4567 1029 4618 4.
1085 4565 1128 4617 49.
1145 4558 1328 4617 antecedenti.
1444 4584 1449 4601 ·

171 4640 301 4690 suecedent
318 4640 410 4702 reliqui.
463 4638 504 4688 50.
523 4636 652 4701 dereliquit
669 4651 714 4686 nos
732 4630 813 4686 om.l.
872 4634 913 4685 et.
931 4634 1046 4685 acciderit
1061 4633 1098 4686 illi
1115 4634 1141 4686 4.
1194 4632 1235 4685 52.
1253 4638 1340 4696 enqre'

150 4657 220 4759 locu
257 4715 280 4755 et
298 4720 372 4769 supra
390 4707 482 4770 reliqui.

187 4824 208 4860 c.
226 4815 282 4856 ente
300 4803 469 4871 praedictum]
496 4806 542 4855 Per
560 4804 657 4869 lloqsen
675 4812 700 4856 et
715 4802 850 4868 prophetes
867 4804 968 4856 scilicet.
984 4800 1177 4935 lfr·lt¹¹¹it¹⁸·}*

1119 4885 1137 4937 4
