3242 5775
522 669 669 715 rovenses
691 670 865 716 umcronmr
885 675 943 718 urn.
959 675 998 718 rr.
1293 669 1356 734 273

229 815 272 880 in
291 817 388 894 iioeus,
425 821 506 900 quod
532 820 671 901 'oportet
699 822 774 884 tradi
805 823 897 884 tilium
925 825 1056 888 hominis
1087 839 1117 890 et
1145 831 1303 912 ¹⁰crueifigi
1326 843 1356 897 et

225 918 285 982 tnta
301 919 341 981 die
359 939 525 1001 resurgere.
556 922 594 984 Et
615 942 706 1002 quare
728 924 899 1003 oportebat,
923 925 980 986 nisi
1003 928 1071 1007 quia
1093 927 1134 989 ita
1156 949 1172 991 a
1195 931 1252 992 deo
1268 951 1353 995 crea-

211 1027 266 1110 pe
276 1020 427 1101 scriptum?
454 1023 548 1103 Igitur
564 1023 753 1102 ¹¹increpavit
774 1024 841 1085 iilos
864 1033 898 1086 ut
919 1025 956 1086 de
978 1027 1041 1089 soto
1062 1030 1204 1108 passione
1226 1034 1352 1096 scanda-

216 1117 304 1198 bos,
325 1132 353 1185 et
372 1131 405 1185 ut
419 1124 527 1185 dubios
543 1124 580 1185 de
595 1124 652 1184 tide
668 1126 896 1187 resurrectionis
912 1127 1102 1190 annuntiatae
1118 1130 1175 1191 sibi
1191 1151 1206 1192 a
1222 1133 1352 1207 seminis,

205 1239 251 1308 qr
264 1242 329 1304 quae
347 1243 409 1286 non
432 1226 618 1286 crediderant
639 1225 737 1303 ipsum
760 1224 854 1284 inisse
877 1243 963 1303 quem
986 1229 1196 1293 existimarant.
1250 1233 1353 1313 ltaque

193 1323 266 1404 pt
284 1324 534 1396 existimaverant,
556 1325 584 1385 id
610 1326 713 1386 voleus
731 1324 837 1386 ¹²credi
862 1344 895 1386 se
918 1345 984 1386 eum
1008 1345 1041 1388 se
1057 1330 1249 1392 confirmabat
1263 1352 1351 1412 quem

207 1425 431 1499 xistiruaserant,
465 1426 608 1488 creatoris
638 1426 751 1487 scilicet
779 1426 946 1499 Christum,
979 1427 1199 1507 redemptorem
1221 1417 1351 1495 israelis.

199 1521 234 1604 ¹be
249 1528 377 1608 corporis
399 1536 498 1588 autem
520 1527 642 1588 veritate
664 1527 734 1605 quid
757 1535 855 1607 potest
879 1526 1010 1589 otarius?
1042 1547 1109 1589 cum
1137 1529 1351 1593 haesitantibus

198 1623 223 1652 ·'
249 1645 282 1688 oe
301 1628 475 1707 phantasma
497 1636 594 1697 esset,
617 1628 709 1688 immo
724 1628 901 1707 phantasma
913 1628 1117 1702 credentibus,
1142 1630 1219 1703 Quid
1241 1632 1349 1694 turbati
1360 1626 1491 1721 Lffiw·

235 1727 241 1740 '
260 1725 276 1789 i
295 1727 432 1807 ¹'inquit,
456 1738 485 1789 et
506 1727 576 1807 quid
592 1728 786 1807 cogitationes
802 1729 931 1790 subeunt
946 1729 976 1790 in
992 1730 1080 1791 corda
1097 1728 1220 1791 vestra?
1248 1732 1350 1794 Videte

211 1897 214 1906 ¹
303 1848 384 1890 meas
408 1839 439 1890 et
459 1830 567 1908 pedes,
597 1829 665 1907 quia
687 1848 742 1908 ego
765 1829 829 1908 ipse
857 1849 940 1902 sum,
970 1830 1109 1909 quoniam
1132 1830 1255 1910 spiritus
1279 1850 1349 1894 ossa

260 1930 361 2004 habet,
390 1930 468 1991 sicut
490 1930 565 1990 ¹⁴me
587 1930 693 1990 videtis
716 1930 836 1991 habere.
886 1930 924 1991 Et
944 1930 1074 1992 Marcion
1102 1931 1244 2010 quaedam
1273 1951 1347 1994 con·

205 2111 208 2118 Ι
244 2029 250 2043 “
285 2031 341 2093 sibi
364 2030 430 2103 illa,
465 2032 553 2092 credo
584 2031 744 2102 industria,
777 2031 901 2092 eradere
929 2031 966 2092 de
989 2030 1139 2109 evangelio
1163 2050 1218 2092 suo
1243 2031 1347 2105 noluit,

237 2150 266 2193 ex
285 2133 332 2194 his
355 2150 431 2211 quae
453 2131 575 2192 eradere
596 2131 694 2212 potnit
715 2151 770 2193 nec
799 2132 891 2193 erasit
911 2132 958 2193 ilia
981 2150 1057 2210 quae
1080 2131 1172 2192 erasit
1195 2131 1271 2193 ¹⁶aut
1291 2149 1347 2192 ne-

280 2233 411 2295 erasisse
432 2242 484 2293 aut
505 2233 611 2296 merito
636 2233 763 2294 erasisse
786 2233 910 2294 dicatur.
943 2231 1005 2293 Nec
1025 2230 1120 2312 parcit
1140 2231 1198 2293 nisi
1215 2231 1259 2291 eis
1275 2250 1349 2310 quae

259 2335 356 2396 miuus
379 2334 466 2395 aliter
487 2334 708 2413 interpretando
731 2352 819 2413 quam
835 2333 960 2395 delendo
977 2331 1131 2395 subvertit.
1169 2331 1237 2392 Vult
1251 2330 1349 2410 itaque

204 2429 347 2497 fidiotum
369 2434 471 2514 quasi,
495 2435 625 2514 Spiritus
649 2454 720 2496 ossa
742 2453 802 2496 non
825 2433 930 2505 babet,
953 2434 1030 2495 sicut
1050 2451 1098 2494 me
1112 2431 1219 2496 videtis
1233 2431 1349 2493 hohen·

202 2531 251 2610 b,
280 2536 316 2598 ad
340 2535 480 2614 spiritum
502 2537 664 2609 reseratur,
699 2537 776 2598 sicut
804 2555 851 2597 me
880 2535 985 2597 ridetis
1014 2534 1188 2607 habentem,
1223 2531 1281 2594 ¹⁶io
1302 2541 1350 2594 est

255 2636 414 2698 habentem
437 2655 524 2709 ossa,
554 2637 631 2699 sicut
659 2647 688 2698 et
711 2638 844 2717 spiritus.
894 2636 933 2698 Et
954 2654 1029 2716 quoe
1050 2634 1126 2696 ratio
1151 2632 1349 2695 tortuositatis

207 2733 309 2800 irim?
341 2756 409 2799 cum
431 2736 605 2817 simpliciter
626 2739 817 2817 pronuntiare
839 2738 1002 2816 potuisset,
1032 2736 1108 2809 Quia
1131 2733 1255 2814 spiritus
1278 2751 1349 2796 ossa

186 2841 237 2931 μ
255 2838 362 2911 habet,
387 2838 491 2901 ¹'sicut
513 2857 560 2900 me
583 2838 689 2902 videtis
711 2859 771 2901 non
795 2839 963 2901 habentem.
1001 2838 1060 2900 Cur
1082 2845 1179 2899 autem
1199 2833 1348 2914 inspectui

186 2950 277 3005 mm
308 2957 416 3001 manus
444 2947 475 3000 et
500 2940 592 3018 pedes
622 2960 695 3001 snos
724 2943 829 3013 offert,
863 2959 937 3019 quae
970 2936 1102 3001 membra
1133 2936 1196 2999 ''ex
1225 2935 1348 2996 ossibus

186 3049 330 3111 ustam,
359 3040 386 3101 si
411 3059 481 3101 ossa
504 3059 564 3100 non
589 3040 737 3102 habebat?
781 3042 840 3101 Cur
862 3040 965 3113 adicit,
994 3040 1032 3100 Et
1053 3040 1174 3109 scitote,
1203 3037 1270 3115 quia
1293 3053 1347 3114 ego

186 3152 259 3215 ΙΙ,
285 3159 373 3220 quem
397 3140 507 3201 scilicet
530 3160 705 3220 corporeum
729 3153 808 3202 retro
839 3140 1004 3203 noverant?
1047 3140 1105 3201 hut
1127 3139 1152 3199 si
1175 3138 1348 3217 phantasma

186 3251 243 3301 uss
261 3257 488 3314 usquequaque,
522 3257 575 3295 cnr
596 3239 663 3296 iilos
686 3238 860 3315 phantasma
888 3243 1043 3302 erodentes
1065 3234 1260 3317 increpabat?
1294 3237 1347 3295 At-

186 3334 248 3417 p'o
267 3336 363 3397 adhuc
382 3335 427 3395 eis
450 3353 511 3394 non
534 3336 720 3397 credentibus
743 3345 901 3415 propterea
923 3335 1020 3396 cibum
1043 3333 1236 3408 desideravit,
1261 3343 1294 3396 ut
1314 3351 1348 3394 se
1374 3317 1484 3419 {5332st

187 3436 346 3509 §tenderet
366 3436 455 3496 etiam
477 3434 582 3496 dentes
605 3437 723 3497 habere.
767 3435 972 3514 lmpiesimus,
1003 3443 1035 3494 ut
1057 3433 1180 3511 opinor,
1204 3434 1349 3508 sponsio-

187 3548 256 3617 μ.
284 3535 480 3596 Exhibuimus
492 3536 591 3597 iesum
604 3536 752 3598 Christum
768 3537 981 3615 prophetarum
997 3531 1157 3604 doctrinis,
1180 3529 1349 3602 sententiis,

187 3628 346 3741 pertibus,
376 3636 534 3708 sensibus,
563 3636 737 3708 virtutibus,
765 3636 974 3716 passionibus,
1009 3633 1097 3694 etiam
1119 3628 1350 3703 resurrectione,

187 3746 242 3829 μ
260 3737 347 3798 atium
370 3755 457 3814 qnam
481 3737 644 3808 creatoris,
667 3736 813 3816 siquidem
836 3745 866 3797 et
887 3734 1042 3814 apostotos
1064 3732 1186 3793 mittens
1209 3728 1245 3791 ad
1260 3747 1347 3808 prae·
1363 3695 1513 3839 sbtr‘pl‘icrbssnss

187 3832 191 3899 ἐ
281 3856 330 3898 um
352 3836 500 3897 universis
523 3836 690 3897 nationibus
713 3838 743 3897 in
761 3855 879 3897 omnem
898 3843 1004 3896 terram
1026 3833 1106 3894 exire
1121 3849 1228 3893 sonum
1245 3846 1348 3890 eorum
1362 3824 1471 3898 ruinis.

187 3828 425 4101 &orminos
453 3945 550 3997 terrac
572 3955 660 3997 voces
683 3955 786 3998 eorum
810 3936 958 4015 psalmum
980 3932 1168 4012 adimplendo
1189 3929 1395 4010 praecepitrs.
1410 3947 1489 3999 xrx.o.

301 4036 399 4107 rtui,
427 4036 574 4109 Marcion,
607 4038 715 4098 frustra
743 4034 896 4097 laborasti.
947 4034 1082 4096 Christus
1112 4032 1191 4093 euim
1212 4031 1297 4092 lesus
1320 4029 1351 4115 iq

188 4108 324 4235 qmgelio
345 4147 398 4197 tuo
421 4154 507 4196 meus
531 4144 586 4197 est.

199 4274 339 4350 ‘nortem
357 4287 543 4338 Fertndrsr'nur.
598 4287 635 4336 to.
656 4285 761 4345 crucifigi
780 4286 847 4334 obed.
888 4284 996 4346 transfigi
1015 4283 1040 4332 B.
1085 4288 1165 4330 tamen
1183 4280 1223 4341 tlgi
1243 4279 1266 4328 G.
1312 4278 1352 4328 li.

207 4408 211 4419 ,
276 4360 291 4405 it
312 4358 473 4406 i'oto'conorrun
490 4369 559 4403 unus.
624 4352 662 4402 tt.
687 4353 820 4402 credidisse
846 4365 900 4399 eum
918 4351 960 4400 BC.
1021 4348 1059 4398 ta.
1086 4347 1171 4410 inquit,
1198 4344 1296 4408 etquid
1315 4346 1351 4394 od.

188 4434 194 4489 q
226 4424 381 4489 fflreir'qsi.
443 4421 483 4470 14.
508 4435 548 4469 me
573 4420 700 4469 habentem
726 4419 810 4468 videtis
829 4419 852 4466 d.
916 4417 955 4467 15.
979 4423 1020 4466 ont
1043 4415 1109 4464 obed.
1136 4414 1267 4464 doratensis
1285 4412 1351 4460 iiber.

188 4488 278 4540 *Md
331 4489 372 4541 td.
390 4489 415 4538 id
440 4495 478 4537 est
504 4490 571 4538 obed.
591 4489 722 4538 Gorxienris
740 4488 806 4536 tiber.
849 4483 885 4533 rei
906 4484 928 4533 G.
972 4485 998 4533 in
1015 4484 1041 4533 B.
1059 4483 1144 4545 tegitur
1161 4482 1252 4529 turbato
1271 4477 1353 4527 ordine

198 4548 391 4609 hestiaeus
410 4555 542 4605 habentem
562 4555 585 4605 id
604 4563 705 4604 estnon
731 4554 859 4602 habentem
885 4565 940 4598 ossa
966 4551 995 4599 ad
1020 4549 1131 4614 spiritum
1157 4546 1267 4596 roterotis
1291 4543 1354 4591 sicot

188 4626 224 4685 ,Ι
235 4626 308 4677 ridetis
326 4626 459 4676 habentem
479 4623 588 4684 spiritus.
613 4623 643 4672 Et
661 4636 723 4687 qnse
741 4627 792 4670 cett.
847 4618 886 4666 17.
905 4617 972 4667 iiiior
990 4617 1015 4667 B.
1074 4615 1114 4666 18.
1134 4613 1170 4662 sic
1187 4627 1226 4662 me
1247 4610 1269 4658 C.
1313 4606 1353 4656 te.

196 4688 255 4769 ¹HC.
269 4694 305 4744 rr.
319 4695 411 4746 hoino.

584 4808 942 4824 Μ
1034 4812 1036 4816 -

215 4944 357 4995 insumunt
372 4960 427 4994 err.
441 4957 482 4989 xo.
494 4952 596 4986 ornere.
616 4941 679 4986 Tom.
689 4939 717 4982 11.
