3242 5775
310 634 375 700 508
568 647 671 699 oulnrr
693 646 824 690 suerrum
845 646 1011 689 rtouumls
1034 646 1230 690 ruuruutuuu

313 800 357 862 rel
384 797 511 861 maxime
538 814 647 858 nomen
675 795 829 869 homines,
862 794 907 856 rel
935 795 1021 875 ipsos
1050 795 1139 857 etiam
1171 794 1337 875 iniquitatis
1366 796 1490 877 angelos

311 898 462 979 figuravit,
499 898 536 958 de
563 896 671 976 quibus
704 896 827 975 sanguis
856 895 1016 975 ¹²erigetur
1042 915 1097 975 per
1123 895 1266 957 ultionem
1295 898 1489 975 pensandam.

313 1000 388 1073 Quis
410 1015 481 1077 ergo
504 998 635 1059 discendi
664 997 758 1074 magis
788 995 894 1057 adfinis
921 1015 1009 1075 quam
1031 996 1255 1076 praesumendi,
1290 1006 1321 1059 et
1349 998 1490 1059 credendi

312 1099 484 1180 diligentior
505 1117 592 1177 quarn
615 1096 827 1168 contendendi,
852 1104 881 1156 et
901 1096 1015 1158 divinae
1033 1097 1133 1175 potius
1149 1096 1314 1175 sapientiae
1330 1097 1491 1177 religiosus

313 1219 401 1282 quam
424 1218 496 1260 suae
517 1197 715 1270 libidinosus,
739 1196 861 1258 audiens
885 1196 994 1276 aliquid
1016 1198 1104 1258 adeo
1127 1197 1305 1258 destinatum
1329 1198 1360 1259 in
1384 1216 1489 1260 carnes

314 1310 344 1363 et
364 1309 447 1363 cutes
469 1307 499 1360 ct
521 1317 630 1360 nervos
652 1307 682 1359 et
704 1315 774 1358 ossa
797 1296 875 1357 aliud
898 1297 967 1375 quid
990 1299 1063 1359 baec
1085 1296 1376 1370 ¹'commentabitun
1406 1290 1505 1378 quasi

313 1419 374 1464 non
396 1401 428 1462 in
450 1399 627 1460 ¹‘bominem
650 1398 816 1459 destinetur
837 1398 915 1476 quod
938 1398 968 1458 in
991 1397 1065 1459 istas
1080 1398 1261 1459 substantias
1276 1397 1488 1477 praedicaturi

313 1504 371 1565 dut
391 1501 469 1563 enim
492 1499 564 1560 nihil
587 1498 617 1559 in
641 1498 821 1559 '‘bominem
845 1497 1025 1566 destinatur,
1049 1517 1109 1559 non
1126 1498 1287 1560 liberalitas
1303 1500 1407 1577 regni,
1430 1516 1486 1560 non

314 1602 459 1664 severitas
481 1599 599 1671 iudicii,
622 1616 683 1659 non
705 1598 902 1676 quodcunque
924 1605 972 1658 est
992 1599 1188 1668 resurrectio,
1211 1607 1263 1660 aut
1284 1598 1312 1659 si
1334 1599 1365 1660 in
1389 1598 1483 1660 homi-

314 1701 585 1771 nem-destinatur,
609 1717 734 1760 necesse
757 1699 854 1759 estin
878 1717 928 1759 eas
951 1698 1132 1759 substantias
1147 1698 1365 1760 dosnneronex
1381 1699 1482 1779 quibus

314 1803 405 1866 lromo
428 1808 559 1861 structus
581 1808 643 1873 est,
676 1800 706 1860 in
729 1817 817 1877 quem
840 1798 1014 1859 destinatur.
1058 1798 1129 1860 lllud
1159 1799 1246 1859 etiam
1269 1800 1308 1860 de
1330 1800 1481 1878 argutissi-

314 1903 371 1964 mis
392 1900 460 1961 istis
484 1899 748 1961 ¹⁸demutatoribus
772 1899 926 1960 ¹'ossuum
949 1906 979 1960 et
1000 1900 1133 1960 carnium
1157 1907 1186 1960 et
1200 1917 1360 1960 nervorum
1385 1911 1416 1961 et
1437 1917 1480 1960 se·

311 1998 505 2083 pulchrorum
526 2000 663 2079 requiro,
686 2018 753 2072 cur,
782 1999 809 2060 si
831 1999 949 2078 quando
971 2000 1001 2060 in
1025 2000 1151 2061 animam
1174 1999 1244 2078 quid
1267 2001 1479 2079 pronuntiatur,

314 2102 387 2164 nibil
409 2100 487 2162 alind
510 2100 636 2161 animam
658 2101 910 2179 interpretantur,
934 2118 990 2160 nec
1011 2100 1237 2179 ¹⁸transfingunt
1259 2100 1352 2162 ”eant
1368 2101 1399 2162 in
1415 2100 1479 2162 alte·

314 2203 378 2264 rius
400 2202 443 2262 rei
467 2211 688 2279 argumentum,
710 2219 776 2260 cum
799 2218 869 2261 vcro
885 2200 915 2259 in
931 2199 1057 2278 aliquam
1073 2201 1202 2279 speciem
1217 2202 1404 2280 corporalem
1419 2198 1480 2279 quid

314 2302 453 2373 edicitur,
483 2302 582 2362 omnia
604 2301 703 2380 potius
725 2300 899 2363 adseverant
920 2318 1007 2378 quam
1030 2301 1109 2380 quod
1132 2300 1328 2362 nominatur?
1364 2302 1397 2363 Si
1420 2318 1480 2363 cor·

313 2402 425 2483 poralia
449 2400 623 2481 parabolae,
647 2419 718 2480 ergo
742 2409 771 2461 et
792 2398 947 2473 animatia,
980 2401 1007 2461 si
1029 2419 1091 2461 non
1114 2410 1144 2462 et
1164 2401 1318 2474 animalia,
1340 2420 1414 2481 ergo
1434 2416 1481 2461 nec

314 2502 490 2582 corporalia.
525 2501 597 2561 'l'am
620 2502 698 2562 enim
720 2519 830 2579 corpus
853 2499 944 2560 bomo
967 2519 1054 2579 quam
1077 2510 1107 2562 et
1128 2502 1241 2575 anima,
1264 2512 1296 2563 ut
1316 2521 1379 2563 non
1394 2500 1483 2582 possit

315 2603 406 2664 altera
429 2600 546 2679 species
569 2600 725 2662 admittere
747 2599 928 2678 aenigmata,
950 2598 1040 2661 altera
1065 2602 1229 2662 excludere.

164 2724 317 2784 cmxxxiii.
402 2700 480 2763 Satis
502 2700 575 2760 beer
596 2700 633 2760 de
655 2700 831 2779 prophetico
854 2699 1064 2761 instrumento.
1096 2701 1140 2762 Ad
1156 2700 1306 2780 evangelia
1322 2719 1483 2781 nuncpro·

185 3205 302 3250 telonio.

182 3255 238 3300 lbid.
244 3267 264 3297 r.
271 3255 303 3296 ¹³.

163 3421 303 3474 imnum.

206 3808 303 3909 xiiiio.

315 2820 405 2874 voco;
427 2800 476 2860 bic
497 2817 615 2877 quoque
637 2815 818 2860 occursurus
840 2799 923 2879 prius
946 2800 1042 2861 eidem
1064 2801 1189 2863 astutiae
1215 2820 1320 2864 eorum
1342 2802 1391 2881 qui
1410 2819 1483 2882 pro·

314 2903 384 2964 inde
407 2909 437 2962 et
458 2899 610 2961 dominum
634 2900 732 2960 omnia
753 2899 784 2960 in
805 2900 954 2978 parabolis
969 2902 1182 2981 pronuntiasse
1195 2903 1397 2976 contendunt,
1419 2903 1485 2983 quia

316 3001 460 3080 scriptum
483 3001 562 3059 ¹cst:
584 2999 663 3060 llaec
685 3000 783 3060 omnia
806 3000 924 3062 locutus
947 3011 992 3063 est
1014 3002 1100 3064 lesus
1123 3002 1152 3063 in
1175 3003 1343 3083 parabolis,
1373 3013 1405 3065 et
1424 3003 1485 3065 sine

315 3099 454 3182 parabola
476 3117 536 3159 non
559 3099 735 3179 loquebatur
756 3100 792 3161 ad
815 3099 897 3172 illos,
921 3101 1033 3162 scilicet
1052 3101 1208 3164 'ludaeos
1245 3103 1319 3166 Nam
1342 3113 1375 3166 et
1396 3103 1485 3167 disci·

316 3201 392 3282 puli,
416 3200 535 3274 Quare,
557 3199 656 3272 aiunt,
683 3200 714 3260 in
735 3199 885 3279 parabolis
907 3200 1061 3279 loqueris‘l
1094 3210 1122 3262 et
1144 3203 1301 3278 dominus,
1327 3204 1486 3284 Propterea

316 3304 347 3365 in
361 3301 510 3382 parabolis
524 3300 632 3378 loquor
647 3299 684 3360 ad
700 3319 763 3373 eos,
787 3309 821 3361 ut
834 3301 968 3363 ridentes
986 3320 1047 3362 non
1062 3302 1190 3375 rideant,
1214 3314 1244 3364 et
1258 3305 1413 3368 audientes
1429 3323 1486 3367 nou

317 3404 452 3475 audiant,
482 3401 645 3463 secundum
666 3401 794 3462 Esaiam.
840 3401 955 3483 Quodsi
978 3403 1014 3464 ad
1036 3403 1161 3464 ludaeos
1184 3403 1214 3464 in
1236 3405 1404 3483 parabolis,
1431 3406 1487 3469 iam

316 3522 376 3566 non
399 3503 435 3564 ad
458 3520 579 3575 omnes3
608 3501 634 3561 si
657 3490 736 3562 ³no'n
758 3502 795 3562 sd
819 3519 923 3562 omnes
946 3502 976 3562 in
999 3501 1167 3587 parabolis,
1198 3503 1256 3564 iam
1285 3522 1347 3566 non
1370 3523 1488 3588 semper

315 3622 371 3666 nec
393 3604 491 3664 omnia
513 3601 681 3682 parabolae,
710 3603 763 3664 sed
786 3602 939 3680 quaedam,
962 3602 1048 3664 ⁴cum
1070 3603 1106 3664 ad
1129 3603 1284 3682 quosdam.
1328 3606 1373 3669 dd
1394 3625 1486 3686 quos·

315 3704 381 3771 dam
404 3713 520 3774 autem,
543 3702 612 3762 dum
635 3701 671 3762 ad
694 3702 836 3776 ludaeos;
858 3720 1070 3782 nonnunquam
1093 3703 1179 3782 plane
1202 3705 1290 3765 etad
1313 3705 1486 3787 discipulos.

318 3803 377 3865 Sed
399 3800 551 3881 quomodo
573 3801 683 3877 referet
696 3802 860 3882 ‘scriptura
875 3803 1045 3864 considera:
1068 3802 1189 3864 Dicebat
1210 3812 1308 3866 autem
1332 3815 1364 3867 et
1383 3806 1487 3887 ‘pera-

315 3901 413 3963 bolam
435 3901 472 3961 ed
495 3917 558 3960 eos.
592 3899 670 3979 Ergo
694 3910 724 3962 et
737 3920 798 3964 non
812 3902 983 3982 parabolam
998 3902 1129 3979 dicebat3
1152 3903 1219 3982 quia
1241 3922 1304 3967 non
1325 3913 1487 3980 notaretur,

315 4018 381 4062 cum
404 3998 574 4080 parabolam
596 3998 790 4079 loquebatur,
823 4006 850 4064 si
879 4005 919 4064 ita
947 4022 1066 4082 semper
1097 4003 1282 4082 loquebatur.
1326 4005 1366 4067 lit
1392 4016 1519 4068 umus

315 4098 424 4163 uullam
446 4097 631 4179 'parabolam
653 4119 713 4162 non
734 4101 787 4164 aut
808 4102 844 4164 ab
874 4103 942 4182 ipso
969 4103 1103 4164 invenias
1131 4103 1362 4180 'edisseratcm,
1395 4116 1429 4168 nt
1452 4104 1519 4167 du

315 4199 496 4260 seminatore
517 4200 548 4260 in
570 4201 651 4262 rubi
672 4201 962 4276 ”administratione
985 4212 1037 4264 sut
1057 4223 1074 4265 a
1096 4213 1331 4267 commentatore
1350 4196 1519 4285 erenqolffi

313 4298 575 4377 praeluminatam,
608 4310 640 4363 ut
668 4302 775 4363 iudicis
798 4303 922 4381 superbi
950 4313 980 4365 et
1002 4304 1106 4366 viduae
1128 4304 1266 4367 instantis
1290 4305 1327 4366 ad
1348 4323 1519 4386 persero*

317 4414 523 4477 reclusiora.
584 4419 624 4469 13.
642 4420 912 4472 commendrbiturdll.
975 4421 1014 4470 14.
1033 4423 1144 4472 bomines
1164 4424 1223 4486 cinq.
1285 4423 1325 4474 lb.
1351 4423 1514 4474 lomim*

317 4483 356 4533 tt.
374 4484 578 4534 demutationibus
595 4486 639 4536 lu.
685 4488 724 4537 17.
743 4502 844 4536 ossuum
863 4492 901 4538 lo.
922 4490 1032 4538 Vaticani.
1069 4491 1160 4539 ossium
1179 4492 1273 4555 reliqui.
1319 4490 1360 4541 18.
1378 4491 1519 4541 παιών’

314 4559 373 4613 gunt
390 4552 433 4601 Ad.
469 4553 612 4612 transiierunt
630 4552 686 4603 lico.
721 4557 893 4617 trinsllgurant
912 4558 946 4605 bo.
1002 4556 1040 4606 19.
1061 4571 1088 4606 ea
1107 4560 1161 4606 edit.
1180 4558 1286 4620 Sertori,
1304 4560 1421 4609 mose

383 4618 442 4680 Cep.
461 4617 561 4667 xxxin.
599 4620 621 4667 l.
640 4622 671 4668 sit
687 4621 786 4684 Anemo.
828 4621 851 4671 2.
870 4622 900 4671 sd
919 4623 1072 4672 ludaeosltd.
1114 4622 1138 4673 ³.
1158 4638 1206 4673 non
1225 4625 1343 4677 omlbd.
1376 4624 1519 4674 tnta

314 4683 339 4734 b.
357 4686 476 4749 scriptore
502 4685 602 4735 omnib
655 4686 678 4736 d.
704 4688 819 4751 peribolo
842 4691 868 4739 A.
927 4688 951 4739 l.
976 4690 1117 4752 parabolem
1141 4707 1187 4743 om.
1204 4694 1226 4743 b.
1285 4691 1310 4741 8.
1334 4690 1519 4751 minuunt,

313 4750 403 4802 Alicio.
421 4759 467 4800 tres
481 4750 590 4812 Voticonr',
611 4754 878 4817 eosdloremtocenrts,
890 4756 1073 4820 llirrouqiensis,
1089 4759 1231 4811 Gorrienrir.
1266 4758 1433 4810 erinacium
1448 4758 1519 4807 0-1

314 4817 456 4869 οᾱίιιοτιοω
475 4819 549 4869 codes
566 4819 599 4869 lo.
612 4818 740 4871 Clementis.
791 4820 817 4872 9.
835 4823 1066 4874 rdministratiouem
1084 4825 1128 4875 AB.
