3242 5775
438 625 589 670 mmm
611 626 784 671 luetone!
806 629 864 672 tta.
881 630 920 675 lt.
1202 625 1268 707 m

194 774 286 837 leuat
319 774 416 838 Porro
438 794 507 838 oum
528 777 626 838 torem
648 776 738 839 nobis
760 777 909 842 dialrdum
929 781 1158 860 ¹⁵demonstret,
1179 792 1265 854 cuius

208 876 296 953 uiam
318 876 349 937 in
372 875 539 956 primordio
562 877 589 938 si
612 877 705 939 lromo
733 879 858 952 scisset,
884 900 1042 962 ‘nunquam
1071 886 1108 946 ab
1137 907 1174 949 eo
1197 894 1263 952 sul-

204 987 304 1051 esset,
326 986 486 1057 propterea
507 978 591 1040 iubet
613 986 645 1039 ot
666 978 761 1057 parati
774 980 897 1054 simus,
920 984 987 1063 quia
1010 1003 1068 1063 qua
1090 1004 1151 1050 non
1172 998 1414 1068 puta-unorum.

194 1098 244 1141 ora
266 1079 345 1140 filius
367 1078 500 1141 hominis
523 1078 675 1152 adveniet,
698 1098 760 1141 noo
782 1083 867 1160 quasi
882 1083 948 1164 ipse
963 1085 1004 1146 sit
1017 1086 1079 1160 lor,
1103 1088 1157 1149 sed
1172 1090 1261 1153 iudex

210 1200 320 1242 eorum
343 1180 394 1260 qui
416 1200 450 1242 se
470 1199 533 1242 non
563 1180 773 1259 ¹⁶pararerint,
803 1200 859 1244 uec
880 1186 1009 1247 caverint
1031 1187 1136 1248 iorem.
1181 1189 1260 1269 Ergo

213 1291 265 1344 cst
286 1282 366 1345 lilius
387 1281 535 1355 hominis,
565 1281 692 1343 iudicem
714 1284 826 1355 teneo,
854 1293 884 1346 et
911 1286 941 1347 in
970 1286 1066 1349 iudice
1094 1298 1259 1354 creatorem

195 1404 226 1456 ν,
258 1382 287 1444 ri
315 1401 386 1444 vero
408 1383 557 1444 Christum
586 1384 731 1446 nestoris
760 1384 791 1444 in
820 1386 941 1447 nomine
971 1387 1024 1448 tilii
1045 1388 1178 1451 hominis
1200 1390 1259 1454 hoo

195 1484 318 1556 ‹teodit,
351 1490 385 1545 ut
411 1503 479 1545 eum
506 1485 602 1546 iurem
631 1484 807 1565 portendat,
840 1486 891 1565 qni
912 1487 1031 1565 quaudo
1052 1498 1194 1552 venturos
1217 1492 1258 1553 sit

195 1604 266 1658 rus,
300 1584 394 1646 hahes
417 1584 535 1665 ¹⁷supra
556 1586 790 1665 praescriptum·
818 1585 967 1666 neminem
997 1588 1042 1649 rei
1065 1608 1138 1651 suae
1159 1592 1256 1654 iurem

196 1686 269 1747 alro
292 1693 324 1747 et
345 1684 414 1759 illo,
443 1687 525 1765 quod
546 1687 577 1748 in
600 1695 741 1766 quantum
764 1687 926 1749 timendam
949 1698 1114 1750 creatorem
1136 1691 1254 1771 ingerit,

195 1806 249 1849 nm
277 1786 322 1848 illi
350 1786 502 1866 negotium
529 1806 620 1867 agens
647 1788 791 1849 mentoris
821 1797 878 1850 est
931 1788 1033 1868 ltaque
1060 1790 1273 1871 interroganti

196 1908 215 1949 n
238 1887 310 1950 illos
331 1907 370 1949 arr
393 1888 450 1950 ¹⁸et
471 1889 502 1949 io
525 1907 630 1950 omnes
651 1888 822 1970 parabolem
851 1889 1017 1962 ¹⁹dixisset,
1050 1891 1087 1952 ad
1114 1891 1199 1971 ipsos
1225 1901 1257 1956 ot
1352 1871 1356 1878 ¹

196 2008 302 2051 reses
330 1989 382 2069 qui
416 1989 549 2051 ecelesiis
575 1990 738 2070 praefuturi
767 1999 871 2053 essent
902 1990 1074 2072 ”proponit
1104 1990 1255 2056 actorum¹

197 2091 319 2163 dinem,
343 2109 470 2169 quorum
492 2092 540 2171 qui
561 2091 638 2153 bene
659 2092 829 2153 tractaverit
850 2110 1015 2154 conservos
1040 2092 1173 2155 absentia
1194 2093 1252 2156 do·
1266 2092 1373 2189 Lffi'·

196 2210 295 2253 uerso
319 2207 356 2253 eo
379 2190 517 2253 omnihus
541 2192 627 2254 bonis
649 2202 867 2273 praeponetur,
890 2193 1026 2273 quivero
1046 2212 1134 2256 secus
1150 2196 1254 2273 egerit,

216 2293 342 2354 domino
366 2294 492 2371 quadie
514 2294 756 2372 norrputaverit,
787 2294 940 2374 horaque
969 2313 1029 2355 non
1052 2295 1168 2367 scierit,
1201 2294 1253 2357 illo

208 2394 269 2455 lilio
293 2394 444 2467 bominis,
467 2394 584 2456 Christo
607 2394 765 2469 creatoris,
788 2414 850 2457 non
871 2396 952 2468 lore,
988 2396 1041 2456 sed
1065 2395 1177 2468 iudice,
1200 2414 1253 2457 se·
1363 2391 1366 2398 ’

198 2503 246 2557 tur
266 2504 298 2556 et
319 2514 391 2575 pars
414 2496 479 2556 eius
502 2515 568 2557 oum
590 2495 757 2558 infidelibus
779 2506 917 2575 ponetur.
954 2496 1084 2558 Proinde
1099 2495 1189 2575 igitur
1202 2503 1254 2558 aut
1280 2553 1288 2604 ἱ

197 2595 324 2657 iudicem
348 2593 500 2658 dominum
523 2598 648 2677 opponit
669 2604 699 2657 et
724 2595 794 2658 ²¹illi
823 2596 998 2668 catechizat,
1030 2606 1080 2659 aut
1108 2597 1134 2658 si
1163 2597 1252 2660 deum
1283 2619 1286 2642 ¹

197 2716 238 2771 ro,
259 2697 318 2758 iam
335 2704 365 2756 et
379 2696 460 2757 illum
476 2697 602 2758 iudicem
617 2698 757 2769 affirmat,
780 2698 850 2759 licet
865 2696 941 2759 nolit
952 2697 1129 2761 haereticus.
1158 2699 1250 2760 Tem-

204 2798 281 2859 enim
305 2806 450 2877 temptant
464 2798 543 2859 hunc
557 2816 695 2870 sensum,
719 2817 785 2859 cum
799 2798 856 2858 deo
872 2798 936 2860 eius
953 2797 1125 2861 vindicatur.
1157 2799 1251 2872 Quasi
1343 2784 1349 2797 Χ

198 2899 296 2961 llitatis
318 2900 359 2961 sit
381 2909 413 2960 et
433 2900 666 2961 mansuetudinis
688 2918 847 2978 segregare
874 2900 1063 2962 solummodo
1086 2911 1115 2963 et
1135 2911 1251 2981 partem

197 3020 233 3061 rm
253 3000 423 3062 infidelibus
446 3019 573 3078 ponere,
596 3021 631 3063 ao
651 3001 678 3061 si
699 3019 760 3061 non
782 3001 822 3061 sit
839 3011 988 3074 vocarnst,
1011 3001 1072 3064 ”ut
1087 3002 1177 3064 statui
1193 3022 1249 3065 suo

198 3121 223 3162 s.
266 3103 360 3175 Quasi
382 3120 443 3162 non
466 3111 494 3162 et
516 3103 573 3162 lroo
600 3103 698 3182 ipsum
725 3086 853 3163 iudicato
881 3103 942 3163 liat.
986 3100 1129 3164 Stultitia!
1175 3104 1250 3176 Quis

199 3205 253 3263 itus
275 3202 522 3282 segregatorum?
555 3204 660 3264 Nonne
681 3203 802 3264 amissio
825 3200 955 3264 salutis?
978 3203 1123 3282 siquidem
1147 3203 1251 3265 abeis

198 3303 313 3365 ibontur
340 3305 391 3384 qui
419 3304 541 3365 salutem
568 3313 797 3384 consequentur.
841 3303 946 3376 ”Quis
972 3304 1060 3383 igitur
1088 3305 1252 3365 infidelium

198 3407 202 3434 ⁸
233 3405 338 3467 Nonne
360 3404 533 3469 damnatio?
567 3407 625 3467 llut
646 3406 672 3466 si
695 3406 765 3467 nihil
787 3406 938 3484 patientur
960 3405 1108 3483 segregati
1130 3411 1161 3464 et
1182 3404 1250 3464 inti-

210 3525 301 3587 acqoe
323 3526 358 3568 ex
382 3507 501 3568 direrso
523 3508 595 3568 nihil
617 3517 839 3586 consequentur
866 3505 974 3566 retenti
1003 3515 1033 3565 et
1062 3504 1175 3566 lidelcs.
1220 3505 1253 3565 Si

198 3618 393 3688 onsequentur
414 3609 537 3670 salutem
561 3609 668 3670 retenti
691 3616 718 3669 et
741 3607 858 3680 fideles,
882 3607 959 3667 hanc
978 3606 1114 3667 amittant
1128 3625 1253 3668 necesse

210 3710 324 3771 diverso
347 3711 494 3788 segregati
516 3718 547 3771 et
568 3710 711 3771 infideles.
754 3709 820 3771 lloc
841 3708 899 3769 erit
919 3706 1076 3781 iudicium,
1099 3707 1179 3787 quod
1201 3708 1252 3788 qni

200 3899 311 3945 unstrout
331 3898 491 3948 Vnticoaorum
508 3900 573 3946 atter.
628 3895 666 3945 to.
686 3902 829 3958 paraverunt
849 3909 894 3944 nec
912 3903 1024 3944 caverunt
1042 3894 1067 3944 B.
1121 3895 1160 3944 Π.
1178 3907 1253 3958 supra

199 3975 256 4023 ptum
275 3981 323 4026 epo.
359 3966 744 4026 suprascriptumtitrr'ooruer.
779 3961 838 4011 Aa.
858 3966 985 4013 otomct
1049 3961 1087 4011 19.
1107 3963 1164 4012 dixit
1181 3970 1206 4013 ct
1222 3963 1253 4011 ad

199 4032 215 4079 l.
264 4031 303 4081 20,
322 4033 426 4095 proponi
445 4041 562 4080 tactorum
581 4039 723 4087 ttractorum
742 4031 777 4090 a.)
801 4029 846 4079 BG.
905 4029 946 4079 21.
965 4031 1055 4079 illico.
1113 4029 1252 4079 22etl'r.

225 4097 401 4157 rancura
436 4101 498 4158 Quid
515 4101 609 4163 reticui.

199 4231 233 4281 irs
249 4228 525 4296 suprapraercriptonr]
544 4233 644 4282 Latebat
694 4249 750 4282 mr.
770 4230 847 4295 prs.
871 4231 950 4280 Barth.
961 4232 1070 4280 tdreras.
1083 4229 1189 4295 prosi.
1218 4231 1255 4280 Cl.

200 4300 232 4348 'rio
248 4317 303 4365 pm
320 4304 343 4351 io
362 4316 420 4349 roco
434 4304 600 4365 praescriptum
618 4302 642 4349 in
694 4316 755 4365 qnae
773 4299 884 4348 adnotari
909 4299 938 4347 ud
956 4298 990 4347 lle
1007 4299 1072 4360 fogo
1090 4301 1113 4348 in
1133 4299 1255 4348 Persecot.

200 4376 240 4417 nto
265 4369 396 4424 cocubalo,
428 4384 499 4432 qoam
529 4371 642 4417 revocari.
695 4368 797 4433 capii.

200 4450 221 4482 ro
236 4437 369 4496 rigoiltcent
388 4439 452 4498 epod
468 4436 642 4485 Tertullianum
729 4452 752 4498 g.
771 4450 799 4483 ac
817 4433 838 4482 si
857 4446 904 4481 non
923 4433 955 4481 sit
971 4428 1081 4498 uocatus]
1100 4433 1255 4481 llelntrinou

201 4507 344 4566 rosentem,
371 4506 547 4568 praescriptum,
575 4521 643 4568 proe-
696 4504 727 4551 sit
744 4510 851 4558 vocatos,
869 4500 1256 4549 antedornirromuidelicetiudi·

208 4586 276 4620 mo
294 4574 371 4622 nutit
385 4573 425 4635 qui
444 4571 480 4620 rel
500 4586 572 4619 onom
592 4574 644 4621 eius
697 4586 757 4619 cem.
794 4568 835 4617 Sic
852 4568 913 4617 inira
932 4583 986 4631 cap.
1002 4567 1037 4617 34
1054 4569 1119 4626 „Sed
1138 4575 1256 4630 quotenos

200 4653 227 4687 rar
246 4641 383 4703 perlegerit.
410 4638 480 4687 Amo
498 4641 597 4701 saepius
615 4640 646 4688 de
698 4653 725 4686 er
749 4639 787 4686 lris
810 4636 968 4685 revincendos
998 4652 1025 4685 es
1048 4649 1109 4699 qrrae
1135 4632 1257 4696 recepisti,

201 4707 331 4758 locutum.
350 4707 645 4769 V.adnot.adtpol.c.'l.
697 4708 733 4755 sic
751 4704 793 4754 tibi
812 4718 937 4752 occurram
956 4719 983 4753 oe
1000 4707 1023 4754 ri
1039 4718 1108 4752 meos
1119 4697 1257 4752 Christou.“

200 4770 271 4840 nn]
290 4777 342 4827 lloc
359 4783 398 4825 est
414 4775 645 4823 administratorum.
699 4774 756 4822 ltern
776 4769 875 4834 caudi
902 4774 960 4834 „qui
986 4773 1090 4834 tetigerit
1117 4784 1158 4817 ros
1184 4782 1210 4816 or
1236 4768 1259 4812 ri

203 4858 227 4893 ι
245 4843 352 4894 terrase.
380 4842 518 4892 llltirlrreo
537 4842 646 4892 llaoualo
697 4840 815 4904 pupillam
834 4837 897 4889 oculi
916 4842 962 4888 mei
981 4838 1087 4902 tangat.“
