3242 5775
315 617 377 682 aot
512 609 515 614 ’
565 633 668 685 ournrt
690 631 821 675 suornm
844 631 1009 675 morsurus
1031 630 1226 676 rennuentem

305 781 378 845 sti?
411 781 486 844 Ante
507 781 602 844 solem
624 783 754 845 manebit
775 800 885 844 nomen
907 782 983 844 eius.
1016 783 1089 845 Ante
1105 781 1200 858 solem
1216 781 1296 843 enim
1313 799 1373 843 serr

315 885 344 946 id
367 892 414 945 est
434 882 580 944 Christus.
624 883 660 944 Et
680 883 893 945 benedioentur
914 884 944 944 in
967 882 1017 944 illo
1039 881 1330 961 universae'gentes.

305 987 435 1047 ‚lomone
456 983 534 1045 nulla
555 984 636 1045 natio
658 984 860 1056 benedicitur,
883 984 912 1044 in
929 982 1048 1045 Christo
1070 1002 1140 1046 roro
1156 983 1264 1045 omnis.
1303 983 1373 1056 Quis

316 1085 343 1146 si
365 1093 395 1147 et
417 1084 503 1146 deum
525 1084 622 1147 ”eum
643 1086 701 1147 iste
723 1084 855 1166 psalmus
870 1082 1077 1146 demonstrat?
1104 1084 1142 1146 lit
1155 1084 1273 1147 beatum
1289 1103 1357 1145 eum

266 1230 268 1234 ,
316 1186 455 1267 quoniam
470 1185 643 1248 benedictus
658 1186 796 1248 dominus
811 1186 886 1246 deus
901 1185 1039 1258 Israelis,
1062 1185 1111 1265 qui
1135 1185 1205 1247 facit
1225 1185 1370 1247 mirabilia

315 1286 502 1349 benedictum
524 1305 634 1348 nomen
656 1287 767 1366 gloriae
789 1285 871 1359 eius,
899 1295 929 1347 et
950 1286 1113 1366 replebitur
1133 1286 1271 1348 universa
1295 1297 1373 1348 terra

316 1388 392 1450 eius.
435 1386 544 1449 Contra
565 1387 753 1460 ”salomom
775 1387 871 1447 audeo
894 1386 1009 1460 disere,
1033 1387 1120 1448 etiam
1143 1406 1230 1467 quam
1253 1388 1356 1449 babuit

316 1488 439 1568 gloriam
467 1488 566 1550 amisit
596 1506 650 1568 per
681 1487 835 1550 mulierem
869 1488 899 1548 in
932 1486 1126 1549 idololatriam
1159 1507 1255 1568 usque
1283 1489 1373 1569 ”pert

165 1590 446 1670 rs.nrru.r.¹⁸liaque
467 1607 534 1651 eum
557 1588 587 1650 iu
616 1588 714 1650 medio
743 1589 857 1669 psalmo
886 1588 955 1650 illud
983 1606 1102 1668 quoque
1127 1590 1257 1670 positum
1287 1591 1340 1650 sit:

317 1692 382 1754 eius
403 1691 553 1772 pulverem
582 1688 736 1768 ”lingent‚
768 1689 894 1752 subiecti
919 1689 1024 1769 utique
1051 1690 1177 1769 pedibus
1205 1691 1318 1771 ipsine,
1352 1710 1373 1753 a

315 1791 478 1873 pertinebit·
495 1799 618 1871 propter
638 1790 718 1870 quod
734 1792 812 1852 buno
832 1790 978 1871 psalmum
1000 1790 1060 1853 ”et
1081 1791 1165 1854 intuli
1188 1801 1218 1854 et
1238 1792 1274 1853 ad
1296 1810 1374 1853 mear

317 1893 439 1954 tentiam
461 1891 595 1964 delendi,
630 1899 661 1952 ut
683 1891 917 1952 confirmaverim
941 1899 971 1952 et
993 1891 1076 1971 regni
1099 1894 1221 1972 gloriam
1249 1901 1278 1955 et
1299 1894 1373 1954 inirn

316 1994 532 2056 subiectionem
554 1992 715 2055 seeundum
731 1993 959 2073 dispositionem
978 1993 1137 2066 creatoris,
1159 1993 1373 2056 ’'oonseoutun

317 2095 406 2158 alium
429 2093 607 2156 eredendum
631 2112 718 2173 quam
740 2092 894 2156 creatoris.
1277 2093 1280 2098 '

217 2220 304 2276 capr.
345 2223 348 2230 ·
403 2196 597 2258 Revertamur
618 2212 698 2256 nune
718 2194 754 2256 ad
776 2196 1044 2269 resurrectionem,
1067 2197 1113 2257 oui
1137 2205 1166 2257 et
1187 2196 1259 2259 alias
1280 2198 1371 2276 quide

316 2298 383 2379 prio
405 2297 554 2359 volumine
576 2296 773 2358 satisfecimus
796 2296 935 2358 omnibus
956 2296 1111 2359 haereticis
1133 2298 1326 2371 resistentem
1360 2317 1373 2361 s

168 2400 366 2466 iconrrnobie
388 2399 546 2473 desumus,
568 2407 693 2479 propter
712 2416 766 2459 sos
789 2396 839 2477 qui
861 2397 931 2458 illud
954 2398 1129 2478 opuseulum
1144 2398 1290 2478 ignorant.
1326 2399 1373 2473 Qu

319 2501 427 2563 lanient
453 2499 503 2579 qui
531 2517 587 2578 pro
615 2500 743 2561 mortuis
775 2498 989 2579 baptizantur·‚
1023 2500 1049 2559 si
1077 2499 1188 2561 mortui
1216 2518 1278 2560 non
1305 2517 1373 2561 resu

319 2600 433 2662 Viderit
453 2599 600 2684 institutio
617 2600 700 2663 'istu
730 2595 893 2671 Kalendae,
917 2600 943 2661 si
959 2601 1051 2672 forte,
1075 2600 1250 2663 Februariae
1265 2619 1373 2680 respon

319 2701 360 2763 illi
382 2720 438 2781 pro
459 2700 585 2763 mortuis
606 2700 754 2780 'peterek
787 2699 854 2761 Noli
876 2719 948 2781 ergo
963 2701 1130 2781 apostolum
1145 2720 1254 2762 norum
1271 2702 1370 2764 statim

320 2890 362 2943 25.
380 2903 434 2939 cum
452 2889 477 2939 B.
514 2900 592 2938 meum
611 2889 731 2940 ilienunsss
748 2891 773 2939 iss
790 2903 862 2952 rnsrp.
882 2890 918 2939 ed.
936 2893 1011 2953 prins.
1064 2888 1104 2940 26.
1123 2888 1279 2939 Sslomonem
1299 2891 1323 2939 C.

319 2965 410 3007 trsrtns
429 2957 454 3006 lt.
506 2954 546 3005 28.
565 2955 640 3020 Atque
659 2957 683 3004 it.
736 2955 776 3006 29.
795 2957 889 3020 lingunt
906 2957 949 3007 dd.
1002 2955 1043 3006 311.
1068 2965 1091 3006 et
1114 2956 1214 3006 adintuli
1233 2956 1258 3006 Β.
1312 2957 1368 3027 st..

320 3034 388 3074 turus
407 3026 430 3072 d.
466 3032 651 3073 consecuturum
668 3024 762 3088 reliqui.

388 3092 447 3155 Csp.
465 3091 492 3140 x.
537 3091 560 3139 1.
578 3091 623 3139 iste
643 3092 665 3141 d.
687 3132 689 3136 .
709 3090 732 3141 2.
751 3100 834 3155 petere
851 3091 938 3142 disis.
956 3091 1101 3142 divionensis
1119 3093 1193 3142 sodes
1210 3094 1310 3156 scriptus
1326 3108 1372 3157 pen

320 3163 384 3210 tirsns.
419 3166 529 3225 peterent
546 3160 578 3218 d,
599 3158 662 3208 Fule.
680 3159 784 3209 Ursinus.

320 3293 421 3344 tullieni.
447 3294 543 3357 Aliquot
561 3291 668 3355 exempla
686 3291 787 3341 iudisssi
805 3291 880 3341 adlle
932 3293 1032 3341 mortuis
1050 3292 1158 3341 videlieet
1176 3305 1224 3341 non
1241 3300 1371 3354 resurgent

322 3363 385 3423 Fuge
403 3363 426 3410 in
446 3360 568 3410 Persecut.
587 3374 639 3422 esp.
654 3358 692 3407 tn.
931 3359 1034 3409 absurda
1054 3366 1077 3408 et
1095 3357 1187 3408 inutilia
1201 3359 1304 3409 luissent
1314 3361 1373 3410 Febr

355 3431 413 3491 Cep.
431 3428 458 3477 X.
493 3440 515 3477 s.
539 3427 579 3491 qui
604 3440 649 3490 pro
672 3427 774 3474 mortuis
799 3425 880 3489 bspti·
932 3427 1074 3491 baptismus.
1099 3424 1225 3474 Videamus
1239 3441 1297 3489 ergo
1312 3441 1373 3491 quse

320 3491 424 3560 tantun]
449 3495 483 3544 lle
501 3495 539 3544 bis
557 3493 661 3558 apostoli
680 3493 758 3542 serbis
778 3493 880 3543 diximus
931 3495 962 3544 rit
978 3508 1047 3542 meus
1058 3494 1176 3557 Septimii.
1201 3494 1373 3559 Prolertspost

321 3564 362 3613 lib.
382 3563 414 3612 lle
433 3562 530 3612 llesurr.
549 3562 634 3611 Carnis
653 3559 755 3623 cupid,
774 3559 880 3623 (Rigalt.)
932 3561 1013 3621 „Quid
1037 3561 1123 3611 lanient
1150 3561 1190 3624 qui
1215 3576 1261 3625 pro
1286 3562 1374 3612 rnortui

355 3631 378 3678 b.
397 3629 525 3685 liniendae.
549 3631 569 3677 ei
588 3630 659 3686 forte,
677 3628 821 3677 Februarias
840 3642 880 3676 re·
931 3636 1023 3688 rentur,
1042 3628 1063 3677 si
1082 3628 1169 3677 mortui
1188 3642 1236 3677 non
1246 3637 1373 3692 resurgunt

320 3695 519 3760 spondebuntilli
534 3710 577 3758 pro
589 3696 690 3745 mortuis
701 3690 794 3760 petere]
815 3695 881 3745 Seri·
931 3696 977 3745 bus
995 3696 1073 3745 serbis
1091 3697 1220 3756 signidesri
1245 3704 1313 3760 putst
1336 3697 1373 3746 lui

320 3773 390 3826 ptura
409 3763 552 3827 exemplaris
572 3764 649 3813 Ursini
666 3770 702 3811 est
720 3762 826 3824 „Viderit
844 3763 881 3812 in·
932 3778 944 3813 s
964 3763 1106 3827 quibusdem
1125 3764 1258 3813 institutum
1284 3772 1311 3813 ut
1329 3779 1373 3828 pro

302 3831 412 3879 -stitutio
425 3830 477 3879 ists.
503 3829 881 3880 CsleudsesilorteFebrusriae
931 3831 1116 3894 baptizarentur.
1148 3830 1238 3879 lleinds
1256 3831 1298 3891 sit,
1316 3830 1373 3882 Vide

321 3897 502 3962 respondebunt
514 3897 559 3954 illi,
576 3912 622 3960 pro
633 3898 734 3948 mortuis
745 3897 880 3960 peterent.“
930 3899 991 3948 tutio
1010 3900 1063 3957 ists,
1088 3912 1118 3946 sn
1137 3898 1230 3948 rstione
1247 3898 1329 3962 eliqua
1346 3898 1373 3949 ni

322 3965 389 4014 Nisus
406 3979 461 4014 sero
480 3964 551 4014 talem
569 3964 709 4015 Tertulliani
736 3965 812 4014 luisse
831 3980 880 4016 nou
931 3967 1010 4016 stetim
1037 3973 1161 4029 comparat
1185 3966 1220 4015 illi
1245 3974 1373 4016 noremel

322 4032 438 4081 existimo.
492 4031 550 4080 Nsrn
585 4031 741 4094 interroganti
767 4033 880 4097 sportolo
932 4033 1061 4092 Calendis,
1079 4034 1164 4096 inquit,
1183 4032 1327 4083 Februarias
1345 4048 1373 4083 re

322 4099 402 4158 „Quid
428 4099 515 4147 lacient
539 4101 579 4162 qui
604 4114 649 4162 pro
673 4102 775 4149 mortuis
801 4100 881 4164 bapti·
933 4108 957 4150 et
975 4103 1110 4164 comparari
1135 4108 1237 4163 possunt
1255 4100 1300 4158 1111,
1326 4101 1372 4150 Pro

321 4173 413 4226 saritur,
432 4167 452 4214 si
472 4170 558 4215 mortui
577 4181 624 4215 non
644 4164 810 4229 resurgunti‘*
838 4169 882 4216 sb·
933 4176 1025 4232 petere.
1044 4165 1083 4232 τῷ
1095 4161 1225 4233 εὔχεσθαι
1235 4160 1303 4235 r‘rrsip
1314 4165 1370 4216 sris

322 4233 394 4297 surde
412 4248 555 4297 responsum
575 4235 661 4283 luisset
679 4234 819 4294 „Calenius
837 4235 882 4284 re·
933 4235 969 4285 iili
987 4236 1079 4285 seilicet
1098 4237 1152 4284 ritui
1170 4239 1219 4285 sire
1236 4237 1373 4286 institutioni

322 4301 433 4350 brusrise
452 4317 496 4364 pro
516 4304 761 4365 mortuispeterent.“
787 4303 881 4352 Etenim
934 4303 1048 4366 baptizari
1067 4318 1109 4352 seu
1129 4310 1211 4367 petere
1228 4317 1274 4368 pro
1293 4311 1373 4353 mortu

322 4367 380 4418 nibil
400 4377 528 4431 propterea
547 4370 666 4418 iuraretur
691 4371 808 4419 institutio
827 4372 881 4429 ists,
934 4381 956 4420 et
968 4372 1059 4420 Februa
1079 4370 1373 4434 serenissimorprsesrs

322 4448 393 4500 qusnr
426 4450 482 4484 sero
513 4437 679 4497 apostolorum
713 4437 788 4486 luisse
818 4438 881 4501 spud
933 4447 1011 4488 torum
1032 4440 1142 4496 mortuis,
1160 4440 1306 4503 stqnelrins
1324 4450 1373 4487 nors

323 4501 440 4567 quosdam
467 4505 598 4566 Septimius
624 4504 739 4565 credidit,
768 4504 882 4569 baptism-i
934 4513 984 4555 turn
1011 4507 1086 4555 mensi
1112 4506 1243 4557 Februario
1264 4515 1288 4556 et
1312 4506 1373 4556 cslet

323 4585 367 4634 pro
386 4571 495 4619 mortuis.
523 4571 615 4634 Nempe
633 4571 679 4619 boc
696 4573 884 4635 interrogatione
934 4573 1044 4623 brueriis.
1070 4574 1182 4623 Ovidius:
1200 4573 1373 4633 „Votsdeoili

324 4638 427 4701 spostoli
442 4639 547 4705 ponitur.
566 4647 675 4687 mortuos
686 4653 733 4689 non
747 4655 882 4702 resurgere.
934 4643 1025 4691 mensis
1043 4641 1142 4690 bebet.“
1188 4643 1260 4692 item:
1285 4641 1359 4701 „Post

322 4707 405 4769 ltsqne
431 4705 518 4754 dicerni
548 4714 656 4754 mortuos
680 4722 727 4755 non
755 4722 883 4770 resurgere
934 4711 1012 4758 cuitus
1040 4708 1116 4757 ricino
1136 4709 1228 4759 Februa
1252 4707 1373 4758 mensell

323 4774 377 4837 quis
395 4774 455 4822 sdes
473 4773 561 4822 stolide
579 4775 745 4836 respondisset
763 4776 883 4825 Calendis
934 4778 1042 4838 cognitis
1061 4776 1169 4826 lienibus
1186 4776 1313 4826 inlerlss.“
1338 4774 1372 4827 its

322 4841 465 4893 Fsluusriss
483 4855 528 4907 prs
546 4843 648 4894 mortuis
665 4839 804 4906 petituras?
835 4845 883 4894 l‘ro
932 4853 980 4895 tem
1003 4844 1149 4909 scripturum
1177 4844 1373 4911 „respondebunt
