3242 5775
649 617 796 730 narrabas
818 685 963 730 rnaxarn.
1125 707 1129 714 ›
1330 673 1391 737 689

216 828 295 895 ¹lins
317 834 353 894 ad
375 843 508 914 patrem,
532 844 561 894 et
584 854 684 895 sermo
708 834 879 897 addeum?
923 835 989 915 lpsa
1012 854 1130 916 quoque
1152 838 1279 901 clausula
1303 855 1393 902 evan·

216 934 283 1014 gelii
306 944 429 1013 propter
451 935 519 1013 quitl
543 936 696 1013 consignat
718 936 791 997 baec
814 934 939 1014 scripta,
963 937 1036 1009 nisi,
1060 937 1097 999 Ut
1118 939 1262 1013 credatis,
1286 939 1390 1019 inquit,
1405 948 1525 1000 tonat.

215 1036 316 1097 lesum
339 1035 488 1096 Christum
511 1037 602 1097 filium
625 1036 696 1097 dei?
728 1037 820 1116 lgitur
841 1055 1032 1116 quaecunque
1055 1057 1090 1100 ex
1110 1021 1160 1100 bis
1181 1040 1333 1121 putaveris
1355 1041 1392 1102 ad
1424 1087 1428 1094 κ

216 1135 502 1197 demonstrationem
526 1137 660 1197 einstlem
682 1139 775 1216 patris
797 1146 827 1198 et
842 1136 910 1198 titiit
930 1138 1075 1217 proficere
1092 1139 1143 1201 tibi
1161 1159 1263 1220 posse,
1287 1141 1394 1203 adver·

216 1256 269 1297 sus
293 1237 471 1297 definitivam
495 1238 635 1316 evangelii
658 1238 835 1298 sententiam
851 1238 966 1299 niteris.
1004 1240 1068 1300 Non
1091 1240 1159 1301 ideo
1182 1241 1261 1302 enim
1284 1242 1395 1322 scripta

174 1374 176 1377 <
215 1346 301 1408 sunt,
325 1348 358 1397 ut
379 1350 494 1416 patrem
517 1340 619 1399 credas
642 1338 758 1398 9lesuvn
783 1338 949 1412 Christum,
974 1340 1026 1400 sed
1049 1349 1082 1401 ut
1103 1340 1206 1402 lilium.

301 1440 428 1518 Propter
450 1459 540 1500 unnrn
563 1440 689 1519 Philippi
713 1458 883 1501 sermonem
916 1449 946 1500 et
967 1440 1080 1501 domini
1101 1442 1332 1522 responsionem
1355 1443 1392 1504 ad
1408 1446 1529 1503 captavi

216 1558 283 1600 eum
308 1540 458 1600 ¹videmur
479 1541 600 1600 loannis
624 1541 804 1619 evangelium
828 1540 1069 1615 ²decucurrisse‚
1091 1558 1130 1603 ne
1153 1552 1198 1604 tot
1218 1541 1393 1606 'manifeste
1453 1585 1458 1590 -

215 1641 406 1720 pronuntiata
435 1649 463 1700 et
491 1650 557 1700 ante
586 1649 615 1701 et
643 1651 746 1720 postea
776 1661 854 1702 unus
888 1660 988 1701 serrno
1023 1641 1188 1713 subvertat,
1229 1645 1392 1706 secundum

216 1741 315 1800 omnia
338 1741 439 1818 potius
462 1760 549 1820 qnam
573 1742 715 1801 adversus
740 1742 855 1814 omnia,
894 1743 980 1803 etiam
1009 1743 1152 1803 adversus
1181 1761 1254 1804 suos
1279 1731 1393 1805 'sensus

215 1841 468 1919 interpretandus.
514 1840 649 1902 Ceterum
675 1851 706 1904 ut
728 1843 783 1903 alia
811 1843 958 1921 evangelia
988 1861 1049 1904 non
1078 1844 1285 1922 interponam,
1317 1824 1394 1923 buce

214 1943 383 2002 ⁴nativitate
407 1941 553 2002 dominica
575 1942 681 2002 ‘tidem
704 1945 893 2017 confirmant,
922 1943 1031 2004 sullicit
1052 1943 1137 2004 ‘eum
1160 1944 1210 2023 qui
1233 1944 1315 2005 nasci
1338 1943 1393 2005 ba·

216 2044 305 2104 bebat
327 2062 361 2103 ex
384 2040 497 2120 virgine
520 2043 556 2103 ab
579 2042 645 2120 ipso
670 2045 837 2105 annuntiari
861 2044 966 2123 angelo
982 2044 1074 2105 filium
1091 2044 1138 2105 dei
1153 2043 1393 2107 determinatum.

216 2143 347 2222 Spiritus
370 2143 416 2202 dei
440 2146 627 2221 superveniet
648 2145 678 2204 in
707 2154 752 2217 te,
786 2154 816 2205 et
843 2145 935 2205 virtus
965 2144 1102 2205 altissimi
1130 2143 1318 2206 obumbrabit
1345 2154 1522 2216 tenueras.

215 2254 373 2323 propterea
397 2245 475 2321 quod
499 2253 637 2305 nascetur
659 2264 694 2305 ex
718 2255 745 2305 te
768 2246 936 2317 'sanctum
961 2245 1114 2306 vocabitur
1135 2244 1213 2306 filius
1237 2244 1294 2307 dei.
1330 2245 1393 2306 Vo-

215 2346 279 2406 lent
301 2344 417 2423 quidem
440 2354 469 2403 et
491 2345 539 2404 bic
568 2345 783 2422 argumentari,
818 2346 870 2407 sed
900 2346 1008 2414 veritas
1036 2344 1225 2424 praevalebit.
1269 2345 1392 2426 Nempe,

216 2445 370 2524 inquiunt,
394 2444 471 2505 filins
495 2445 542 2505 dei
565 2445 638 2506 deus
662 2455 724 2517 est,
748 2455 779 2506 et
801 2446 895 2507 virtus
911 2447 1046 2507 altissimi
1063 2446 1225 2507 altissimus
1240 2454 1297 2507 est.
1333 2446 1395 2507 Nec

216 2546 309 2626 putlet
330 2546 398 2605 illos
421 2545 531 2606 inicere
554 2545 666 2624 ⁸qnod,
691 2546 716 2605 si
740 2556 837 2618 esset,
870 2546 1013 2626 scriptum
1036 2547 1151 2612 luisset.
1195 2547 1291 2618 Quem
1314 2545 1393 2607 enim
1494 2569 1497 2578 ¹

217 2646 388 2718 verebatur,
413 2654 527 2705 utnon
550 2655 651 2724 aperte
673 2647 894 2725 pronuntiaret,
924 2648 1003 2708 Deus
1025 2646 1229 2725 superveniet,
1254 2654 1284 2707 et
1306 2646 1392 2708 altis·

218 2748 313 2807 simus
336 2745 524 2806 obumbrabit
547 2745 599 2806 te?
643 2747 750 2808 Dicens
773 2755 888 2821 autem,
922 2747 1050 2826 Spiritus
1078 2747 1143 2820 dei,
1173 2746 1230 2808 etsi
1252 2744 1394 2826 'spiritus

217 2848 283 2920 elei,
308 2856 405 2907 tamen
429 2865 487 2907 non
511 2839 622 2907 directo
647 2848 733 2908 deurn
757 2849 914 2911 nominans
947 2848 1116 2929 portionem
1143 2847 1237 2909 totius
1265 2845 1395 2926 intellegi
1469 2873 1477 2883 ’

216 2949 326 3020 voluit,
350 2967 424 3026 qnae
447 2967 568 3008 cessura
592 2958 654 3009 erat
676 2950 704 3009 in
722 2950 909 3011 liliinomen.
942 2950 997 3011 llic
1019 2949 1143 3029 spiritus
1166 2948 1214 3009 dei
1236 2948 1314 3010 idem
1338 2947 1395 3009 erit

216 3069 327 3110 sermo.
362 3049 471 3108 ¹⁰Siout
493 3049 570 3108 enim
593 3047 702 3110 loanne
725 3051 850 3123 dicente,
874 3051 978 3111 Sermo
998 3069 1066 3111 caro
1083 3049 1204 3111 ¹¹lactus
1220 3059 1275 3122 est,
1299 3047 1391 3128 ¹²spi·
1407 3064 1502 3117 tntu,

217 3151 308 3212 ritum
333 3169 449 3228 quoque
472 3149 668 3226 intellegimus
693 3152 890 3212 inaementione
906 3151 1069 3223 sermonis,
1093 3150 1132 3210 ita
1156 3158 1186 3210 et
1206 3149 1255 3211 bio
1276 3167 1393 3210 sermo-
1419 3138 1425 3147 ’
1491 3141 1494 3153 ’

218 3270 288 3312 nem
312 3270 429 3328 quoqne
452 3251 640 3327 agnoscimus
663 3251 691 3310 in
715 3252 836 3311 nomine
859 3253 992 3330 spiritns.
1027 3251 1099 3310 Nam
1123 3258 1151 3309 et
1174 3248 1295 3328 spiritus
1318 3248 1393 3309 sub·

218 3352 327 3411 stantia
350 3360 396 3410 est
418 3349 578 3422 sermonis,
602 3358 631 3410 et
653 3369 752 3410 sermo
776 3351 909 3428 operatio
931 3351 1062 3428 spiritus,
1081 3358 1115 3409 et
1131 3349 1190 3409 dno
1206 3366 1296 3407 unum
1313 3356 1394 3407 sunt.
1453 3406 1456 3410 ,

219 3453 359 3512 Ceterum
383 3451 470 3511 aliurn
492 3451 620 3510 loannes
643 3450 831 3527 prolitebitur
859 3468 976 3510 carnem
1000 3451 1124 3520 iactum,
1158 3447 1246 3506 aliurn
1274 3445 1395 3525 angelus

218 3570 338 3612 carnem
362 3553 508 3622 tutorum,
536 3550 561 3609 si
586 3569 646 3609 non
669 3561 697 3609 et
721 3550 844 3628 spiritus
868 3567 967 3610 sermo
991 3558 1054 3620 est,
1088 3555 1117 3607 et
1139 3564 1239 3606 sermo
1262 3545 1395 3624 spiritus.

220 3653 306 3712 Sicut
327 3670 397 3730 ergo
422 3669 521 3711 sermo
544 3650 590 3709 dei
613 3668 671 3709 non
696 3659 742 3711 est
764 3650 829 3729 ipse
852 3649 935 3709 cuius
959 3657 1022 3720 est,
1052 3648 1091 3707 ita
1120 3665 1175 3706 nec
1196 3645 1337 3725 spiritus,
1367 3652 1397 3707 et

220 3753 247 3813 si
271 3746 345 3812 bens
368 3752 463 3812 dictus
486 3760 546 3823 est,
580 3770 641 3810 non
665 3749 789 3809 ¹³tamen
814 3748 877 3826 ipse
906 3756 952 3809 est
980 3747 1064 3809 cuius
1087 3754 1134 3808 est
1155 3746 1262 3807 dictus.
1312 3744 1396 3805 Nulla
1447 3774 1453 3780 ⁸

220 3873 271 3915 res
295 3853 416 3914 alicuius
440 3854 505 3931 ipsa
528 3851 680 3928 estvcuius
705 3859 759 3911 est.
810 3850 900 3911 Plane
929 3867 995 3909 cum
1024 3847 1094 3926 qnid
1124 3866 1158 3908 ex
1188 3847 1253 3926 ipso
1277 3853 1339 3919 est,
1368 3853 1398 3905 ct

221 3955 265 4016 sic
288 3955 353 4015 eius
376 3964 436 4023 est,
460 3953 530 4012 dum
554 3971 588 4011 ex
611 3953 676 4030 ipso
699 3951 754 4023 sit,
786 3958 888 4029 potest
911 3949 966 4009 tale
989 3949 1058 4028 quid
1082 3967 1150 4010 esse
1173 3947 1257 4026 quale
1280 3945 1397 4025 etipse

222 4075 257 4115 err
281 4074 338 4134 quo
363 4063 410 4114 est
433 4063 461 4114 et
483 4055 566 4114 euius
591 4060 645 4112 est.
690 4052 727 4111 Et
750 4051 815 4110 ideo
840 4050 962 4128 spiritus
987 4049 1107 4121 ¹⁴deus,
1134 4057 1164 4108 et
1186 4066 1287 4108 sermo
1311 4047 1397 4120 deus,
1464 4126 1471 4137 ο

223 4156 290 4234 quia
315 4174 349 4216 cx
372 4156 444 4227 deo,
468 4174 528 4214 non
552 4164 648 4214 tamen
673 4153 736 4231 ipse
759 4170 795 4212 cx
818 4144 885 4230 quo‘
900 4158 954 4212 est.
1002 4149 1115 4221 “Quod
1139 4149 1215 4210 deus
1236 4147 1301 4221 dei,
1329 4155 1396 4208 tan·
1432 4208 1437 4214 ,

224 4308 247 4357 9.
267 4309 290 4357 in
310 4309 388 4356 lesam
407 4308 450 4356 All.
470 4307 533 4355 teir.

294 4376 446 4437 Capillt'l.
493 4374 692 4421 l.vivlemoscd.
748 4371 769 4418 2.
790 4370 927 4420 decurrisse
944 4372 969 4418 t.
988 4369 1052 4418 leid.
1105 4365 1400 4415 &manifestationi

224 4444 248 4491 4.
269 4445 297 4490 de
317 4445 436 4491 nativitate
455 4443 490 4489 cri.
540 4441 562 4487 5.
583 4441 645 4487 itlern
665 4443 696 4498 d.,
717 4455 767 4488 cum
785 4440 866 4488 Fuluio
886 4437 976 4485 Ursino.
1025 4434 1047 4483 6.
1067 4435 1129 4482 eninr
1148 4433 1192 4483 AB.
1211 4434 1274 4482 teir.
1315 4432 1400 4481 ‘bvo-

225 4509 559 4559 eabitursanrtnsrlleid.
622 4502 1176 4569 8.qrrod--vn·ehnrorom.1t.tera.
1238 4499 1400 4562 sspiritum

226 4579 263 4625 dei
282 4596 301 4627 c.
339 4579 438 4638 spiritns
457 4576 494 4623 dei
515 4577 574 4622 dens
593 4576 626 4634 d„
646 4590 696 4622 cunt
714 4575 794 4622 Fulvio
806 4573 896 4621 Ursino.
945 4570 983 4619 10.
1002 4569 1069 4618 Sicut
1087 4570 1123 4618 cd.
1141 4569 1214 4628 teir,
1234 4567 1401 4642 ενεύίείιέεεὲτ

226 4646 266 4693 Sic
283 4647 376 4708 reliqui.
433 4644 471 4691 11.
491 4641 712 4690 inclamabat„
760 4639 797 4688 12.
817 4640 916 4702 spiritns
935 4655 957 4686 n.
1011 4635 1051 4685 13.
1069 4635 1133 4685 enim
1151 4637 1175 4685 Δ.
1196 4637 1260 4685 leiti.
1305 4632 1342 4680 ll.
1362 4631 1400 4680 det

227 4714 286 4761 deus
306 4722 328 4761 et
346 4725 427 4760 sermo
447 4711 484 4758 dei
503 4711 563 4758 deus
583 4712 614 4768 tt,
634 4709 698 4757 Folo.
710 4708 814 4756 Ursinus.
870 4706 907 4753 15.
928 4704 996 4762 Quod
1015 4706 1035 4753 si
1055 4703 1086 4763 d„
1107 4718 1157 4752 cum
1174 4703 1255 4751 Fulvio
1275 4700 1367 4749 Ursino.

263 4815 278 4861 l.
300 4813 530 4861 demonstrationem
550 4809 658 4857 eiusdem
675 4811 750 4872 patris
770 4816 793 4858 et
810 4801 866 4870 lilii]
896 4806 948 4854 lloc
973 4810 1011 4854 est
1033 4803 1097 4868 qnod
1121 4811 1191 4867 pater
1214 4799 1319 4850 attilius
1337 4797 1402 4847 idem

228 4882 285 4930 sint.
318 4881 510 4942 breviloquentia
528 4877 685 4941 Septimiana.

261 4967 418 5009 Terruerunt
434 4978 485 5008 orn.
498 4975 644 5007 amoenare.
664 4961 728 5004 Tora.
737 4959 765 5004 ll.
940 4933 944 4942 Ι
1216 4948 1249 4999 44
