3242 5775
600 465 749 514 cornacus
770 466 915 526 rmum.
1279 459 1342 528 θοι

143 614 248 688 recita
278 611 352 676 lecit
372 611 453 678 euim
474 621 505 680 et
524 613 590 693 ipse
611 633 687 694 quae
708 616 784 680 lacta
803 625 876 682 sunt
895 633 951 698 per
977 616 1071 682 illum.
1115 621 1210 696 Quale
1238 631 1286 688 cst
1312 635 1361 689 ut,

144 713 237 779 nihil
260 712 302 778 sit
323 711 390 798 ipse
412 712 560 796 sine.quo
583 716 657 778 nihil
678 718 869 793 factumest,
892 727 925 781 ut
945 718 1044 786 inanis
1065 721 1161 786 solida
1182 731 1213 786 et
1232 741 1345 790 vacuus
1403 786 1406 792 .

143 816 251 897 plena
273 822 305 877 et
326 814 522 895 incorporalis
545 816 709 897 corporalia
731 817 772 882 sit
793 818 959 899 operatus?
991 820 1066 886 Nam
1089 824 1145 887 cui
1167 831 1268 904 petest
1288 825 1345 890 all·

144 916 284 999 quando
306 915 377 995 quid
399 916 470 979 deri
486 917 638 981 diversum
660 919 725 982 eius
752 939 808 1000 per
829 922 908 1001 quod
931 922 980 996 lit,
1013 923 1088 986 nihil
1120 933 1218 988 tamen
1245 934 1347 1007 potest

145 1020 227 1083 fieri
249 1036 307 1099 per
329 1017 360 1079 id
381 1019 460 1097 quod
482 1037 606 1082 vacuum
636 1029 665 1084 et
691 1020 779 1083 inane
809 1031 866 1085 est.
909 1022 1005 1086 Vacua
1032 1032 1063 1086 et
1088 1023 1188 1088 inanis
1218 1045 1270 1088 res
1297 1035 1369 1100 est,

146 1133 265 1185 sermo
288 1119 353 1193 dci,
376 1120 429 1199 qui
450 1120 529 1183 lilius
552 1121 649 1183 dictus
672 1131 735 1196 est,
762 1123 813 1203 qui
836 1123 903 1203 ipse
925 1123 999 1186 deus
1023 1126 1249 1206 cognominatus
1270 1126 1344 1206 eall

147 1221 195 1285 Et
219 1240 324 1285 sermo
346 1228 410 1283 erat
431 1222 509 1300 apud
531 1221 636 1293 deum,
660 1230 690 1284 ct
710 1223 783 1286 deus
806 1232 871 1285 erat
885 1241 996 1290 sermo.
1028 1228 1252 1307 scriptumest:
1274 1228 1439 1299 Naurum.

145 1342 268 1388 sumes
287 1340 398 1386 nomeu
419 1322 467 1384 dei
488 1323 519 1385 in
541 1341 659 1386 vanum.
702 1323 757 1386 llic
777 1334 858 1387 certa
880 1334 926 1388 cst
947 1326 997 1406 qui
1022 1327 1054 1389 in
1076 1328 1174 1408 effigia
1194 1328 1243 1393 dei
1264 1330 1498 1393 aon-exodum.

148 1427 288 1494 stitutus
314 1442 377 1486 uon
403 1424 536 1504 rapinam
566 1425 744 1488 existimarit
771 1443 840 1488 esse
871 1444 904 1487 aa
933 1428 1084 1507 aequalem
1113 1430 1180 1492 deo.
1215 1429 1259 1492 ln
1286 1381 1471 1511 qnam'u’o'

148 1527 261 1605 effigie
283 1524 356 1588 dcii
378 1525 481 1605 utique
502 1526 534 1590 iu
556 1526 622 1599 alia,
644 1536 818 1612 nontamen
841 1527 872 1588 in
885 1527 976 1590 nulla.
1010 1529 1086 1601 Quis
1101 1530 1181 1594 enim
1198 1530 1345 1611 ¹²negabit
1418 1535 1424 1544 '

151 1629 252 1692 deum
275 1644 383 1708 corpus
406 1644 491 1700 esse,
525 1627 581 1689 etsi
611 1628 684 1717 deus
708 1628 833 1708 spiritus
863 1627 934 1692 esti
977 1629 1106 1710 Spiritus
1129 1630 1209 1693 enim
1231 1648 1344 1711 corpus

152 1729 207 1793 sui
231 1726 351 1808 generis
374 1726 405 1789 in
427 1732 482 1789 sua
504 1728 611 1807 effigie.
662 1728 749 1791 ¹²Sed
772 1728 850 1791 etsi
873 1729 1030 1793 invisibilia
1051 1730 1115 1805 illa,
1149 1749 1342 1812 quaecunque

153 1838 243 1904 sunt,
267 1828 378 1892 halrent
399 1828 478 1908 apud
501 1828 588 1892 deum
611 1839 641 1891 et
661 1848 749 1892 suum
765 1848 874 1910 corpus
894 1839 924 1891 et
938 1850 1023 1893 suam
1038 1811 1175 1909 formam,
1196 1850 1252 1913 por
1266 1849 1342 1912 puae

154 1932 220 1995 soli
245 1931 304 1994 deo
331 1929 459 1992 visibilia
487 1939 571 2001 suut,
606 1941 716 2010 quanto
747 1932 843 2009 magis
875 1932 956 2011 quod
985 1951 1021 1995 ex
1048 1933 1144 2012 ipsius
1174 1932 1342 1995 substantii

151 2033 306 2097 emissum
320 2031 448 2095 estsine
463 2030 629 2093 substantia
644 2050 704 2093 non
724 2031 804 2094 erit?
838 2031 1038 2113 Quaecunque
1061 2031 1160 2113 ”ergo
1175 2032 1342 2096 subeuntia

156 2133 313 2198 sermonis
335 2133 407 2205 luit,
435 2132 513 2197 illam
537 2132 602 2193 dico
625 2150 802 2211 personam,
834 2142 864 2193 et
884 2132 926 2193 illi
948 2150 1059 2195 nomen
1081 2132 1134 2196 lilii
1154 2132 1290 2207 uindico,
1312 2141 1343 2194 ct

158 2236 234 2299 dum
255 2234 350 2297 lilium
371 2251 518 2312 agnosco,
541 2233 706 2295 secundnm
728 2251 745 2294 a
767 2241 851 2312 patre
873 2233 1012 2296 delendo.

247 2335 328 2397 ¹lloe
357 2335 384 2397 si
411 2333 481 2413 ²qui
502 2334 648 2414 putaverit
675 2334 742 2395 'me
769 2329 956 2417 ’προβολὴν
984 2334 1111 2414 aliquam
1140 2331 1340 2407 introducere,
1359 2360 1479 2419 Qum,

159 2438 192 2501 id
222 2444 271 2500 est
296 2435 494 2517 prolationem
523 2435 567 2497 rei
595 2436 716 2498 alterius
746 2454 783 2497 ex
815 2434 921 2510 altera,
954 2435 1035 2516 quod
1062 2434 1132 2497 lacit
1157 2433 1340 2507 Valentinus,

160 2540 368 2618 adunatque
395 2537 483 2600 alium
512 2538 645 2599 leonem
675 2536 711 2604 de
737 2536 840 2598 Aeone
871 2537 1057 2617 producens,
1088 2536 1187 2617 primo
1219 2534 1339 2615 quidem

162 2641 259 2705 dicam
280 2639 352 2714 tibi,
374 2657 436 2702 non
458 2639 524 2701 ideo
547 2656 609 2698 non
632 2638 749 2700 ⁵utatur
768 2639 921 2701 etveritas
935 2637 1078 2708 vocabulo
1100 2637 1160 2700 isto
1183 2645 1215 2700 et
1234 2655 1269 2700 re
1288 2636 1341 2699 ⁶ac

161 2760 256 2806 censu
278 2740 342 2803 eius
364 2740 433 2819 quia
454 2749 485 2802 et
504 2738 639 2801 haeresis
660 2739 770 2815 utitur,
792 2739 884 2801 immo
906 2721 1057 2802 ⁷haeresis
1073 2737 1238 2819 ‘potidaea
1258 2732 1339 2799 veri·

161 2852 221 2908 tate
243 2841 358 2924 accepit
379 2841 459 2923 quod
482 2841 518 2903 ad
540 2840 724 2903 mendacium
748 2859 836 2903 suum
851 2849 991 2904 strueret
1023 2840 1162 2905 Prolatus
1177 2847 1225 2903 est
1239 2855 1340 2902 sermo

164 2946 211 3009 dei
233 2963 271 3008 an
293 2942 383 3006 non?
426 2943 481 3006 Hic
503 2963 618 3005 mecum
640 2943 763 3023 gradum
786 2944 852 3022 lige.
897 2942 930 3005 Si
952 2943 1086 3023 prolatus
1108 2950 1167 3017 eat,
1190 2957 1340 3030 cognosce

162 3041 350 3130 ’προβολὴν
373 3044 523 3118 scutalia,
547 3053 577 3105 et
598 3045 706 3105 viderit
726 3044 880 3118 haeresis,
902 3044 929 3106 si
951 3045 1021 3124 quid
1036 3044 1074 3105 de
1088 3043 1212 3104 veritate
1226 3041 1339 3103 imitata

162 3159 219 3211 est.
248 3149 311 3211 lam
333 3165 412 3209 nunc
432 3146 584 3226 quaeritur
605 3145 672 3225 quis
696 3145 847 3224 quomodo
871 3154 969 3206 utatur
991 3144 1087 3223 aliqua
1101 3123 1181 3204 re'et
1194 3132 1338 3202 uocabulo

164 3249 254 3313 cius?
292 3248 465 3310 Valentinus
487 3242 676 3331 9πρσβολοὶς
695 3265 769 3317 enas
791 3245 934 3308 discernit
955 3253 986 3307 et
1007 3251 1125 3324 separat
1146 3241 1183 3302 ab
1205 3247 1338 3311 aumora,

161 3352 254 3415 etita
275 3351 364 3430 longe
385 3348 422 3411 ab
445 3368 483 3411 eo
505 3336 604 3430 pellit,
626 3357 660 3410 ut
680 3349 764 3410 leon
785 3356 900 3428 patrem
923 3345 1052 3419 nesciat3
1075 3342 1203 3421 deniquo
1216 3339 1339 3401 deside·

160 3462 207 3516 rat
227 3470 338 3526 nosse,
365 3469 422 3513 nec
443 3459 560 3530 potest,
593 3450 684 3511 immo
708 3458 738 3512 et
759 3467 853 3529 paene
875 3448 1033 3509 devoratur
1061 3451 1094 3505 et
1112 3439 1287 3503 dissolvitur
1307 3438 1339 3500 in

160 3554 304 3635 reliquam
327 3551 551 3615 substantiam.
593 3551 677 3630 Apud
701 3558 879 3612 nouantem
901 3547 985 3609 solus
1008 3544 1086 3606 lilius
1107 3549 1223 3623 patrem
1243 3538 1484 3621 nonusnullum

160 3666 191 3718 et
211 3655 312 3719 sinum
334 3654 427 3734 patris
449 3653 515 3733 ipse
544 3652 699 3731 exposuit,
733 3642 776 3712 et
794 3650 894 3712 omnia
922 3647 1000 3728 apud
1028 3652 1142 3727 patrem
1170 3640 1281 3704 audivit
1307 3641 1444 3703 ollulis.

159 3757 249 3831 vidit,
278 3765 310 3817 et
332 3755 434 3834 ¹⁰quae
454 3754 610 3815 mandatus
634 3759 681 3814 est
702 3770 719 3812 a
739 3759 840 3831 patra,
868 3767 903 3811 ea
931 3758 961 3811 et
982 3746 1130 3827 loquitur3
1162 3762 1218 3806 nec
1240 3750 1479 3815 caenaculum.

161 3859 214 3921 sed
236 3856 332 3938 patris
354 3856 480 3938 perfecit
500 3854 697 3927 voluntatem,
725 3871 813 3931 quam
836 3851 873 3913 de
894 3848 1049 3930 proximo,
1079 3847 1170 3909 immo
1192 3844 1230 3906 de
1251 3842 1337 3905 initio
1351 3852 1461 3905 luvet&

162 3968 296 4023 noverat.
330 3957 405 4031 Quia
428 3957 507 4020 enim
530 3955 586 4018 scit
607 3973 682 4035 quac
705 3952 818 4016 sintin
840 3951 897 4013 deo
919 3950 978 4012 nisi
993 3950 1115 4031 spiritus
1130 3947 1182 4028 qui
1196 3946 1227 4008 iu
1243 3945 1262 3978 ¹¹
1270 3944 1337 4024 ipss
1350 3952 1492 4006 teor-ssmi-

163 4146 201 4227 ιιι.
220 4145 441 4222 aegitaniae.
502 4105 614 4231 musea
633 4150 657 4192 a
673 4143 695 4193 u
719 4139 847 4192 aceruum
864 4114 926 4192 aaa}
943 4139 1008 4190 cera.
1048 4135 1097 4189 su
1115 4114 1140 4186 ei
1156 4131 1283 4187 rasurum·
1300 4147 1340 4184 aa

161 4212 492 4346 l'meaplalll&waldila
508 4235 628 4330 casallos:
680 4276 705 4327 2.
724 4276 764 4340 qui
783 4292 828 4326 om.
842 4277 868 4327 l.
887 4273 951 4325 leid.
1009 4270 1034 4324 3.
1052 4285 1090 4322 ne
1109 4269 1192 4321 ocal.
1208 4268 1273 4322 leid.
1314 4262 1340 4319 4.

162 4349 282 4411 probolen
300 4348 325 4397 B.
362 4346 490 4412 probolem
507 4347 533 4396 l.
551 4347 616 4396 leid.
659 4344 685 4396 5.
703 4345 777 4394 utitur
793 4344 838 4394 AB.
857 4343 921 4393 leid.
956 4339 1162 4391 uteturlats'm'ar.
1197 4335 1222 4388 6.
1240 4347 1341 4387 accessu

164 4418 214 4466 eius
231 4417 275 4467 ll.
294 4416 358 4466 leid.
400 4416 424 4466 7.
444 4415 538 4464 haeresi
555 4418 582 4464 Α.
600 4415 665 4464 leid.
708 4411 732 4462 8.
750 4409 870 4477 probolen
889 4408 914 4458 B.
949 4407 1115 4473 proboleml.
1131 4404 1198 4456 leid.
1237 4402 1263 4454 9.
1280 4414 1341 4467 pro·

164 4481 233 4534 bulas
249 4484 294 4534 AB.
311 4484 380 4535 Leid.
433 4480 473 4531 10.
491 4481 521 4531 ad
540 4495 602 4547 quae
619 4482 734 4532 latinius.
788 4471 1110 4542 ll.clristo(1pol.ll.
1127 4473 1194 4525 leid.
1282 4525 1285 4533 ,

195 4617 255 4683 Cap.
272 4617 334 4669 Vlll.
368 4632 391 4668 a.
414 4625 439 4666 et
460 4631 539 4681 paone
556 4615 684 4669 devoratur
706 4621 730 4666 ct
753 4611 893 4666 dissolvitur
917 4612 943 4664 iu
960 4609 1080 4678 reliquam
1097 4598 1278 4668 subsumiaml
1301 4601 1340 4653 dl.

165 4680 218 4736 ldr.
234 4684 353 4737 valentin.
371 4699 424 4750 cap.
435 4684 514 4750 ttsq.
1330 4702 1334 4710 ·
