3242 5775
296 654 337 718 82
555 667 656 719 ournrr
679 659 811 709 suerunt
834 664 998 708 sionensis
1021 662 1217 707 rsaroccuru

295 821 352 883 bus
374 838 410 879 ex
432 817 543 897 nuptiis
565 824 642 877 nata.
699 814 770 876 Sine
792 814 882 876 dubio
905 832 940 873 ex
962 812 1150 873 damnatione
1172 810 1302 890 coniugii
1325 811 1477 874 institutio

296 921 351 983 ista
368 918 525 980 constabit.
558 918 733 990 Videamus,
756 934 793 976 an
816 916 909 988 iusta,
933 932 994 974 non
1010 913 1093 993 quasi
1110 912 1290 974 destructuri
1304 913 1476 975 felicitatem
1519 961 1523 995 ;

298 1020 476 1093 sanctitatis,
506 1028 538 1080 ut
560 1019 648 1097 aliqui
670 1016 852 1078 Nicotaiueb
874 1024 1040 1077 assertores
1061 1014 1192 1076 libidinis
1214 1022 1302 1092 atque
1331 1014 1476 1086 luxuriae,
1519 1059 1523 1097 ,-

298 1123 352 1183 sed
374 1120 424 1200 qui
447 1119 631 1182 sanctitatem
656 1118 720 1179 sine
743 1118 912 1197 nuptiarum
935 1116 1124 1176 damnatione
1139 1116 1312 1176 noverimus
1330 1124 1361 1176 et
1376 1125 1477 1177 secte·

297 1240 366 1283 mur
387 1229 416 1282 et
437 1222 656 1300 praeferamus,
690 1206 750 1280 non
779 1227 812 1279 ut
840 1218 916 1279 malo
945 1218 1075 1290 bonum,
1109 1217 1162 1277 sed
1192 1225 1225 1278 ut
1251 1216 1334 1277 bono
1357 1217 1476 1278 melius.
1500 1225 1523 1302 ’ἱ

297 1323 464 1384 Nonenim
487 1321 666 1402 proicimus,
701 1321 755 1382 sed
784 1319 962 1399 deponimus
991 1319 1126 1397 nuptias,
1157 1337 1212 1379 nec
1233 1318 1476 1397 praescribimus,

299 1425 352 1485 sed
376 1425 535 1485 suademus
559 1423 759 1489 sanctitatem,
783 1429 934 1483 servantes
958 1429 988 1481 et
1008 1419 1119 1480 bonum
1143 1426 1173 1480 et
1193 1418 1299 1480 melius
1322 1438 1379 1499 pro
1402 1419 1476 1482 viri·
1517 1469 1523 1508 ἰ

297 1524 355 1586 bus
378 1525 522 1603 cuiusque
544 1522 701 1596 sectando,
724 1531 794 1583 tunc
809 1522 936 1601 denique
951 1521 1121 1599 coniugium
1137 1530 1253 1581 exserte
1269 1521 1477 1594 defendentes,
1516 1574 1523 1598 ,

299 1644 365 1687 cum
388 1625 507 1685 inimice
528 1631 683 1685 accusatur
704 1623 863 1701 spurcitiae
885 1622 1006 1683 nomine
1023 1622 1054 1682 in
1070 1621 1304 1682 destructionem
1320 1622 1478 1696 creatoris,
1513 1603 1523 1700 ,⁸

299 1725 349 1805 qui
371 1725 497 1805 proinde
519 1725 688 1803 coniugium
719 1742 776 1802 pro
799 1723 842 1784 rei
864 1725 1021 1784 honestate
1050 1722 1200 1784 benedixit
1224 1722 1270 1783 ¹in
1293 1731 1479 1785 crementum
1521 1783 1523 1787 .

299 1826 417 1905 generis
440 1827 575 1909 bomani,
599 1826 846 1904 quemadmodum
870 1832 900 1886 et
914 1824 1084 1885 universum
1099 1822 1279 1885 conditionis
1295 1823 1326 1883 in
1341 1823 1479 1903 integros
1518 1883 1523 1921 ἦ

268 1924 271 1929 ’
300 1935 331 1988 et
351 1928 449 1988 bonos
472 1945 554 1988 usus.
594 1926 659 1986 Non
689 1926 756 1986 ideo
779 1935 878 1986 autem
901 1934 930 1986 ct
952 1925 1010 1986 cibi
1032 1924 1252 1986 damnabuntur
1274 1924 1341 2004 quia
1365 1943 1479 2005 opero·
1516 1983 1521 2008 Ι,

300 2028 363 2089 sius
386 2027 523 2107 exquisiti
545 2028 575 2088 in
597 2027 694 2106 gulam
717 2026 918 2096 committunt,
951 2026 1003 2087 'ut
1031 2045 1086 2087 nec
1113 2027 1238 2087 vestitus
1260 2026 1329 2086 idco
1352 2044 1479 2088 accusa·

300 2126 411 2189 buntur
443 2128 509 2206 quia
537 2128 701 2207 pretiosius
734 2126 894 2205 comparati
924 2126 953 2187 in
983 2127 1175 2188 ambitionem
1205 2135 1385 2188 tumescunt.
1430 2125 1481 2190 Sio

301 2247 357 2290 nec
378 2229 557 2290 matrimonii
580 2247 629 2290 res
651 2229 718 2289 ideo
740 2227 925 2307 despuentur
946 2227 1013 2306 quia
1034 2228 1280 2306 intemperantius
1306 2226 1480 2289 diliusaoio
1516 2219 1522 2228 ’

301 2330 445 2392 luxuriam
462 2330 662 2391 inardescunt.
695 2330 817 2390 blultum
834 2330 934 2390 diliert
954 2329 1032 2390 inter
1054 2348 1172 2390 causam
1194 2336 1224 2389 et
1245 2328 1384 2407 culpam,
1402 2329 1482 2390 inter

302 2438 411 2491 statum
434 2440 464 2492 et
485 2451 648 2493 excessum.
691 2432 733 2492 lta
756 2429 929 2492 huiusmodi
950 2448 1010 2490 non
1033 2430 1198 2502 institutio,
1226 2430 1278 2490 sed
1302 2428 1517 2533 exorbitatio¹

303 2530 488 2608 reprobanda
510 2541 574 2604 est,
607 2532 769 2591 secundum
792 2549 949 2593 censuram
972 2530 1154 2591 institutoris
1177 2529 1289 2608 ipsius,
1318 2531 1404 2592 cuius
1433 2519 1523 2592 est

151 2620 375 2730 sfgffissffqtam,
388 2630 528 2691 ·Crescite
550 2638 580 2691 et
601 2631 852 2710 multiplicamini,
879 2650 967 2712 quam
989 2639 1035 2704 et,
1057 2630 1124 2691 Non
1147 2630 1327 2691 adulterabis
1350 2640 1380 2692 et
1402 2649 1519 2730 uxo-5

303 2749 368 2792 rem
393 2731 522 2809 proximi
549 2732 592 2791 tui
621 2750 682 2791 non
713 2733 925 2812 concupisces,
958 2742 1055 2793 morte
1086 2732 1237 2810 punientis
1266 2740 1295 2793 et
1325 2695 1519 2804 incestam-⁸

184 2822 237 2916 Ἤ·
243 2821 286 2915 ¹¹3¹·
304 2832 475 2911 sacrilegam
498 2840 585 2912 atque
608 2834 860 2895 monstruosam
852 2854 882 2895 ιιι
905 2833 1053 2895 masculos
1069 2840 1099 2893 et
1120 2833 1149 2894 in
1172 2832 1301 2912 pecudes
1323 2833 1483 2897 libidinum
1506 2799 1523 2851 ¹

303 2933 457 2995 insaniam.
503 2934 561 2995 Sed
585 2934 661 2996 etsi
685 2935 902 2997 nubendiiam
924 2933 1065 2995 modus³
1070 2936 1209 3014 ponitur,
1243 2953 1333 3014 quern
1360 2918 1511 3039 quidem

302 3034 380 3113 apud
409 3053 466 3095 nos
495 3035 637 3114 spiritalis
666 3036 742 3095 ratio
770 3036 918 3115 paracleto
949 3045 1069 3098 auctore
1096 3035 1236 3096 delendit
1254 3053 1348 3096 unum
1370 3035 1402 3096 in
1424 3001 1523 3137 1111οὲἱ

302 3134 522 3196 matrimonium
545 3135 769 3215 praescribens,
797 3136 930 3197 eiusdem
953 3137 1010 3197 crit
1030 3136 1150 3197 modum
1173 3136 1263 3214 sigere
1286 3136 1336 3215 qui
1358 3112 1523 3243 modom?l

303 3235 459 3314 aliquando
483 3236 653 3309 diffuderat,
685 3237 711 3297 is
742 3236 860 3315 colliget
891 3237 941 3316 qui
971 3237 1098 3315 sparsit,
1131 3237 1157 3297 is
1180 3237 1283 3297 caedet
1304 3238 1409 3299 silvam
1431 3214 1523 3361 qui?

149 3337 457 3416 toorwmaoplantavit,
485 3337 511 3398 is
533 3345 625 3397 metet
647 3347 777 3415 segetem
801 3337 851 3416 qui
874 3337 1044 3403 seminavit
1066 3337 1093 3397 is
1115 3336 1208 3409 dicet,
1232 3338 1375 3417 Superest
1398 3316 1517 3402 utet

304 3439 354 3518 qui
376 3458 485 3500 uxores
507 3438 617 3499 habent
639 3439 684 3498 sic
706 3438 767 3498 sint
787 3439 871 3517 quasi
894 3457 954 3498 non
977 3436 1118 3510 habeant,
1148 3439 1233 3498 cuius
1262 3447 1293 3499 et
1321 3447 1404 3500 retro
1426 3406 1523 3503 11111ἱ

305 3539 436 3600 Crescite
465 3547 493 3599 et
521 3538 768 3617 multiplicamini,
803 3539 936 3598 eiusdem
966 3539 1033 3599 linis
1063 3538 1145 3599 cuius
1175 3547 1204 3599 et
1231 3539 1359 3600 initium.
1415 3541 1523 3650 NQ

303 3646 401 3698 tamen
424 3638 474 3696 4ιιι
497 3640 660 3698 accusanda
682 3638 812 3699 caeditur
834 3637 923 3709 silva,
948 3657 1002 3700 nec
1017 3648 1049 3699 ut
1064 3638 1228 3699 damnanda
1247 3652 1367 3701 secatur
1382 3660 1480 3721 seges,
1507 3676 1523 3716 ,

306 3736 358 3796 sed
382 3745 415 3797 ut
436 3737 563 3815 tempori
585 3756 641 3796 suo
663 3757 782 3816 parens
837 3737 888 3798 Sic
908 3749 938 3800 et
959 3739 1098 3800 connubii
1122 3758 1171 3799 res
1194 3758 1254 3799 non
1278 3749 1310 3801 ut
1332 3741 1409 3803 mala
1428 3742 1523 3805 se·'·

305 3856 406 3898 curem
430 3846 460 3897 et
481 3838 585 3897 falcem
607 3837 733 3898 admittit
747 3837 928 3911 sanctitatis,
951 3841 1004 3900 scd
1027 3850 1059 3901 ut
1080 3849 1192 3901 matura
1215 3839 1352 3920 defungi,
1375 3852 1410 3904 ut
1424 3842 1484 3924 ipsi
1506 3876 1523 3921 ι,

305 3938 453 3997 sanctitati
476 3947 639 4010 reservata,
669 3940 715 3999 cui
737 3939 887 3999 caedendo
910 3940 1094 4018 ‘praestaret
1114 3938 1274 4002 messem.v
1317 3942 1403 4003 Unde
1424 3932 1516 4006 iani

305 4036 399 4098 dicam
422 4037 508 4099 dcum
531 4038 704 4111 Marcionis,
727 4059 792 4101 curn
816 4040 1036 4102 matrimonium
1060 4049 1093 4102 ut
1113 4042 1220 4102 malurn
1237 4051 1267 4103 et
1281 4018 1523 4121 impudicitias-2*

304 4138 458 4217 negotium
478 4139 635 4218 reprobat,
659 4141 802 4202 adversus
824 4141 920 4220 ipsam
943 4145 1040 4203 lacere
1062 4142 1263 4215 sanctitatem,
1297 4143 1345 4204 cui
1367 4144 1513 4255 videtur:

314 4352 316 4355 ·
374 4324 432 4387 Cap.
451 4324 527 4374 xxix.
566 4325 587 4373 1.
607 4325 825 4377 incrementnml.
877 4326 1118 4378 twtnncnecinc
1164 4294 1523 4395 3imponiturVotr'cmt:

304 4406 373 4439 unus
426 4392 450 4441 4.
476 4400 500 4441 ut
525 4395 659 4441 accusanda
684 4396 720 4443 cd.
743 4394 864 4444 Vaticanus
881 4411 948 4444 uuus.
993 4396 1127 4445 accusando
1151 4399 1245 4461 reliqui.
1304 4397 1327 4447 5.
1346 4408 1507 4462 praestaret
1504 4426 1523 4463 ῃ

306 4471 411 4507 messem
430 4476 479 4523 eqo.
515 4469 649 4523 praestaret
667 4462 816 4511 essellit'd.
852 4471 959 4527 praestat
977 4471 1073 4512 stesso
1092 4466 1141 4513 abc.

339 4591 363 4639 b
383 4591 456 4655 aliqui
474 4589 617 4656 Nicolaitae]
643 4594 756 4656 Exempla
775 4610 869 4659 prono·
919 4602 994 4645 steret
1012 4610 1124 4645 messem.
1161 4598 1195 4645 its
1215 4600 1294 4648 omnia
1317 4606 1373 4648 suot
1393 4608 1487 4664 aperte.

306 4659 378 4708 minis
397 4662 483 4724 uliquis
502 4665 536 4709 sic
555 4662 628 4710 sontii
653 4665 790 4711 nominibus
809 4677 868 4726 pro·
920 4664 980 4712 itate
999 4665 1061 4712 euim
1081 4671 1149 4712 antea
1169 4680 1214 4728 pro
1233 4683 1327 4717 mesrern
1350 4667 1488 4721 habebatur

305 4727 367 4790 priis
385 4728 439 4776 deti
459 4729 487 4776 ad
506 4730 606 4791 Apolop.
626 4729 731 4794 copiti.
919 4746 976 4791 exse,
998 4732 1028 4779 ita
1048 4733 1217 4782 utrerboruxn
1240 4735 1326 4785 borum
1346 4735 1488 4788 intellectus

341 4809 361 4842 c.
381 4796 418 4843 cui
438 4797 560 4844 caedendo
588 4807 722 4860 praestaret
741 4794 868 4864 messem]
920 4806 984 4848 esset
1002 4797 1093 4848 nullus.

307 4859 351 4911 Cui
369 4863 483 4913 connubii
492 4878 528 4913 ret
521 4864 659 4915 caedendo
670 4866 784 4915 sanctitas
794 4880 868 4930 prae·
