3242 5775
310 638 373 700 216
565 650 667 702 ouinri
688 649 820 694 sserniii
840 649 1006 712 aconensis
1028 649 1224 694 rmrncciani

308 798 453 865 venitote
488 799 522 862 lii
544 799 668 879 ⁷spiritu
691 798 769 860 enim
792 798 882 859 homo
906 798 1103 871 constitutus,
1127 800 1302 879 praesertim
1324 814 1411 876 eump

217 900 220 908 ’
308 905 382 965 riam
405 901 452 962 dei
475 901 634 979 conspicit,
665 899 797 960 velcum
820 898 992 979 peripsum
1015 900 1088 961 deus
1110 899 1256 980 loquitur,
1286 918 1401 961 necesse

308 1003 422 1068 excidat
444 1019 549 1073 sensu,
572 1000 764 1064 obumbratus
786 1000 899 1066 scilicet
921 999 1027 1062 virtute
1043 1000 1161 1074 divina,
1183 1001 1220 1063 de
1242 1020 1301 1081 qno
1324 1000 1394 1062 inter

308 1115 338 1167 et
359 1103 532 1185 'psychicos
554 1100 688 1181 ouaesiio
711 1110 785 1163 est·.
818 1100 938 1162 Interim
960 1101 1043 1164 facile
1066 1110 1112 1164 est
1133 1101 1290 1164 amentiam
1305 1102 1411 1182 Petrip

307 1206 387 1268 bare.
422 1203 580 1277 Quomodo
597 1204 675 1264 enim
691 1203 813 1281 Moysen
829 1212 858 1263 et
871 1202 985 1264 Heliam
1000 1202 1207 1282 cognovisset,
1230 1203 1289 1264 nisi
1303 1203 1334 1264 iii
1350 1202 1411 1282 spiri

308 1310 376 1380 (nec
397 1305 476 1365 enim
499 1304 642 1382 imagines
665 1322 769 1364 eorum
792 1302 838 1363 rel
859 1312 970 1365 statuas
992 1303 1119 1384 populus
1146 1303 1300 1365 habuisset
1322 1315 1351 1364 et
1371 1304 1411 1366 siu

307 1407 442 1477 tndiues‚
466 1406 529 1484 lege
551 1403 760 1485 probibente¹l
783 1404 842 1465 nisi
864 1404 932 1484 quia
954 1405 984 1465 in
1008 1404 1114 1484 spiritu
1129 1403 1264 1467 viderat?
1294 1406 1331 1466 Et
1344 1407 1411 1486 itaq

307 1508 431 1570 dixisset
446 1508 476 1567 in
492 1504 608 1585 spiritu,
625 1525 684 1568 non
701 1506 730 1564 in
746 1524 848 1577 sensu,
865 1505 1050 1576 constitutus,
1066 1506 1143 1566 seire
1159 1524 1219 1566 non
1236 1516 1361 1585 poterat
1388 1506 1409 1567 C

307 1628 373 1670 ruin
389 1609 415 1668 si
431 1608 475 1667 sic
489 1607 585 1668 nescit
599 1606 683 1686 quasi
700 1625 812 1678 errans,
829 1626 865 1667 eo
881 1607 960 1686 quod
975 1615 1091 1685 putaret
1105 1606 1222 1668 illoruni
1238 1629 1305 1669 esse
1319 1609 1410 1669 Christ

309 1728 378 1789 ergo
401 1709 458 1770 iam
482 1715 597 1768 constat
620 1715 650 1767 et
672 1726 761 1787 supra
776 1707 896 1769 Petrum
919 1709 1131 1785 interrogatum
1147 1726 1162 1768 a
1176 1708 1313 1782 Christo,
1335 1727 1410 1788 quen

308 1810 525 1878 existimarent,
549 1816 582 1869 ul
603 1807 639 1869 de
662 1808 803 1869 creatoris
827 1808 955 1882 dixisse,
978 1808 1023 1869 Tu
1039 1828 1071 1870 es
1088 1808 1239 1883 Christum
1262 1809 1346 1888 quia,
1367 1810 1410 1871 sit

307 1909 428 1972 alterius
451 1910 499 1972 dei
521 1910 602 1970 illum
625 1908 829 1987 cognovisset,
863 1908 911 1970 bic
938 1928 1055 1989 quoque
1085 1929 1144 1972 iion
1173 1921 1313 1972 errasset.
1364 1910 1409 1984 Qu

307 2013 373 2074 ideo
397 2019 427 2071 et
449 2011 497 2072 bio
519 2010 625 2071 errarit
647 2009 715 2090 quia
744 2018 774 2070 et
801 2028 907 2088 supra,
942 2029 1013 2090 ergo
1041 2020 1141 2073 certus
1172 2031 1205 2072 es
1231 2011 1263 2071 in
1290 2010 1371 2073 illum
1397 2009 1410 2072 d

307 2131 424 2192 quoque
454 2109 561 2172 nullam
592 2128 698 2171 novam
726 2108 906 2172 divinitatem
935 2111 1092 2172 aChristo
1120 2113 1293 2184 revelatam,
1327 2120 1357 2173 et
1383 2129 1410 2174 ni

307 2213 403 2275 adhuc
424 2230 484 2272 non
500 2230 617 2273 errasse
630 2210 766 2281 Petrum,
789 2210 909 2272 Christo
931 2231 1024 2291 usque
1046 2212 1141 2274 adhuc
1162 2214 1234 2274 nihil
1257 2213 1402 2274 eiusmodi

307 2313 436 2384 velante,
470 2321 499 2373 et
522 2312 632 2374 tamdiu
653 2330 714 2373 nori
736 2311 855 2373 alterius
877 2313 1077 2393 deputandum
1100 2314 1249 2375 Christum
1277 2333 1364 2392 quani
1391 2331 1410 2376 u

305 2416 395 2483 toris.
420 2414 503 2475 euius
526 2431 644 2474 omnem
666 2422 696 2474 et
717 2413 766 2475 hic
787 2413 922 2474 ordinem
945 2414 1101 2492 expressit.
1136 2415 1211 2475 Tres
1234 2415 1271 2475 de
1294 2415 1409 2476 discenti

305 2514 433 2576 arbitros
456 2516 570 2575 suturae
593 2513 716 2574 visionis
744 2522 774 2575 et
803 2513 883 2574 vocis
910 2514 1044 2575 assumit
1099 2516 1136 2578 Et
1163 2516 1220 2577 hoo
1248 2516 1390 2577 creatoris

165 2592 338 2686 “nisibin
362 2612 471 2684 tribus,
494 2612 607 2692 inquil,
630 2612 757 2674 testibus
781 2613 870 2674 stabit
885 2632 973 2675 omno
990 2615 1120 2676 verbum.
1154 2617 1188 2677 lu
1204 2627 1336 2678 uioiitem
1352 2636 1409 2678 saci

192 2693 286 2744 Μ·
304 2716 440 2794 Agnosco
462 2715 587 2774 sormam
610 2711 677 2774 loci.
726 2713 800 2776 Nam
823 2724 853 2776 ct
873 2714 1032 2798 pristinum
1062 2717 1222 2797 populum‘
1245 2718 1322 2796 apud
1344 2736 1409 2780 mon

304 2826 332 2876 et
355 2815 471 2876 risione
493 2822 523 2874 et
544 2832 615 2875 voce
637 2832 690 2874 sua
713 2826 830 2876 creator
851 2815 988 2878 initiarat.
1034 2817 1197 2897 Oportebat
1219 2818 1250 2880 in
1273 2837 1309 2879 eo
1332 2837 1409 2899 sugpi

303 2914 470 2993 consignari
499 2934 608 2976 novum
637 2925 844 2979 testamentum
874 2916 903 2980 iii
932 2937 991 2997 ipio
1020 2920 1218 2998 conscriptum
1253 2932 1335 2981 retus
1368 2922 1409 2983 lue

304 3016 360 3077 sub
377 3017 481 3077 eodem
498 3017 584 3077 otiam
601 3017 713 3081 ambitu
728 3018 827 3092 nubis,
851 3037 1040 3097 quemnemo
1057 3020 1237 3083 ubdubitabit
1253 3022 1289 3082 de
1304 3028 1371 3083 aire
1386 3039 1409 3082 ci

303 3118 377 3179 toris
400 3117 613 3195 conglobatam.
651 3117 715 3178 Nisi
738 3128 768 3180 et
789 3119 884 3181 nubes
907 3139 976 3183 suas
999 3121 1049 3183 illo
1067 3121 1245 3197 debuerat,
1268 3127 1333 3202 quia
1356 3122 1409 3185 eti

303 3303 326 3352 ¹1.
345 3304 430 3367 spiritu
450 3306 485 3354 cd.
505 3305 616 3354 latinius.
651 3305 763 3367 spiritum
782 3305 854 3356 Beob.
895 3304 918 3356 8.
938 3307 1045 3370 phisicae
1064 3307 1097 3367 n,
1116 3323 1157 3371 pro
1176 3325 1247 3358 more.
1291 3309 1334 3359 st.
1354 3308 1408 3359 dnbi

303 3388 353 3434 eps.
388 3372 501 3421 dubitarit
519 3374 575 3422 libri
592 3388 677 3422 onnes.

336 3506 359 3556 d.
378 3503 525 3573 convenire]
545 3507 639 3557 llocest
653 3507 728 3566 adire,
739 3507 861 3564 secedere,
912 3507 1025 3566 thebeos,
1044 3508 1172 3557 dissentire
1184 3511 1215 3557 ait
1227 3509 1396 3559 Tertullianus.

303 3574 418 3623 accidere.
450 3574 483 3620 lle
501 3575 587 3624 ecstasi
606 3574 636 3623 el.
656 3573 689 3623 lla
707 3575 789 3623 Anima
808 3588 860 3636 cap·
912 3575 993 3625 tholiei
1018 3576 1081 3624 enirn
1107 3584 1188 3624 contra
1208 3576 1363 3627 ldontanistas
1385 3590 1408 3627 ix

303 3639 334 3687 21
355 3648 378 3689 et
396 3639 497 3700 eipso.
913 3643 970 3693 bant
992 3658 1059 3692 ieros
1091 3644 1230 3707 prophetas,
1257 3646 1298 3711 qui
1321 3645 1407 3709 spiritis

336 3721 357 3753 e.
377 3705 406 3753 ds
425 3720 471 3766 quo
484 3706 633 3755 internosci
647 3709 772 3771 psychicos
784 3722 860 3772 qiiae·
911 3710 997 3774 repleti
1016 3720 1104 3767 essent,
1124 3719 1204 3774 quicto
1215 3720 1239 3760 et
1249 3712 1377 3777 tranquillo
1388 3724 1408 3761 ai

301 3772 347 3819 stio
372 3767 430 3836 est]
465 3771 592 3834 Psycbicos
622 3776 728 3837 appellat
753 3789 796 3824 eos
818 3776 859 3837 qni
911 3778 989 3826 lotura
1004 3778 1152 3840 praedicere,
1171 3778 1408 3843 pisendopropbotast

301 3848 408 3887 scitam
426 3845 450 3886 et
466 3838 625 3889 revelationes
640 3842 775 3903 singulares
792 3843 859 3891 slllr·
911 3844 990 3909 qualis
1017 3844 1088 3893 luerit
1106 3844 1242 3905 Montanos,
1269 3862 1322 3897 cnm
1346 3848 1408 3897 turoi

302 3907 397 3953 inibant
415 3905 462 3953 iam
481 3920 510 3953 eo
529 3912 637 3969 ternpore
656 3909 679 3958 iii
695 3910 796 3959 occissis
816 3909 858 3958 de·
911 3911 1003 3961 insania
1023 3911 1098 3975 loqui.
1124 3914 1220 3962 hoctor.
1240 3928 1312 3964 anon.
1329 3922 1408 3964 contri

299 3971 413 4029 stitisse„
429 3979 499 4033 prout
519 3971 557 4021 bic
574 3973 805 4027 circumscribuntur
822 3976 857 4027 di·
910 3979 1038 4042 taphrppas
1063 3994 1100 4042 ap.
1120 3979 1206 4029 Euseb.
1227 3981 1255 4031 ll.
1274 3982 1300 4031 ll.
1319 3982 1344 4043 l,
1359 3980 1397 4033 it.

299 4037 371 4087 sertis
389 4038 475 4087 serbis.
510 4039 570 4089 Nam
588 4041 750 4093 Tertullianus
777 4053 801 4093 at
818 4043 858 4094 alii
911 4046 961 4095 'l'lis
980 4046 1071 4095 Eccles.
1090 4046 1185 4110 ilistorp
1208 4050 1236 4097 ol
1251 4049 1292 4098 ilia
1309 4046 1405 4099 Second

301 4105 368 4153 multi
388 4104 410 4152 in
429 4105 531 4154 ecclesia
550 4106 588 4155 dei
609 4110 708 4158 multum
729 4110 859 4173 singulari·
911 4112 987 4162 Third
997 4113 1123 4163 Centuries
1134 4115 1221 4164 illustr.
1239 4117 1302 4165 lrom
1313 4116 1354 4167 ths
1363 4116 1405 4167 sii

300 4172 346 4218 bns
364 4171 548 4222 revelationibus
574 4175 710 4225 tribuebant
728 4192 859 4241 earumque
912 4182 939 4229 ol
947 4180 1078 4229 Tertullian
1097 4180 1126 4243 hp
1137 4182 1209 4242 lobia,
1228 4182 1317 4246 llishop
1334 4184 1407 4233 ollii

298 4238 464 4287 auctoritatem
489 4240 544 4301 pliis
567 4241 626 4290 sotis
650 4244 805 4304 extollebant,
837 4253 860 4293 et
911 4247 1325 4313 (Cambridge1826.lp.6.n.l.
1351 4252 1407 4317 lipip

300 4305 416 4364 urgebant
434 4321 502 4354 usum
522 4309 676 4369 pertinacius,
695 4312 860 4372 proutnrullis
912 4315 1010 4364 llseies.
1036 4315 1083 4365 iss
1104 4318 1204 4365 eandem
1238 4322 1341 4368 ecstasin
1375 4318 1407 4369 11

300 4369 360 4419 locis
378 4373 408 4420 ab
418 4373 472 4434 ipso
482 4373 641 4433 adducuntur,
659 4378 699 4425 alii
714 4379 858 4429 lulsescon·
910 4382 1024 4443 hamum,
1048 4391 1072 4432 et
1090 4384 1167 4433 noum
1187 4384 1236 4433 nei.
1256 4386 1322 4435 Sacr.
1342 4385 1360 4445 l,
1378 4400 1402 4451 p.

298 4437 428 4487 tendebant
445 4439 585 4502 plurimum,
604 4444 858 4505 etpei'iculosumea-
910 4449 958 4507 (Fr.
987 4449 1080 4499 llontar
1112 4451 1230 4501 Primord.
1272 4444 1364 4504 becles.
1392 4454 1407 4505 i

297 4516 351 4552 rum
370 4519 448 4554 nsum.
485 4509 559 4570 siquo
578 4509 632 4558 hinc
650 4510 738 4559 laetum
758 4521 783 4562 nt
801 4528 856 4563 enni
908 4531 931 4580 p.
945 4515 1012 4575 138.)

297 4584 340 4620 ‘⁰⁸
364 4573 404 4635 ‘lul
428 4571 483 4622 l¹¹⁸⁸
512 4574 699 4653 i¹¹¹,l³,‘⁰b³b⁸⁰¹¹.
716 4585 764 4654 “3¹¹¹
784 4581 856 4629 ‘¹5⁸⁰'
942 4618 957 4664 t.
978 4616 1030 4679 laps
1048 4613 1205 4683 prohibente]
1230 4618 1267 4669 cl.
1287 4634 1315 4670 sii
1334 4634 1362 4671 ra
1379 4620 1407 4671 tn

296 4638 445 4689 orthodoxos
457 4640 570 4690 baeretici
589 4656 633 4704 per
651 4643 779 4695 ludibrium
799 4663 856 4712 psp-
1317 4634 1333 4685 ρ

296 4705 378 4755 chiens
392 4706 573 4771 appellaverint,
591 4709 716 4760 abutentes
726 4727 784 4761 soce
795 4728 855 4778 ipo·
906 4698 958 4747 ΜΡ·
969 4682 1010 4733 ²²·

295 4772 351 4821 stoli
372 4774 501 4824 lCorinth.
519 4774 604 4838 eap.2.
623 4777 671 4836 (Fr.
688 4779 787 4838 lunius.)
820 4780 855 4829 lle
940 4798 961 4845 ς.
980 4785 1109 4847 pristinum
1128 4781 1257 4853 populum]
1282 4787 1394 4841 ladasca.

294 4838 340 4888 lise
357 4838 445 4891 ecstasi
462 4856 521 4891 snos
540 4850 563 4892 et
579 4844 716 4907 psychicos,
735 4847 757 4894 li.
772 4860 793 4897 e.
813 4864 853 4897 ca·
904 4865 979 4915 snpra
997 4851 1027 4902 iil
1045 4866 1099 4917 cap.
1110 4850 1150 4903 21.
