3242 5775
309 614 372 677 tto
565 589 667 680 acturi
690 624 822 669 sarrrun
843 622 1009 668 rtonsorrs
1033 622 1229 666 rsuroncnru

173 778 295 880 „¹55le
309 776 441 850 teriecit,
472 774 605 836 dicentes
628 774 664 835 ati
687 772 829 846 Pilatum,
864 790 930 832 cnm
957 771 1045 834 vellet
1066 790 1133 833 cum
1157 771 1327 844 dimittere,
1363 771 1486 850 Sanguis

163 878 591 955 rt.nx,1anuiussupern0s
620 883 650 937 ct
678 894 770 955 super
795 874 876 952 Atilios
906 880 1046 942 nostros,
1081 881 1126 943 et,
1156 873 1187 934 Si
1216 873 1297 933 bunc
1326 871 1485 944 dimiseris,

308 997 372 1042 non
394 997 427 1040 es
450 978 562 1038 amiens
584 976 737 1048 Caesaris,
770 983 802 1035 ut
829 972 982 1053 adimpleri
1009 980 1137 1051 possent
1165 973 1264 1034 omnia
1294 991 1373 1052 quae
1397 973 1434 1035 de
1454 992 1485 1034 eo

309 1081 428 1142 lucrant
449 1077 569 1156 scripta.

191 1200 291 1258 capax.
393 1178 590 1257 ¹locipiamus
612 1177 702 1256 igitur
724 1177 853 1256 probare
871 1174 1050 1236 nativitatem
1067 1174 1177 1234 Christi
1199 1193 1215 1235 a
1238 1175 1401 1253 prophetis
1424 1194 1485 1236 esse

119 1300 124 1308 ⁶
170 1278 297 1384 ,HQ
311 1280 484 1343 nuntiatam.
516 1278 621 1339 ’Sicut
642 1276 744 1338 Esaias
766 1276 930 1355 praedicat:
953 1274 1059 1335 Audite
1082 1275 1189 1335 domus
1212 1275 1320 1350 David,
1347 1295 1411 1337 non
1433 1295 1484 1356 pn·

195 1360 273 1431 4¹¹¹&
310 1381 409 1444 sillum
441 1379 528 1441 vobis
560 1386 726 1439 certamen·
759 1395 826 1437 cum
858 1375 1047 1447 hominibus,
1082 1376 1331 1456 quoniamdeus
1361 1385 1485 1456 praestat
1526 1369 1528 1446 l

157 1461 159 1464 ¹
309 1482 470 1561 'agonem
502 1489 626 1560 propter
647 1479 705 1539 boc
726 1478 790 1556 ipse
812 1477 886 1538 deua
909 1476 990 1538 dabit
1017 1474 1102 1537 robis
1133 1477 1259 1556 signum.
1304 1477 1386 1539 Ecce
1408 1477 1482 1555 virga

308 1580 496 1666 'leoncipiet
523 1587 553 1641 ct
577 1573 683 1658 pariet*
700 1579 808 1652 filium,
843 1587 873 1639 et
900 1577 1041 1638 vocabitis
1074 1595 1185 1638 nomen
1213 1578 1277 1638 cius
1303 1578 1483 1666 Emmanuel,

309 1682 388 1762 quod
416 1682 631 1759 interpretatur
651 1679 811 1740 Nobiscum
841 1678 926 1738 dens.
980 1678 1119 1756 Butyrum
1148 1687 1177 1738 et
1205 1679 1263 1739 mei
1286 1679 1483 1747 manducabit,

228 1773 232 1781 ’
308 1767 465 1863 quoniam,
498 1778 671 1860 priusquam
700 1788 860 1857 cognoscat
887 1778 984 1839 iulans
1013 1797 1118 1864 vocare
1140 1788 1253 1857 patrem
1276 1788 1329 1839 aut
1352 1788 1483 1848 matrem,
1527 1777 1528 1782 ’

308 1883 431 1964 accipiet
452 1881 589 1943 virtutem
610 1880 762 1953 Damasci,
797 1887 828 1940 et
849 1878 943 1957 spolia
967 1878 1116 1940 Samariae
1139 1880 1281 1940 adversus
1303 1898 1409 1959 regem
1431 1882 1483 1939 aa·

219 1967 224 1980 ⁸
308 1985 467 2065 syriorum.
511 1982 613 2060 ltaque
636 1979 737 2042 dicunt
757 1980 875 2041 ludaei:
898 1979 1099 2040 Provocemus
1123 1981 1210 2041 iatam
1233 1980 1483 2059 praedicationem

307 2085 430 2157 Esaiae,
453 2093 484 2145 et
498 2084 639 2143 iaciamus
661 2081 928 2161 comparationem,
950 2100 987 2141 an
1003 2080 1122 2142 Christo
1145 2081 1195 2158 qui
1217 2082 1275 2142 iam
1297 2082 1384 2143 venit
1406 2100 1485 2143 com·

307 2194 391 2267 petat
410 2184 453 2246 illi
473 2184 571 2263 primo
593 2201 703 2243 nomen
725 2182 805 2261 quod
820 2180 924 2243 Esaias
945 2179 1140 2259 praedicavit,
1162 2183 1211 2243 ⁴et
1232 2183 1315 2261 sigua
1331 2184 1400 2243 eius
1416 2202 1486 2261 quae

309 2287 347 2349 dc
369 2304 406 2348 eo
428 2285 584 2346 nuntiavit.
633 2283 793 2362 ‘Equidem
816 2281 920 2343 Esaias
949 2282 1099 2361 praedicat
1126 2302 1193 2343 eum
1215 2283 1410 2345 lEmmanuel
1433 2302 1484 2344 ro-

309 2386 392 2450 citari
414 2393 570 2465 oportere,
598 2384 706 2445 debinc
727 2384 865 2444 virtutem
887 2391 1075 2461 sumpturum
1098 2383 1232 2444 Damasci
1255 2392 1285 2444 et
1307 2384 1407 2463 spolia
1431 2385 1483 2446 Sa-

309 2488 420 2550 mariae
446 2486 589 2547 adversus
618 2503 719 2564 regem
747 2484 948 2564 Assyriorum.
998 2483 1109 2558 Porro,
1145 2484 1297 2563 inquiunt,
1333 2486 1411 2560 iste,
1440 2486 1485 2565 qui

293 2579 407 2661 ‘sanic
430 2605 527 2666 neque
550 2585 606 2647 sub
629 2586 774 2648 eiusmodi
798 2585 920 2646 nomine
942 2592 989 2645 cst
1011 2585 1217 2665 dictus-neque
1233 2604 1266 2647 re
1288 2586 1396 2647 bellica
1418 2588 1483 2647 lun·

310 2696 386 2750 ctus.
418 2687 457 2749 At
477 2704 534 2748 nos
557 2686 746 2748 econtrario
769 2685 974 2747 admonendos
997 2704 1051 2747 cos
1073 2686 1342 2763 ⁷existimavimus,
1366 2688 1411 2750 uti
1434 2706 1482 2749 co-

308 2787 459 2850 haerentia
482 2805 601 2866 quoque
622 2786 711 2847 buius
734 2786 852 2865 capituli
876 2797 1099 2865 recognoscant.
1150 2787 1312 2849 Subiuncta
1337 2797 1386 2851 est
1409 2790 1483 2850 enim

310 2898 341 2951 et
360 2888 564 2967 interpretatio
586 2887 775 2962 Emmanuel,
798 2884 960 2948 Nobiscum
983 2888 1073 2961 deus,
1105 2890 1149 2951 uti
1172 2907 1231 2950 non
1254 2890 1353 2951 solum
1376 2909 1483 2952 sonum

309 2989 440 3051 nominis
463 2989 616 3069 'spectes,
650 2988 702 3049 sed
726 2997 756 3048 et
778 3005 911 3049 sensum.
961 2989 1062 3049 Sonus
1091 2991 1169 3050 enim
1192 2990 1374 3065 Hebraicus,
1409 2990 1484 3070 quod

309 3099 358 3152 est
379 3089 567 3162 Emmanuel,
586 3088 888 3169 ‘'interpretationem
911 3086 1015 3163 babet,
1047 3091 1125 3168 quod
1149 3100 1195 3151 est
1216 3091 1379 3154 Nobiscum
1405 3094 1485 3155 deus.

377 3276 435 3339 Cep.
455 3275 492 3326 tx.
535 3275 557 3325 l.
575 3275 648 3324 lTEbl
673 3274 822 3324 rnooatto
848 3273 1036 3324 Nartvttatts
1055 3275 1184 3325 cuutsrt.
1215 3276 1364 3339 lncipiamoe
1382 3275 1484 3340 (libuit.

308 3343 458 3393 PROBA'NO
477 3343 664 3393 NATthTleS
683 3342 804 3392 ClNNSTl
819 3341 1132 3392 satvatontsnostut.
1152 3344 1296 3407 incipiamus
1316 3351 1342 3396 Α.
1378 3347 1405 3396 2.
1424 3349 1485 3397 Sient

307 3411 391 3461 Esaias
410 3406 571 3475 praedicati.
613 3412 654 3460 Sic
677 3410 759 3459 Esaiae
784 3409 841 3458 dicit
863 3411 956 3473 reliqui.
1019 3410 1042 3460 3.
1062 3425 1162 3472 agonem
1179 3406 1201 3459 λ.
1245 3422 1369 3462 certamen
1395 3418 1485 3479 reliqui.

307 3477 354 3528 bb.
373 3480 534 3542 concipietin
553 3486 622 3527 atero
641 3485 664 3526 et
682 3479 718 3526 ed.
761 3477 785 3525 4.
803 3479 871 3538 signa
889 3471 911 3524 l.
941 3478 1048 3540 insignia
1067 3481 1159 3543 reliqui.
1203 3479 1226 3527 5.
1247 3480 1274 3527 Et
1287 3481 1388 3542 quidem
1408 3485 1484 3546 scier

305 3548 340 3611 pii
358 3549 456 3596 eebecloe
473 3547 603 3596 Patavinae.
664 3544 688 3594 6.
708 3545 823 3593 Emanuel
842 3544 940 3593 vocitari
957 3540 980 3592 λ.
1023 3545 1201 3595 Emmanuelem
1227 3549 1306 3595 vocari
1326 3551 1423 3614 reliqui.
1464 3550 1483 3597 ἵ.

307 3615 470 3663 existimamus
488 3615 524 3673 A„
544 3614 648 3677 Seioppii
665 3613 764 3661 selenae
781 3612 857 3661 Peleo.
923 3608 946 3660 8.
972 3621 1067 3673 spectes
1095 3616 1128 3673 r„
1155 3629 1205 3663 erem
1223 3615 1325 3675 Latinio,
1351 3633 1383 3667 ee
1401 3617 1485 3668 libili

306 3679 561 3745 Ade.!1erc.eep.12.
605 3680 629 3730 9.
649 3681 871 3742 interpretationem
891 3678 962 3729 babet
976 3681 1095 3742 qoodest,
1114 3681 1243 3730 Nobiscum
1261 3682 1332 3731 teus.
1357 3681 1483 3742 Quaeret

306 3748 330 3796 iel
350 3756 387 3796 est
405 3749 530 3797 nobiscnm
550 3748 618 3806 deoc,
638 3762 696 3795 suae
714 3746 791 3807 gentio
810 3754 855 3794 eet.
891 3747 983 3796 Sensus
1008 3757 1086 3798 autem
1111 3751 1163 3797 eius
1182 3750 1247 3811 qnod
1265 3757 1302 3797 eet
1322 3752 1384 3800 dens
1404 3754 1483 3802 nobis·

306 3828 370 3875 eom,
388 3829 415 3863 ea
434 3816 632 3877 interpretatione
651 3815 786 3863 communis
804 3821 848 3862 est.
876 3814 969 3872 Quaere
987 3817 1024 3864 ol.
1060 3817 1266 3876 auaegentiaest.
1294 3818 1391 3868 Sensus
1410 3829 1483 3869 autem

240 3961 242 3967 -
306 3882 602 3999 {22⁸’si¹¹,iil⁵¹’a⁰‘‡¹i
618 3882 1206 4010 tlltllt‘tlt“ttzt'llt‘ttmulti
1231 3885 1399 4003 imitat.
1424 3887 1482 3951 “⁰⁰⁶

305 4017 426 4067 llbenooue
443 3983 530 4064 notarat
547 4017 616 4064 aerbo
640 4016 731 4065 Seneca
750 3984 910 4075 aurem'eioa,
931 4018 995 4080 quod
1014 4026 1051 4067 eat
1069 4019 1128 4067 deus
1147 3990 1272 4067 nobiseum
1291 4034 1320 4068 ea
1339 3970 1476 4086 interpam

305 4083 371 4131 tione
390 4083 526 4131 communis
544 4090 589 4131 eat.
613 4085 638 4131 in
660 4085 712 4133 coti.
730 4083 900 4133 Paternieeenei
924 4087 949 4134 ie
966 4101 1039 4148 marg.
1064 4088 1181 4149 adscripto
1199 4093 1285 4135 extare.
1330 4088 1355 4138 id
1381 4098 1420 4139 eet
1443 4104 1483 4138 eo·

305 4150 400 4198 biaeom
419 4149 488 4198 dene.
520 4150 614 4208 Quaere
631 4153 658 4200 A.

341 4281 399 4345 Cep:
419 4283 456 4332 tx.
492 4299 513 4332 a.
539 4285 606 4332 vobis
624 4280 758 4346 certamen]
784 4284 868 4332 Esaiae
920 4285 977 4334 dixit
1006 4286 1076 4344 „Non
1095 4287 1182 4335 sollici!
1201 4286 1268 4335 robis
1288 4289 1428 4338 molestiam
1445 4305 1481 4338 ea·

306 4347 373 4397 locos
392 4351 533 4413 eetcep.'l.
567 4351 652 4400 Verum
672 4353 774 4401 utbaec
793 4353 868 4399 inter·
921 4354 1003 4402 bibere
1022 4353 1169 4410 bominibus,
1189 4358 1303 4417 quoniam
1320 4357 1483 4406 molestiestia

254 4463 259 4470 ,
303 4419 407 4480 prelatio
426 4418 507 4466 Latina
527 4421 652 4467 conveniat
669 4420 777 4476 Graecis,
796 4426 868 4481 atque
919 4422 991 4469 etiarn
1019 4421 1065 4469 deo
1095 4418 1188 4470 meo?“
1233 4423 1394 4484 Septuaginta
1420 4417 1482 4479 „atel

304 4483 375 4532 etiam
394 4484 608 4545 vulgataebatioae
621 4487 764 4549 scripturae,
783 4485 867 4546 legen·
919 4485 977 4539 πῶς
993 4482 1077 4552 κυρίῳ
1096 4484 1225 4552 παρέχετε
1241 4481 1339 4553 ἀγῶνα
1346 4497 1380 4549 ,·“
1399 4496 1482 4541 taeter

304 4549 360 4599 dam
392 4552 471 4610 „Num
502 4553 618 4615 pusillum
648 4553 715 4602 vobis
745 4562 866 4602 certamen
918 4556 1123 4618 interpretationis
1142 4571 1212 4619 quiam
1232 4561 1309 4607 secuti
1329 4568 1388 4608 sont
1407 4561 1481 4624 Septi·

304 4631 357 4666 enm
377 4616 554 4668 bominibus?“
574 4620 628 4668 dein
647 4629 762 4683 aequatur
781 4622 866 4679 „Ouo-
920 4624 982 4671 mins
1012 4631 1035 4672 et
1060 4625 1193 4686 Cyprianus
1227 4625 1317 4686 legisse
1345 4629 1440 4677 ridetur
1461 4628 1481 4674 ie

303 4686 366 4734 niam
386 4686 445 4734 cleos
464 4694 571 4747 praestat
582 4689 731 4745 certamen,“
751 4689 867 4750 beonia
919 4691 1016 4739 Graecis
1041 4686 1108 4745 „atui
1132 4690 1191 4743 πῶς
1213 4685 1310 4758 κύριος
1335 4692 1482 4761 παρέχεται

258 4762 264 4774 ·
302 4753 373 4801 etiam
393 4754 596 4802 adsersusilenm
615 4764 735 4804 certamen
761 4756 866 4814 certatis,
919 4749 1055 4821 ἆγῶνα,·“
1073 4760 1179 4822 (Rigalt.)

302 4821 373 4868 etiam
399 4821 444 4870 deo
473 4822 569 4870 molesti
594 4824 661 4872 estis.
709 4823 867 4886 Symmachus
