3242 5775
291 614 380 677 ,474
570 626 672 679 nomm
695 623 833 669 samanar
849 619 1015 667 aconensis
1038 622 1237 666 cerenicum

316 797 427 860 passm
443 784 585 838 estesse.
617 775 698 836 Bene
713 766 814 836 autem'
826 773 905 853 quod
930 773 987 835 ”et
1009 773 1110 852 plures
1133 780 1164 833 et
1178 770 1316 833 duriores
1333 770 1353 803 ¹¹
1361 790 1497 851 quaeque

318 877 471 941 doetrinae
492 885 594 959 totam·
607 875 737 936 bominis
760 874 960 953 figulationem
985 874 1041 935 deo
1063 881 1169 947 nostro
1192 872 1311 934 cedunt
1357 872 1496 946 Quantus

318 979 369 1042 bic
390 979 430 1041 sit
451 978 525 1040 satis
547 977 643 1048 nosti,
677 976 728 1057 qui
750 976 870 1037 unicum
893 974 1054 1035 credidisti.
1104 972 1229 1053 incipiet
1257 974 1315 1034 ism
1343 973 1398 1035 tibi
1429 993 1494 1036 caro

319 1079 453 1160 plaeere,
476 1078 561 1141 cuiaas
583 1060 808 1140 enitescamus
832 1084 889 1137 est.
922 1074 981 1137 Sed
1004 1086 1034 1136 et
1049 1076 1191 1146 mondus,
1215 1074 1331 1153 inquis,
1355 1075 1405 1136 dei
1422 1095 1494 1156 opus

117 1257 121 1262 ¹
167 1191 383 1257 mutuasset,
406 1188 436 1241 et
458 1187 554 1241 tamen
576 1179 718 1259 praeterit
739 1177 857 1239 babitus
879 1176 966 1237 buius
989 1175 1107 1248 muudi,
1136 1176 1274 1255 apostolo
1297 1195 1420 1256 quoque
1441 1196 1493 1238 au·

320 1290 420 1354 olom
448 1300 504 1343 nec
524 1280 634 1342 idcirco
657 1279 807 1341 restitutio
831 1278 931 1339 mundi
955 1276 1229 1357 ¹²praeiudicabitur
1256 1277 1324 1356 quia
1348 1277 1398 1339 dei
1420 1295 1491 1357 opus

319 1391 376 1445 est
420 1381 458 1443 Et
478 1381 580 1459 utique
602 1380 627 1442 si
650 1381 829 1442 universitas
856 1378 1088 1440 inreformabilis
1117 1386 1185 1456 post
1214 1378 1392 1451 decessum,
1426 1379 1489 1458 qnid

314 1481 443 1564 portio?
487 1471 593 1553 Plane,
625 1480 651 1541 si
680 1480 780 1560 portio
809 1479 995 1540 universitati
1018 1479 1207 1559 adaequatur.
1250 1478 1294 1538 dd
1323 1478 1488 1540 distantiam

219 1600 306 1653 ‚teto
321 1584 400 1646 euim
422 1600 626 1663 provocamus.
665 1581 766 1642 Primo
782 1580 919 1660 quidem,
944 1579 1050 1660 “quod
1074 1580 1173 1640 omnia
1195 1598 1335 1641 sermone
1358 1580 1406 1641 dei
1422 1581 1488 1641 lacta

321 1694 407 1756 sunt,
435 1693 465 1746 et
491 1683 558 1745 sine
587 1683 637 1744 illo
666 1681 749 1743 nibil.
800 1680 1489 1743 (1111111111’1111111101οά11111111111111

190 1802 305 1855 centn.
319 1794 443 1866 propter
464 1785 607 1857 sormam,
629 1802 668 1845 ne
690 1781 1026 1863 111111111111111111.
1059 1782 1212 1843 Faciamus
1235 1781 1315 1842 enim
1331 1782 1487 1852 bominem,

302 1893 388 1949 :ante
410 1885 579 1965 pmemisit,
602 1884 796 1963 etamplius,
826 1901 929 1955 menn,
960 1892 1083 1962 propter
1104 1882 1335 1962 praelationem,
1365 1902 1404 1945 ne
1424 1883 1487 1944 uni·

186 2005 241 2051 san.
249 2002 306 2056 111.
319 1985 451 2049 versiteti
466 1986 725 2066 ¹⁶oompararetur.
756 1986 792 2046 lit
806 1985 904 2058 linxit,
929 1984 1067 2063 ιτ11111111,
1092 1985 1164 2044 deus
1180 1982 1345 2045 bominem.
1373 1984 1488 2063 Magnae

321 2086 499 2164 sinefldubio
521 2085 705 2148 diberentine
727 2086 820 2158 ratio,
843 2104 899 2166 pro
919 2085 1095 2146 condicione
1110 2085 1222 2146 scilicet
1236 2101 1348 2145 rerum.
1381 2085 1487 2146 Minora

320 2187 399 2251 cuim
421 2206 497 2267 quae
518 2188 628 2250 liobam
649 2207 685 2249 eo
708 2186 754 2248 oui
776 2186 901 2259 liobam,
924 2187 1069 2265 siquidem
1086 2185 1198 2247 bomini
1213 2184 1340 2258 fiebant,
1363 2186 1410 2248 cni
1425 2203 1485 2248 mox

320 2289 415 2351 adeo
438 2289 552 2350 addicta
574 2297 655 2350 sunt.
699 2287 804 2349 blerito
828 2287 918 2365 igitur
947 2296 978 2348 ut
1000 2288 1106 2348 lamula
1135 2286 1220 2348 iussu
1248 2294 1279 2347 et
1307 2286 1436 2366 imperio
1463 2295 1486 2348 et

319 2390 384 2453 sola
406 2390 499 2452 vocali
521 2377 669 2470 potestate
691 2387 827 2450 universa
850 2397 1068 2467 processerant
1112 2388 1222 2449 Contra
1244 2388 1353 2460 bomo,
1382 2397 1416 2449 ut
1435 2388 1486 2449 do·

207 2496 235 2559 ’,
320 2490 418 2551 minus
440 2508 560 2562 eorum,
583 2490 614 2550 in
637 2490 695 2550 boc
716 2488 752 2549 ab
776 2490 841 2567 ipso
858 2482 921 2550 'den
943 2497 1112 2550 exstructus
1136 2498 1195 2562 est,
1218 2496 1251 2549 ut
1265 2490 1408 2550 dominus
1425 2508 1486 2551 csse

320 2590 471 2667 ¹⁸posset,
504 2590 574 2649 dum
603 2592 636 2650 lit
663 2607 679 2651 a
707 2590 839 2650 domino.
889 2589 1046 2649 llominem
1074 2598 1171 2651 alutem
1200 2598 1351 2651 memento
1375 2608 1487 2652 carnem
1521 2647 1525 2680 r

194 2688 443 2769 oan.u‚r.·proprie
457 2688 532 2761 dici,
554 2707 629 2768 quae
643 2689 726 2770 prior
741 2690 915 2751 vocabulum
934 2690 1063 2751 bominis
1079 2690 1246 2769 occupavit:
1269 2691 1306 2751 Et
1321 2691 1488 2754 linxitdens
1523 2757 1525 2768 ,

320 2790 489 2863 bominem,
510 2788 613 2851 limum
635 2791 673 2851 de
694 2798 796 2869 terra..
816 2790 876 2850 lam
892 2790 997 2862 homo,
1021 2792 1070 2870 qni
1093 2792 1189 2852 adhuc
1209 2791 1309 2853 limus.
1344 2792 1382 2854 Et
1395 2793 1489 2855 insul·
1523 2871 1525 2878 Ι

169 2891 401 2962 condamnavit
422 2891 453 2951 in
474 2890 577 2953 faciem
600 2891 666 2952 eius
687 2892 788 2952 ilatum
811 2891 902 2963 vilae,
925 2901 955 2952 et
977 2894 1071 2954 iactus
1095 2893 1261 2984 esthemo,
1284 2893 1314 2954 id
1330 2902 1379 2955 cst
1393 2894 1490 2964 lirnns,

319 2992 351 3056 in
366 2991 493 3054 animem
508 2991 613 3065 viram,
636 2970 870 3070 et’posnit'deus
887 2991 1047 3066 bominem,
1070 3013 1157 3072 quem
1177 2993 1270 3066 finxit,
1292 2994 1320 3054 in
1343 2996 1490 3074 paradiso.

320 3093 402 3155 Adeo
424 3093 515 3154 homo
538 3093 708 3171 figmentum
731 3091 845 3171 primo,
868 3091 976 3153 debinc
997 3102 1087 3155 totus.
1117 3076 1182 3156 lloc
1197 3115 1232 3156 eo
1249 3095 1491 3163 commendarim.

275 3232 282 3244 ·
320 3193 363 3255 uti
385 3193 524 3272 quicquid
545 3193 668 3254 omniuo
692 3192 804 3254 homini
833 3211 849 3253 a
872 3193 928 3254 deo
951 3205 1143 3273 prospectum
1172 3203 1259 3274 atque
1282 3195 1491 3274 ¹⁰promissum

321 3302 384 3366 est,
406 3310 468 3354 non
489 3292 574 3354 ¹⁰soli
596 3293 725 3364 animae,
740 3312 849 3355 ¹verum
872 3301 902 3354 et
923 3295 1003 3355 carni
1026 3296 1102 3356 scias
1125 3295 1272 3369 debitum,
1301 3295 1363 3358 ”ut
1384 3298 1413 3359 si
1435 3315 1491 3359 non

320 3412 356 3456 ex
377 3393 532 3456 consortio
554 3395 689 3472 generis,
713 3404 794 3456 certe
816 3394 862 3455 rel
884 3413 918 3456 ex
941 3394 1094 3474 privilegio
1118 3397 1258 3458 nominis.

179 3507 256 3564 .oap.
267 3505 302 3550 11.
404 3491 569 3573 Persequar
591 3493 689 3575 itaque
710 3495 917 3576 propositum,
951 3496 976 3556 si
1005 3505 1104 3558 tamen
1131 3506 1245 3559 tantum
1273 3499 1391 3576 possim
1414 3498 1493 3561 carni

319 3593 485 3657 ¹vindicare
507 3602 649 3674 quantum
670 3596 795 3680 eontulit
815 3595 864 3657 ille
885 3596 937 3676 qui
960 3614 1023 3657 eam
1040 3598 1124 3671 lecit,
1147 3598 1204 3658 iam
1221 3606 1291 3659 tunc
1306 3599 1492 3678 gloriantem,

318 3696 399 3776 quod
422 3694 469 3758 illa
491 3696 655 3775 pusillitaS,
677 3695 798 3768 'limum
827 3695 858 3757 in
881 3715 986 3759 manus
1007 3697 1055 3759 dei
1077 3717 1268 3777 quaeeunque
1291 3708 1363 3762 suut
1382 3718 1492 3780 perre-

317 3795 379 3868 nit,
402 3795 472 3867 antis
494 3795 599 3857 beatus
622 3796 679 3857 etsi
702 3796 889 3859 solummodo
912 3807 1074 3860 contaetus.
1113 3782 1197 3872 buu
1226 3800 1322 3874 enim,
1354 3799 1382 3862 si
1411 3800 1493 3862 nullo
1521 3822 1525 3857 l

318 3894 445 3974 amplius
469 3914 561 3974 opere
583 3897 682 3957 statim
706 3898 877 3976 figmentum
900 3898 937 3959 de
952 3907 1089 3963 contactu
1105 3900 1152 3961 dei
1168 3898 1376 3963 constitisset?
1410 3901 1493 3964 Adeo
1521 3898 1525 3999 J

317 3994 440 4075 'magna
462 4013 512 4057 res
534 3995 691 4075 agebatur,
713 4015 770 4078 qua
793 3998 851 4060 ista
873 4000 995 4061 materia
1017 4001 1232 4063 exstruebatur.
1264 4002 1366 4081 ltaque
1381 4002 1494 4064 soriam
1518 4038 1525 4069 r

319 4114 360 4165 10.
378 4123 402 4164 et
419 4117 525 4166 ombed.
579 4116 809 4182 111111111611
864 4117 903 4168 12.
921 4119 1100 4182 praeiudicatur
1118 4119 1175 4170 Co.⁴
1209 4119 1248 4169 13.
1267 4120 1493 4184 omniaqaoddd.

321 4183 361 4232 11.
379 4197 407 4232 ea
426 4183 450 4231 11.
505 4183 543 4233 ta.
562 4187 674 4234 constetit
692 4186 766 4235 codex
785 4185 954 4235 inclementia.
1015 4187 1053 4236 16.
1073 4195 1228 4250 comparetur
1251 4188 1295 4237 AB.
1312 4195 1359 4238 trra
1380 4162 1525 4259 varone}

321 4250 360 4299 lt.
378 4251 438 4300 deas
456 4252 578 4301 bominem
602 4254 679 4316 inquit
694 4252 771 4303 soce
832 4253 870 4303 18.
890 4254 968 4316 possit
983 4254 1059 4304 Auca.
1085 4262 1132 4304 tres
1153 4256 1263 4305 Vaticani.
1327 4254 1366 4305 ts.
1384 4258 1525 4319 paratv*

318 4319 417 4367 nmo.
469 4317 608 4369 2o.eotun
628 4322 652 4370 B.
706 4318 870 4370 1111111.
1336 4332 1347 4347 ·
1516 4308 1525 4352 ¹

280 4385 501 4513 ‚msulalapllb
545 4387 567 4436 1.
586 4387 744 4437 vindicarit.
796 4384 910 4437 2lreins
928 4389 1026 4437 immani
1044 4388 1070 4439 11.
1106 4389 1178 4439 bomo
1198 4390 1221 4439 in
1240 4391 1357 4441 manud-
1409 4376 1525 4491 omes:

352 4550 374 4600 d.
392 4560 493 4614 propter
511 4553 622 4607 loramm.
640 4569 670 4604 ae
688 4554 744 4617 qnid
757 4555 810 4603 sine
822 4569 877 4604 ser·
928 4555 975 4604 boc
999 4570 1071 4605 senso
1097 4565 1212 4620 usurpata
1237 4552 1268 4606 11.
1292 4556 1384 4606 adnott.
1409 4557 1438 4606 ad
1455 4554 1493 4605 h
1513 4522 1525 4628 J

318 4614 410 4683 monn]
418 4619 443 4668 ld
453 4628 490 4668 est
502 4630 602 4684 propter
610 4623 722 4678 lormam,
737 4622 876 4683 leleges,
927 4620 1014 4672 idolol.
1033 4638 1086 4685 cap.
1096 4623 1134 4674 18.
1160 4624 1272 4673 Ceterum
1283 4638 1313 4673 ne
1329 4623 1423 4673 laedent
1436 4634 1492 4673 ra·
1507 4644 1518 4687 1

317 4701 388 4749 qnam
417 4688 488 4734 modo
514 4688 663 4746 laudaverat,
690 4705 719 4737 ne
748 4691 875 4752 quicquam
926 4690 965 4739 bis
984 4691 1125 4741 Trrlrrlliani
1144 4693 1222 4741 verbis
1247 4704 1403 4755 comparasse
1420 4688 1508 4742 rerba*

286 4753 425 4802 ·ridelieet
443 4754 635 4803 beretsioedei
654 4768 775 4805 armona.
806 4757 875 4814 Qraod
925 4757 1037 4819 Gregorii
1056 4759 1124 4820 nyss.
1144 4760 1176 4808 [le
1196 4760 1257 4822 Opil.
1279 4758 1348 4808 llom.
1367 4756 1457 4824 cap&
1503 4772 1525 4829 s,

315 4821 363 4868 iam
383 4821 584 4883 comprobaturus
603 4831 646 4870 est.
683 4825 716 4871 lle
735 4838 785 4872 roc.
802 4828 877 4887 [11111
1503 4852 1525 4905 ,

1502 4924 1525 4968 Ι
