<?xml version="1.0" encoding="UTF-8"?>
<!DOCTYPE html PUBLIC "-//W3C//DTD XHTML 1.0 Transitional//EN"
    "http://www.w3.org/TR/xhtml1/DTD/xhtml1-transitional.dtd">
<html xmlns="http://www.w3.org/1999/xhtml" xml:lang="en" lang="en">
 <head>
  <title>
</title>
<meta http-equiv="Content-Type" content="text/html;charset=utf-8" />
  <meta name='ocr-system' content='tesseract 3.04.00' />
  <meta name='ocr-capabilities' content='ocr_page ocr_carea ocr_par ocr_line ocrx_word'/>
</head>
<body>
  <div class='ocr_page' id='page_1' title='image "./quaesupersuntom00oehlgoog_0528.png"; bbox 0 0 3242 5775; ppageno 0'>
   <div class='ocr_carea' id='block_1_1' title="bbox 563 638 1372 702">
    <p class='ocr_par' dir='ltr' id='par_1_1' title="bbox 563 638 1372 702">
     <span class='ocr_line' id='line_1_1' title="bbox 563 638 1372 702; baseline 0.019 -15"><span class='ocrx_word' id='word_1_1' title='bbox 563 646 602 688; x_wconf 84' lang='lat' dir='ltr'><strong>ns</strong></span> <span class='ocrx_word' id='word_1_2' title='bbox 623 645 867 691; x_wconf 84' lang='lat' dir='ltr'><strong>nssoanecrtous</strong></span> <span class='ocrx_word' id='word_1_3' title='bbox 890 649 1003 692; x_wconf 80' lang='lat' dir='ltr'><strong>etnats.</strong></span> <span class='ocrx_word' id='word_1_4' title='bbox 1310 638 1372 702; x_wconf 75' lang='lat' dir='ltr'><strong>ets</strong></span> 
     </span>
    </p>
   </div>
   <div class='ocr_carea' id='block_1_2' title="bbox 197 792 1473 1379">
    <p class='ocr_par' dir='ltr' id='par_1_2' title="bbox 197 792 1473 1379">
     <span class='ocr_line' id='line_1_2' title="bbox 197 792 1374 877; baseline 0.008 -24"><span class='ocrx_word' id='word_1_5' title='bbox 197 794 292 872; x_wconf 84' lang='lat' dir='ltr'><strong>magis</strong></span> <span class='ocrx_word' id='word_1_6' title='bbox 315 792 493 855; x_wconf 89' lang='lat' dir='ltr'><strong>senteutiam</strong></span> <span class='ocrx_word' id='word_1_7' title='bbox 522 792 676 856; x_wconf 77' lang='lat' dir='ltr'><strong>&#39;erexerit</strong></span> <span class='ocrx_word' id='word_1_8' title='bbox 731 795 843 867; x_wconf 83' lang='lat' dir='ltr'><strong>Causa,</strong></span> <span class='ocrx_word' id='word_1_9' title='bbox 875 798 998 875; x_wconf 78' lang='lat' dir='ltr'>opinor,</span> <span class='ocrx_word' id='word_1_10' title='bbox 1027 798 1209 877; x_wconf 78' lang='lat' dir='ltr'><strong>quaestionis</strong></span> <span class='ocrx_word' id='word_1_11' title='bbox 1237 802 1292 862; x_wconf 88' lang='lat' dir='ltr'><strong>luit</strong></span> <span class='ocrx_word' id='word_1_12' title='bbox 1320 803 1374 864; x_wconf 88' lang='lat' dir='ltr'><strong>de-</strong></span> 
     </span>
     <span class='ocr_line' id='line_1_3' title="bbox 197 894 1375 980; baseline 0.008 -26"><span class='ocrx_word' id='word_1_13' title='bbox 197 894 322 954; x_wconf 73' lang='lat' dir='ltr'><strong>structio</strong></span> <span class='ocrx_word' id='word_1_14' title='bbox 345 895 591 968; x_wconf 88' lang='lat' dir='ltr'><strong>resurrectionis,</strong></span> <span class='ocrx_word' id='word_1_15' title='bbox 625 895 772 973; x_wconf 82' lang='lat' dir='ltr'>siquidem</span> <span class='ocrx_word' id='word_1_16' title='bbox 801 897 981 958; x_wconf 87' lang='lat' dir='ltr'><strong>Sadducaei·</strong></span> <span class='ocrx_word' id='word_1_17' title='bbox 1011 916 1108 977; x_wconf 90' lang='lat' dir='ltr'><strong>neque</strong></span> <span class='ocrx_word' id='word_1_18' title='bbox 1134 899 1250 961; x_wconf 88' lang='lat' dir='ltr'><strong>animae</strong></span> <span class='ocrx_word' id='word_1_19' title='bbox 1277 919 1375 980; x_wconf 88' lang='lat' dir='ltr'><strong>neque</strong></span> 
     </span>
     <span class='ocr_line' id='line_1_4' title="bbox 197 994 1374 1079; baseline 0.009 -26"><span class='ocrx_word' id='word_1_20' title='bbox 197 994 295 1054; x_wconf 80' lang='lat' dir='ltr'><strong>tarnis</strong></span> <span class='ocrx_word' id='word_1_21' title='bbox 318 994 475 1055; x_wconf 90' lang='lat' dir='ltr'><strong>admittunt</strong></span> <span class='ocrx_word' id='word_1_22' title='bbox 495 995 635 1066; x_wconf 86' lang='lat' dir='ltr'><strong>salutem,</strong></span> <span class='ocrx_word' id='word_1_23' title='bbox 670 1004 700 1056; x_wconf 92' lang='lat' dir='ltr'><strong>et</strong></span> <span class='ocrx_word' id='word_1_24' title='bbox 721 997 788 1057; x_wconf 92' lang='lat' dir='ltr'><strong>ideo</strong></span> <span class='ocrx_word' id='word_1_25' title='bbox 812 1015 847 1057; x_wconf 83' lang='lat' dir='ltr'><strong>ex</strong></span> <span class='ocrx_word' id='word_1_26' title='bbox 870 997 944 1075; x_wconf 75' lang='lat' dir='ltr'><strong>³qua</strong></span> <span class='ocrx_word' id='word_1_27' title='bbox 966 997 1010 1058; x_wconf 87' lang='lat' dir='ltr'><strong>vel</strong></span> <span class='ocrx_word' id='word_1_28' title='bbox 1033 999 1160 1059; x_wconf 84' lang='lat' dir='ltr'><strong>maxime</strong></span> <span class='ocrx_word' id='word_1_29' title='bbox 1181 999 1301 1079; x_wconf 81' lang='lat' dir='ltr'><strong>⁴specie</strong></span> <span class='ocrx_word' id='word_1_30' title='bbox 1322 1020 1374 1063; x_wconf 88' lang='lat' dir='ltr'><strong>re-</strong></span> 
     </span>
     <span class='ocr_line' id='line_1_5' title="bbox 197 1087 1373 1177; baseline 0.009 -23"><span class='ocrx_word' id='word_1_31' title='bbox 197 1094 393 1155; x_wconf 87' lang='lat' dir='ltr'><strong>surrectionis</strong></span> <span class='ocrx_word' id='word_1_32' title='bbox 415 1095 488 1155; x_wconf 86' lang='lat' dir='ltr'><strong>fides</strong></span> <span class='ocrx_word' id='word_1_33' title='bbox 510 1095 716 1169; x_wconf 77' lang='lat' dir='ltr'><strong>labefactatur,</strong></span> <span class='ocrx_word' id='word_1_34' title='bbox 747 1115 782 1156; x_wconf 81' lang='lat' dir='ltr'><strong>ex</strong></span> <span class='ocrx_word' id='word_1_35' title='bbox 804 1096 856 1157; x_wconf 74' lang='lat' dir='ltr'><strong>&#39;ea</strong></span> <span class='ocrx_word' id='word_1_36' title='bbox 884 1087 1091 1176; x_wconf 68' lang='lat' dir='ltr'><strong>argumentata</strong></span> <span class='ocrx_word' id='word_1_37' title='bbox 1118 1099 1293 1177; x_wconf 70' lang='lat' dir='ltr'><strong>problemati</strong></span> <span class='ocrx_word' id='word_1_38' title='bbox 1316 1119 1373 1163; x_wconf 86' lang='lat' dir='ltr'><strong>suo</strong></span> 
     </span>
     <span class='ocr_line' id='line_1_6' title="bbox 197 1194 1376 1281; baseline 0.008 -28"><span class='ocrx_word' id='word_1_39' title='bbox 197 1194 507 1268; x_wconf 86' lang='lat' dir='ltr'><strong>accommodaverunt;</strong></span> <span class='ocrx_word' id='word_1_40' title='bbox 536 1195 591 1255; x_wconf 75' lang='lat' dir='ltr'><strong>⁶de</strong></span> <span class='ocrx_word' id='word_1_41' title='bbox 613 1196 711 1256; x_wconf 86' lang='lat' dir='ltr'><strong>carnis</strong></span> <span class='ocrx_word' id='word_1_42' title='bbox 734 1196 848 1257; x_wconf 89' lang='lat' dir='ltr'><strong>scilicet</strong></span> <span class='ocrx_word' id='word_1_43' title='bbox 875 1196 999 1258; x_wconf 90' lang='lat' dir='ltr'><strong>obtentu</strong></span> <span class='ocrx_word' id='word_1_44' title='bbox 1021 1207 1166 1277; x_wconf 82' lang='lat' dir='ltr'><strong>nupturae</strong></span> <span class='ocrx_word' id='word_1_45' title='bbox 1189 1219 1283 1262; x_wconf 87' lang='lat' dir='ltr'><strong>necne</strong></span> <span class='ocrx_word' id='word_1_46' title='bbox 1304 1209 1376 1281; x_wconf 89' lang='lat' dir='ltr'><strong>post</strong></span> 
     </span>
     <span class='ocr_line' id='line_1_7' title="bbox 197 1295 1473 1379; baseline 0.008 -26"><span class='ocrx_word' id='word_1_47' title='bbox 197 1295 465 1365; x_wconf 84' lang='lat' dir='ltr'><strong>resurrectionem,</strong></span> <span class='ocrx_word' id='word_1_48' title='bbox 498 1295 554 1355; x_wconf 91' lang='lat' dir='ltr'><strong>sub</strong></span> <span class='ocrx_word' id='word_1_49' title='bbox 586 1296 650 1357; x_wconf 89' lang='lat' dir='ltr'><strong>eius</strong></span> <span class='ocrx_word' id='word_1_50' title='bbox 678 1297 810 1357; x_wconf 90' lang='lat' dir='ltr'><strong>mulieris</strong></span> <span class='ocrx_word' id='word_1_51' title='bbox 838 1316 968 1376; x_wconf 90' lang='lat' dir='ltr'><strong>persona</strong></span> <span class='ocrx_word' id='word_1_52' title='bbox 995 1317 1070 1376; x_wconf 93' lang='lat' dir='ltr'><strong>quae</strong></span> <span class='ocrx_word' id='word_1_53' title='bbox 1093 1309 1208 1379; x_wconf 85' lang='lat' dir='ltr'><strong>septem</strong></span> <span class='ocrx_word' id='word_1_54' title='bbox 1230 1301 1371 1364; x_wconf 86' lang='lat' dir='ltr'><strong>iratribus</strong></span> <span class='ocrx_word' id='word_1_55' title='bbox 1399 1305 1473 1349; x_wconf 77' lang='lat' dir='ltr'><strong>uana.</strong></span> 
     </span>
    </p>
   </div>
   <div class='ocr_carea' id='block_1_3' title="bbox 197 1354 1520 1474">
    <p class='ocr_par' dir='ltr' id='par_1_3' title="bbox 197 1354 1520 1474">
     <span class='ocr_line' id='line_1_8' title="bbox 197 1354 1520 1474; baseline 0.007 -21"><span class='ocrx_word' id='word_1_56' title='bbox 197 1406 287 1474; x_wconf 90' lang='lat' dir='ltr'><strong>nupta</strong></span> <span class='ocrx_word' id='word_1_57' title='bbox 309 1396 339 1456; x_wconf 93' lang='lat' dir='ltr'><strong>in</strong></span> <span class='ocrx_word' id='word_1_58' title='bbox 363 1394 453 1455; x_wconf 93' lang='lat' dir='ltr'><strong>dubio</strong></span> <span class='ocrx_word' id='word_1_59' title='bbox 476 1395 636 1456; x_wconf 86' lang='lat' dir='ltr'><strong>haberetur</strong></span> <span class='ocrx_word' id='word_1_60' title='bbox 658 1396 704 1456; x_wconf 92' lang='lat' dir='ltr'><strong>cui</strong></span> <span class='ocrx_word' id='word_1_61' title='bbox 727 1415 832 1458; x_wconf 86' lang='lat' dir='ltr'><strong>eorum</strong></span> <span class='ocrx_word' id='word_1_62' title='bbox 853 1399 1072 1459; x_wconf 85' lang='lat' dir='ltr'><strong>restitueretur.</strong></span> <span class='ocrx_word' id='word_1_63' title='bbox 1104 1399 1201 1459; x_wconf 90' lang='lat' dir='ltr'><strong>Porro</strong></span> <span class='ocrx_word' id='word_1_64' title='bbox 1216 1354 1520 1463; x_wconf 48' lang='lat' dir='ltr'><strong>servemuffit&#39;iiii&#39;w&#39;</strong></span> 
     </span>
    </p>
   </div>
   <div class='ocr_carea' id='block_1_4' title="bbox 197 1454 1523 2578">
    <p class='ocr_par' dir='ltr' id='par_1_4' title="bbox 197 1454 1523 2578">
     <span class='ocr_line' id='line_1_9' title="bbox 199 1454 1516 1601; baseline 0.006 -46"><span class='ocrx_word' id='word_1_65' title='bbox 199 1513 303 1556; x_wconf 88' lang='lat' dir='ltr'><strong>sensus</strong></span> <span class='ocrx_word' id='word_1_66' title='bbox 326 1505 385 1556; x_wconf 89' lang='lat' dir='ltr'><strong>tam</strong></span> <span class='ocrx_word' id='word_1_67' title='bbox 409 1496 593 1573; x_wconf 84' lang='lat' dir='ltr'><strong>quaestionis</strong></span> <span class='ocrx_word' id='word_1_68' title='bbox 617 1516 702 1574; x_wconf 91' lang='lat' dir='ltr'><strong>quarn</strong></span> <span class='ocrx_word' id='word_1_69' title='bbox 718 1497 944 1576; x_wconf 87' lang='lat' dir='ltr'><strong>responsionis,</strong></span> <span class='ocrx_word' id='word_1_70' title='bbox 969 1511 998 1559; x_wconf 88' lang='lat' dir='ltr'><strong>et</strong></span> <span class='ocrx_word' id='word_1_71' title='bbox 1020 1501 1242 1561; x_wconf 87' lang='lat' dir='ltr'><strong>controversiae</strong></span> <span class='ocrx_word' id='word_1_72' title='bbox 1264 1518 1371 1563; x_wconf 90' lang='lat' dir='ltr'><strong>occur·</strong></span> <span class='ocrx_word' id='word_1_73' title='bbox 1386 1454 1516 1601; x_wconf 40' lang='lat' dir='ltr'><strong>{lgm</strong></span> 
     </span>
     <span class='ocr_line' id='line_1_10' title="bbox 200 1568 1516 1678; baseline 0.006 -23"><span class='ocrx_word' id='word_1_74' title='bbox 200 1613 261 1656; x_wconf 84' lang='lat' dir='ltr'><strong>suut</strong></span> <span class='ocrx_word' id='word_1_75' title='bbox 286 1606 342 1656; x_wconf 79' lang='lat' dir='ltr'><strong>est.</strong></span> <span class='ocrx_word' id='word_1_76' title='bbox 395 1596 425 1656; x_wconf 90' lang='lat' dir='ltr'><strong>Si</strong></span> <span class='ocrx_word' id='word_1_77' title='bbox 456 1596 533 1656; x_wconf 93' lang='lat' dir='ltr'><strong>enim</strong></span> <span class='ocrx_word' id='word_1_78' title='bbox 562 1597 724 1658; x_wconf 76' lang='lat' dir='ltr'><strong>Sadducaei</strong></span> <span class='ocrx_word' id='word_1_79' title='bbox 754 1599 875 1676; x_wconf 91' lang='lat' dir='ltr'><strong>quidem</strong></span> <span class='ocrx_word' id='word_1_80' title='bbox 903 1599 1084 1678; x_wconf 87' lang='lat' dir='ltr'><strong>respuebant</strong></span> <span class='ocrx_word' id='word_1_81' title='bbox 1111 1600 1372 1675; x_wconf 83' lang='lat' dir='ltr'><strong>resurrectionem,</strong></span> <span class='ocrx_word' id='word_1_82' title='bbox 1423 1588 1430 1608; x_wconf 86' lang='grc'>’</span> <span class='ocrx_word' id='word_1_83' title='bbox 1466 1568 1516 1612; x_wconf 56' lang='lat' dir='ltr'><strong>&#39;qq’</strong></span> 
     </span>
     <span class='ocr_line' id='line_1_11' title="bbox 202 1694 1371 1777; baseline 0.007 -24"><span class='ocrx_word' id='word_1_84' title='bbox 202 1694 335 1757; x_wconf 88' lang='lat' dir='ltr'><strong>dominus</strong></span> <span class='ocrx_word' id='word_1_85' title='bbox 356 1705 454 1756; x_wconf 88' lang='lat' dir='ltr'><strong>autem</strong></span> <span class='ocrx_word' id='word_1_86' title='bbox 477 1715 543 1757; x_wconf 91' lang='lat' dir='ltr'><strong>eam</strong></span> <span class='ocrx_word' id='word_1_87' title='bbox 565 1697 791 1769; x_wconf 87' lang='lat' dir='ltr'><strong>⁷confirmabat,</strong></span> <span class='ocrx_word' id='word_1_88' title='bbox 825 1707 855 1759; x_wconf 93' lang='lat' dir='ltr'><strong>et</strong></span> <span class='ocrx_word' id='word_1_89' title='bbox 883 1699 1096 1777; x_wconf 89' lang='lat' dir='ltr'><strong>scripturarum</strong></span> <span class='ocrx_word' id='word_1_90' title='bbox 1124 1700 1245 1777; x_wconf 87' lang='lat' dir='ltr'><strong>ignaros</strong></span> <span class='ocrx_word' id='word_1_91' title='bbox 1273 1700 1371 1761; x_wconf 90' lang='lat' dir='ltr'><strong>incre·</strong></span> 
     </span>
     <span class='ocr_line' id='line_1_12' title="bbox 204 1797 1371 1878; baseline 0.004 -23"><span class='ocrx_word' id='word_1_92' title='bbox 204 1812 286 1871; x_wconf 85' lang='lat' dir='ltr'><strong>pans,</strong></span> <span class='ocrx_word' id='word_1_93' title='bbox 310 1815 411 1857; x_wconf 89' lang='lat' dir='ltr'><strong>earum</strong></span> <span class='ocrx_word' id='word_1_94' title='bbox 436 1797 548 1857; x_wconf 89' lang='lat' dir='ltr'><strong>scilicet</strong></span> <span class='ocrx_word' id='word_1_95' title='bbox 570 1815 644 1875; x_wconf 89' lang='lat' dir='ltr'><strong>quae</strong></span> <span class='ocrx_word' id='word_1_96' title='bbox 667 1799 917 1859; x_wconf 85' lang='lat' dir='ltr'><strong>resurrectionem</strong></span> <span class='ocrx_word' id='word_1_97' title='bbox 940 1800 1178 1878; x_wconf 84' lang='lat' dir='ltr'><strong>praedicassent,</strong></span> <span class='ocrx_word' id='word_1_98' title='bbox 1203 1807 1232 1861; x_wconf 92' lang='lat' dir='ltr'><strong>et</strong></span> <span class='ocrx_word' id='word_1_99' title='bbox 1253 1799 1371 1861; x_wconf 80' lang='lat' dir='ltr'><strong>virtutis</strong></span> 
     </span>
     <span class='ocr_line' id='line_1_13' title="bbox 205 1895 1370 1979; baseline 0.006 -27"><span class='ocrx_word' id='word_1_100' title='bbox 205 1895 242 1958; x_wconf 90' lang='lat' dir='ltr'><strong>dei</strong></span> <span class='ocrx_word' id='word_1_101' title='bbox 271 1896 460 1968; x_wconf 88' lang='lat' dir='ltr'><strong>incredulos,</strong></span> <span class='ocrx_word' id='word_1_102' title='bbox 495 1898 619 1958; x_wconf 91' lang='lat' dir='ltr'><strong>idoneae</strong></span> <span class='ocrx_word' id='word_1_103' title='bbox 652 1899 753 1975; x_wconf 89' lang='lat' dir='ltr'><strong>utique</strong></span> <span class='ocrx_word' id='word_1_104' title='bbox 785 1899 913 1959; x_wconf 91' lang='lat' dir='ltr'><strong>mortuis</strong></span> <span class='ocrx_word' id='word_1_105' title='bbox 947 1900 1177 1972; x_wconf 89' lang='lat' dir='ltr'><strong>resuscitandis,</strong></span> <span class='ocrx_word' id='word_1_106' title='bbox 1214 1908 1370 1979; x_wconf 87' lang='lat' dir='ltr'><strong>postremo</strong></span> 
     </span>
     <span class='ocr_line' id='line_1_14' title="bbox 206 1996 1523 2077; baseline 0.006 -23"><span class='ocrx_word' id='word_1_107' title='bbox 206 1998 358 2066; x_wconf 87' lang='lat' dir='ltr'><strong>subiciens,</strong></span> <span class='ocrx_word' id='word_1_108' title='bbox 381 1996 541 2069; x_wconf 81' lang='lat' dir='ltr'><strong>&#39;Quoniam</strong></span> <span class='ocrx_word' id='word_1_109' title='bbox 565 2006 662 2057; x_wconf 88' lang='lat' dir='ltr'><strong>autem</strong></span> <span class='ocrx_word' id='word_1_110' title='bbox 686 1999 794 2058; x_wconf 92' lang='lat' dir='ltr'><strong>mortui</strong></span> <span class='ocrx_word' id='word_1_111' title='bbox 817 2007 984 2076; x_wconf 83' lang='lat' dir='ltr'><strong>resurgant,</strong></span> <span class='ocrx_word' id='word_1_112' title='bbox 1008 2000 1073 2060; x_wconf 88' lang='lat' dir='ltr'><strong>sine</strong></span> <span class='ocrx_word' id='word_1_113' title='bbox 1094 1999 1184 2060; x_wconf 93' lang='lat' dir='ltr'><strong>dubio</strong></span> <span class='ocrx_word' id='word_1_114' title='bbox 1208 2007 1238 2061; x_wconf 93' lang='lat' dir='ltr'><strong>et</strong></span> <span class='ocrx_word' id='word_1_115' title='bbox 1259 2000 1523 2077; x_wconf 58' lang='lat' dir='ltr'><strong>confir-numm,</strong></span> 
     </span>
     <span class='ocr_line' id='line_1_15' title="bbox 201 2098 1372 2176; baseline 0.005 -20"><span class='ocrx_word' id='word_1_116' title='bbox 201 2100 303 2157; x_wconf 86' lang='lat' dir='ltr'><strong>mando</strong></span> <span class='ocrx_word' id='word_1_117' title='bbox 338 2116 407 2158; x_wconf 91' lang='lat' dir='ltr'><strong>esse</strong></span> <span class='ocrx_word' id='word_1_118' title='bbox 437 2099 516 2176; x_wconf 94' lang='lat' dir='ltr'><strong>quod</strong></span> <span class='ocrx_word' id='word_1_119' title='bbox 546 2098 723 2176; x_wconf 87' lang='lat' dir='ltr'><strong>negabatur,</strong></span> <span class='ocrx_word' id='word_1_120' title='bbox 760 2099 789 2158; x_wconf 92' lang='lat' dir='ltr'><strong>id</strong></span> <span class='ocrx_word' id='word_1_121' title='bbox 824 2108 872 2159; x_wconf 86' lang='lat' dir='ltr'><strong>est</strong></span> <span class='ocrx_word' id='word_1_122' title='bbox 902 2099 1153 2161; x_wconf 88' lang='lat' dir='ltr'><strong>resurrectionem</strong></span> <span class='ocrx_word' id='word_1_123' title='bbox 1186 2107 1372 2162; x_wconf 89' lang='lat' dir='ltr'><strong>mortuorum</strong></span> 
     </span>
     <span class='ocr_line' id='line_1_16' title="bbox 198 2198 1372 2279; baseline 0.009 -27"><span class='ocrx_word' id='word_1_124' title='bbox 198 2199 272 2274; x_wconf 83' lang='lat' dir='ltr'><strong>apud</strong></span> <span class='ocrx_word' id='word_1_125' title='bbox 293 2198 400 2258; x_wconf 81' lang='lat' dir='ltr'><strong>⁹deum</strong></span> <span class='ocrx_word' id='word_1_126' title='bbox 424 2199 573 2270; x_wconf 87' lang='lat' dir='ltr'><strong>vivorum,</strong></span> <span class='ocrx_word' id='word_1_127' title='bbox 608 2202 693 2259; x_wconf 92' lang='lat' dir='ltr'><strong>talem</strong></span> <span class='ocrx_word' id='word_1_128' title='bbox 722 2217 840 2276; x_wconf 91' lang='lat' dir='ltr'><strong>qnoque</strong></span> <span class='ocrx_word' id='word_1_129' title='bbox 870 2218 934 2260; x_wconf 90' lang='lat' dir='ltr'><strong>earn</strong></span> <span class='ocrx_word' id='word_1_130' title='bbox 963 2199 1156 2259; x_wconf 85' lang='lat' dir='ltr'><strong>confirmabat</strong></span> <span class='ocrx_word' id='word_1_131' title='bbox 1185 2217 1254 2260; x_wconf 88' lang='lat' dir='ltr'><strong>esse</strong></span> <span class='ocrx_word' id='word_1_132' title='bbox 1276 2200 1372 2279; x_wconf 84' lang='lat' dir='ltr'><strong>qualis</strong></span> 
     </span>
     <span class='ocr_line' id='line_1_17' title="bbox 197 2296 1371 2377; baseline 0.007 -24"><span class='ocrx_word' id='word_1_133' title='bbox 197 2299 373 2377; x_wconf 87' lang='lat' dir='ltr'><strong>negabatur,</strong></span> <span class='ocrx_word' id='word_1_134' title='bbox 396 2300 555 2376; x_wconf 65' lang='lat' dir='ltr'><strong>utriusque*</strong></span> <span class='ocrx_word' id='word_1_135' title='bbox 575 2298 687 2358; x_wconf 89' lang='lat' dir='ltr'><strong>scilieet</strong></span> <span class='ocrx_word' id='word_1_136' title='bbox 710 2298 894 2360; x_wconf 90' lang='lat' dir='ltr'><strong>substantiae</strong></span> <span class='ocrx_word' id='word_1_137' title='bbox 916 2296 1071 2360; x_wconf 87' lang='lat' dir='ltr'><strong>humanae.</strong></span> <span class='ocrx_word' id='word_1_138' title='bbox 1101 2298 1203 2377; x_wconf 85' lang='lat' dir='ltr'><strong>Neque</strong></span> <span class='ocrx_word' id='word_1_139' title='bbox 1226 2300 1320 2372; x_wconf 86' lang='lat' dir='ltr'><strong>enim,</strong></span> <span class='ocrx_word' id='word_1_140' title='bbox 1344 2301 1371 2361; x_wconf 92' lang='lat' dir='ltr'><strong>si</strong></span> 
     </span>
     <span class='ocr_line' id='line_1_18' title="bbox 197 2399 1371 2477; baseline 0.002 -19"><span class='ocrx_word' id='word_1_141' title='bbox 197 2409 341 2477; x_wconf 81' lang='lat' dir='ltr'><strong>rupturos</strong></span> <span class='ocrx_word' id='word_1_142' title='bbox 377 2407 446 2458; x_wconf 92' lang='lat' dir='ltr'><strong>tunc</strong></span> <span class='ocrx_word' id='word_1_143' title='bbox 478 2399 634 2476; x_wconf 83' lang='lat' dir='ltr'><strong>¹⁰negavit‚</strong></span> <span class='ocrx_word' id='word_1_144' title='bbox 668 2399 734 2457; x_wconf 90' lang='lat' dir='ltr'><strong>ideo</strong></span> <span class='ocrx_word' id='word_1_145' title='bbox 771 2417 826 2458; x_wconf 89' lang='lat' dir='ltr'><strong>nec</strong></span> <span class='ocrx_word' id='word_1_146' title='bbox 858 2407 1082 2459; x_wconf 87' lang='lat' dir='ltr'><strong>resurrecturos</strong></span> <span class='ocrx_word' id='word_1_147' title='bbox 1117 2399 1371 2461; x_wconf 76' lang='lat' dir='ltr'><strong>”demonstrarit</strong></span> 
     </span>
     <span class='ocr_line' id='line_1_19' title="bbox 197 2490 1370 2578; baseline 0.003 -20"><span class='ocrx_word' id='word_1_148' title='bbox 197 2490 331 2578; x_wconf 79' lang='lat' dir='ltr'><strong>²tttquin</strong></span> <span class='ocrx_word' id='word_1_149' title='bbox 363 2499 441 2559; x_wconf 88' lang='lat' dir='ltr'><strong>lilios</strong></span> <span class='ocrx_word' id='word_1_150' title='bbox 475 2499 703 2559; x_wconf 87' lang='lat' dir='ltr'><strong>resurrectionis</strong></span> <span class='ocrx_word' id='word_1_151' title='bbox 734 2497 933 2576; x_wconf 81' lang='lat' dir='ltr'><strong>¹³appeltavit‚</strong></span> <span class='ocrx_word' id='word_1_152' title='bbox 969 2517 1024 2578; x_wconf 90' lang='lat' dir='ltr'><strong>per</strong></span> <span class='ocrx_word' id='word_1_153' title='bbox 1059 2517 1123 2559; x_wconf 90' lang='lat' dir='ltr'><strong>eam</strong></span> <span class='ocrx_word' id='word_1_154' title='bbox 1151 2500 1370 2577; x_wconf 94' lang='lat' dir='ltr'><strong>quodammodo</strong></span> 
     </span>
    </p>
   </div>
   <div class='ocr_carea' id='block_1_5' title="bbox 197 2568 1483 2677">
    <p class='ocr_par' dir='ltr' id='par_1_5' title="bbox 197 2568 1483 2677">
     <span class='ocr_line' id='line_1_20' title="bbox 197 2568 1483 2677; baseline 0.003 -20"><span class='ocrx_word' id='word_1_155' title='bbox 197 2600 275 2659; x_wconf 70' lang='lat' dir='ltr'><strong>nasci</strong></span> <span class='ocrx_word' id='word_1_156' title='bbox 297 2599 457 2669; x_wconf 85' lang='lat' dir='ltr'><strong>babentes3</strong></span> <span class='ocrx_word' id='word_1_157' title='bbox 485 2598 583 2677; x_wconf 69' lang='lat' dir='ltr'><strong>¹⁴post</strong></span> <span class='ocrx_word' id='word_1_158' title='bbox 604 2617 691 2675; x_wconf 91' lang='lat' dir='ltr'><strong>quam</strong></span> <span class='ocrx_word' id='word_1_159' title='bbox 714 2615 774 2657; x_wconf 92' lang='lat' dir='ltr'><strong>non</strong></span> <span class='ocrx_word' id='word_1_160' title='bbox 803 2598 933 2669; x_wconf 90' lang='lat' dir='ltr'><strong>nubent,</strong></span> <span class='ocrx_word' id='word_1_161' title='bbox 968 2599 1021 2659; x_wconf 94' lang='lat' dir='ltr'><strong>sed</strong></span> <span class='ocrx_word' id='word_1_162' title='bbox 1049 2599 1217 2660; x_wconf 89' lang='lat' dir='ltr'><strong>resuscitati</strong></span> <span class='ocrx_word' id='word_1_163' title='bbox 1246 2599 1367 2661; x_wconf 86' lang='lat' dir='ltr'><strong>Similes</strong></span> <span class='ocrx_word' id='word_1_164' title='bbox 1380 2568 1483 2664; x_wconf 71' lang='lat' dir='ltr'><strong>xiiiio.</strong></span> 
     </span>
    </p>
   </div>
   <div class='ocr_carea' id='block_1_6' title="bbox 197 2668 1522 3376">
    <p class='ocr_par' dir='ltr' id='par_1_6' title="bbox 197 2668 1522 3376">
     <span class='ocr_line' id='line_1_21' title="bbox 198 2668 1522 2779; baseline 0.002 -21"><span class='ocrx_word' id='word_1_165' title='bbox 198 2699 272 2759; x_wconf 61' lang='lat' dir='ltr'><strong>‘nim</strong></span> <span class='ocrx_word' id='word_1_166' title='bbox 294 2709 382 2762; x_wconf 91' lang='lat' dir='ltr'><strong>erunt</strong></span> <span class='ocrx_word' id='word_1_167' title='bbox 404 2698 533 2775; x_wconf 85' lang='lat' dir='ltr'><strong>angelis,</strong></span> <span class='ocrx_word' id='word_1_168' title='bbox 557 2716 613 2776; x_wconf 91' lang='lat' dir='ltr'><strong>qua</strong></span> <span class='ocrx_word' id='word_1_169' title='bbox 636 2716 697 2758; x_wconf 92' lang='lat' dir='ltr'><strong>non</strong></span> <span class='ocrx_word' id='word_1_170' title='bbox 720 2698 858 2775; x_wconf 90' lang='lat' dir='ltr'><strong>nupturi,</strong></span> <span class='ocrx_word' id='word_1_171' title='bbox 881 2698 948 2776; x_wconf 88' lang='lat' dir='ltr'><strong>quia</strong></span> <span class='ocrx_word' id='word_1_172' title='bbox 964 2717 1019 2758; x_wconf 90' lang='lat' dir='ltr'><strong>nec</strong></span> <span class='ocrx_word' id='word_1_173' title='bbox 1034 2699 1188 2772; x_wconf 90' lang='lat' dir='ltr'><strong>morituri,</strong></span> <span class='ocrx_word' id='word_1_174' title='bbox 1212 2699 1295 2761; x_wconf 78' lang='lat' dir='ltr'><strong>¹⁵sed</strong></span> <span class='ocrx_word' id='word_1_175' title='bbox 1310 2668 1522 2779; x_wconf 66' lang='lat' dir='ltr'><strong>quadll&#39;bdli&#39;.</strong></span> 
     </span>
     <span class='ocr_line' id='line_1_22' title="bbox 197 2798 1370 2879; baseline 0.001 -20"><span class='ocrx_word' id='word_1_176' title='bbox 197 2800 345 2861; x_wconf 66' lang='lat' dir='ltr'><strong>ransitum</strong></span> <span class='ocrx_word' id='word_1_177' title='bbox 369 2800 398 2859; x_wconf 89' lang='lat' dir='ltr'><strong>in</strong></span> <span class='ocrx_word' id='word_1_178' title='bbox 421 2808 530 2859; x_wconf 87' lang='lat' dir='ltr'><strong>statum</strong></span> <span class='ocrx_word' id='word_1_179' title='bbox 553 2798 716 2875; x_wconf 88' lang='lat' dir='ltr'><strong>angelicum</strong></span> <span class='ocrx_word' id='word_1_180' title='bbox 738 2816 793 2875; x_wconf 91' lang='lat' dir='ltr'><strong>per</strong></span> <span class='ocrx_word' id='word_1_181' title='bbox 815 2799 1019 2859; x_wconf 90' lang='lat' dir='ltr'><strong>indumentum</strong></span> <span class='ocrx_word' id='word_1_182' title='bbox 1042 2798 1112 2859; x_wconf 92' lang='lat' dir='ltr'><strong>illud</strong></span> <span class='ocrx_word' id='word_1_183' title='bbox 1134 2799 1370 2879; x_wconf 87' lang='lat' dir='ltr'><strong>incorruptibili·</strong></span> 
     </span>
     <span class='ocr_line' id='line_1_23' title="bbox 197 2899 1371 2980; baseline 0.002 -20"><span class='ocrx_word' id='word_1_184' title='bbox 197 2901 278 2974; x_wconf 70' lang='lat' dir='ltr'><strong>³tis,</strong></span> <span class='ocrx_word' id='word_1_185' title='bbox 305 2920 361 2980; x_wconf 92' lang='lat' dir='ltr'><strong>per</strong></span> <span class='ocrx_word' id='word_1_186' title='bbox 389 2899 572 2961; x_wconf 86' lang='lat' dir='ltr'><strong>substantiae</strong></span> <span class='ocrx_word' id='word_1_187' title='bbox 595 2899 786 2960; x_wconf 86' lang='lat' dir='ltr'><strong>resuscitatae</strong></span> <span class='ocrx_word' id='word_1_188' title='bbox 816 2908 914 2960; x_wconf 89' lang='lat' dir='ltr'><strong>tamen</strong></span> <span class='ocrx_word' id='word_1_189' title='bbox 938 2900 1181 2962; x_wconf 90' lang='lat' dir='ltr'><strong>demutationem.</strong></span> <span class='ocrx_word' id='word_1_190' title='bbox 1233 2900 1371 2962; x_wconf 85' lang='lat' dir='ltr'><strong>Ceterum</strong></span> 
     </span>
     <span class='ocr_line' id='line_1_24' title="bbox 198 2990 1370 3081; baseline 0.001 -21"><span class='ocrx_word' id='word_1_191' title='bbox 198 2990 278 3063; x_wconf 79' lang='lat' dir='ltr'><strong>&#39;nec</strong></span> <span class='ocrx_word' id='word_1_192' title='bbox 297 3011 491 3081; x_wconf 87' lang='lat' dir='ltr'><strong>quaereretur</strong></span> <span class='ocrx_word' id='word_1_193' title='bbox 513 3000 633 3077; x_wconf 91' lang='lat' dir='ltr'><strong>nupturi</strong></span> <span class='ocrx_word' id='word_1_194' title='bbox 663 3001 724 3059; x_wconf 89' lang='lat' dir='ltr'><strong>sive</strong></span> <span class='ocrx_word' id='word_1_195' title='bbox 753 3000 890 3060; x_wconf 92' lang='lat' dir='ltr'><strong>morituri</strong></span> <span class='ocrx_word' id='word_1_196' title='bbox 918 3018 1011 3060; x_wconf 91' lang='lat' dir='ltr'><strong>necne</strong></span> <span class='ocrx_word' id='word_1_197' title='bbox 1033 3019 1137 3061; x_wconf 90' lang='lat' dir='ltr'><strong>rursus</strong></span> <span class='ocrx_word' id='word_1_198' title='bbox 1161 3020 1315 3073; x_wconf 89' lang='lat' dir='ltr'><strong>essemus,</strong></span> <span class='ocrx_word' id='word_1_199' title='bbox 1343 3001 1370 3062; x_wconf 89' lang='lat' dir='ltr'><strong>si</strong></span> 
     </span>
     <span class='ocr_line' id='line_1_25' title="bbox 197 3098 1371 3163; baseline 0 -3"><span class='ocrx_word' id='word_1_200' title='bbox 197 3114 255 3162; x_wconf 77' lang='lat' dir='ltr'><strong>ton</strong></span> <span class='ocrx_word' id='word_1_201' title='bbox 277 3104 341 3163; x_wconf 87' lang='lat' dir='ltr'><strong>eius</strong></span> <span class='ocrx_word' id='word_1_202' title='bbox 365 3102 434 3161; x_wconf 70' lang='lat' dir='ltr'><strong>¹&#39;nel</strong></span> <span class='ocrx_word' id='word_1_203' title='bbox 456 3101 583 3160; x_wconf 78' lang='lat' dir='ltr'><strong>maxime</strong></span> <span class='ocrx_word' id='word_1_204' title='bbox 606 3100 789 3160; x_wconf 89' lang='lat' dir='ltr'><strong>substantiae</strong></span> <span class='ocrx_word' id='word_1_205' title='bbox 810 3101 960 3161; x_wconf 87' lang='lat' dir='ltr'><strong>restitutio</strong></span> <span class='ocrx_word' id='word_1_206' title='bbox 984 3100 1040 3160; x_wconf 78' lang='lat' dir='ltr'><strong>¹⁸in</strong></span> <span class='ocrx_word' id='word_1_207' title='bbox 1064 3098 1185 3162; x_wconf 87' lang='lat' dir='ltr'><strong>dubium</strong></span> <span class='ocrx_word' id='word_1_208' title='bbox 1213 3109 1371 3162; x_wconf 78' lang='lat' dir='ltr'><strong>vocaretur</strong></span> 
     </span>
     <span class='ocr_line' id='line_1_26' title="bbox 197 3199 1369 3282; baseline -0.003 -19"><span class='ocrx_word' id='word_1_209' title='bbox 197 3212 269 3268; x_wconf 82' lang='lat' dir='ltr'><strong>tuae</strong></span> <span class='ocrx_word' id='word_1_210' title='bbox 290 3203 413 3282; x_wconf 88' lang='lat' dir='ltr'><strong>proprie</strong></span> <span class='ocrx_word' id='word_1_211' title='bbox 436 3211 465 3261; x_wconf 92' lang='lat' dir='ltr'><strong>et</strong></span> <span class='ocrx_word' id='word_1_212' title='bbox 488 3211 582 3260; x_wconf 91' lang='lat' dir='ltr'><strong>morte</strong></span> <span class='ocrx_word' id='word_1_213' title='bbox 605 3210 633 3260; x_wconf 89' lang='lat' dir='ltr'><strong>et</strong></span> <span class='ocrx_word' id='word_1_214' title='bbox 656 3201 767 3279; x_wconf 91' lang='lat' dir='ltr'><strong>nuptiis</strong></span> <span class='ocrx_word' id='word_1_215' title='bbox 789 3202 937 3277; x_wconf 82' lang='lat' dir='ltr'><strong>fungitur,</strong></span> <span class='ocrx_word' id='word_1_216' title='bbox 967 3202 996 3261; x_wconf 92' lang='lat' dir='ltr'><strong>id</strong></span> <span class='ocrx_word' id='word_1_217' title='bbox 1020 3209 1068 3259; x_wconf 91' lang='lat' dir='ltr'><strong>est</strong></span> <span class='ocrx_word' id='word_1_218' title='bbox 1089 3202 1197 3260; x_wconf 88' lang='lat' dir='ltr'><strong>carnis.</strong></span> <span class='ocrx_word' id='word_1_219' title='bbox 1242 3199 1369 3260; x_wconf 71' lang='lat' dir='ltr'><strong>¹⁰Habes</strong></span> 
     </span>
     <span class='ocr_line' id='line_1_27' title="bbox 197 3298 1369 3376; baseline -0.004 -14"><span class='ocrx_word' id='word_1_220' title='bbox 197 3302 284 3373; x_wconf 75' lang='lat' dir='ltr'><strong>gitur</strong></span> <span class='ocrx_word' id='word_1_221' title='bbox 305 3303 458 3364; x_wconf 89' lang='lat' dir='ltr'><strong>dominum</strong></span> <span class='ocrx_word' id='word_1_222' title='bbox 482 3303 704 3362; x_wconf 79' lang='lat' dir='ltr'><strong>confirmantem</strong></span> <span class='ocrx_word' id='word_1_223' title='bbox 728 3301 869 3360; x_wconf 89' lang='lat' dir='ltr'><strong>adversus</strong></span> <span class='ocrx_word' id='word_1_224' title='bbox 888 3300 1056 3359; x_wconf 87' lang='lat' dir='ltr'><strong>haereticos</strong></span> <span class='ocrx_word' id='word_1_225' title='bbox 1072 3299 1266 3371; x_wconf 85' lang='lat' dir='ltr'><strong>ludaeorum,</strong></span> <span class='ocrx_word' id='word_1_226' title='bbox 1290 3298 1369 3376; x_wconf 93' lang='lat' dir='ltr'><strong>quod</strong></span> 
     </span>
    </p>
   </div>
   <div class='ocr_carea' id='block_1_7' title="bbox 204 3397 1368 3480">
    <p class='ocr_par' dir='ltr' id='par_1_7' title="bbox 204 3397 1368 3480">
     <span class='ocr_line' id='line_1_28' title="bbox 204 3397 1368 3480; baseline -0.004 -20"><span class='ocrx_word' id='word_1_227' title='bbox 204 3407 324 3464; x_wconf 74' lang='lat' dir='ltr'><strong>tnunc</strong></span> <span class='ocrx_word' id='word_1_228' title='bbox 353 3413 477 3480; x_wconf 86' lang='lat' dir='ltr'><strong>negatur</strong></span> <span class='ocrx_word' id='word_1_229' title='bbox 505 3402 583 3479; x_wconf 92' lang='lat' dir='ltr'><strong>apud</strong></span> <span class='ocrx_word' id='word_1_230' title='bbox 611 3402 800 3462; x_wconf 85' lang='lat' dir='ltr'><strong>Sadducaeos</strong></span> <span class='ocrx_word' id='word_1_231' title='bbox 824 3400 1077 3471; x_wconf 84' lang='lat' dir='ltr'><strong>Christianorum,</strong></span> <span class='ocrx_word' id='word_1_232' title='bbox 1111 3397 1236 3458; x_wconf 88' lang='lat' dir='ltr'><strong>solidam</strong></span> <span class='ocrx_word' id='word_1_233' title='bbox 1265 3413 1368 3456; x_wconf 91' lang='lat' dir='ltr'><strong>resur-</strong></span> 
     </span>
    </p>
   </div>
   <div class='ocr_carea' id='block_1_8' title="bbox 198 3505 1485 3687">
    <p class='ocr_par' dir='ltr' id='par_1_8' title="bbox 198 3505 1485 3687">
     <span class='ocr_line' id='line_1_29' title="bbox 198 3505 368 3564; baseline 0.012 -2"><span class='ocrx_word' id='word_1_234' title='bbox 198 3505 368 3564; x_wconf 55' lang='lat' dir='ltr'><strong>motionem.</strong></span> 
     </span>
     <span class='ocr_line' id='line_1_30' title="bbox 279 3577 1485 3687; baseline -0.013 -21"><span class='ocrx_word' id='word_1_235' title='bbox 279 3604 345 3665; x_wconf 86' lang='lat' dir='ltr'><strong>¹Sic</strong></span> <span class='ocrx_word' id='word_1_236' title='bbox 367 3603 444 3663; x_wconf 91' lang='lat' dir='ltr'><strong>etsi</strong></span> <span class='ocrx_word' id='word_1_237' title='bbox 467 3620 586 3662; x_wconf 88' lang='lat' dir='ltr'><strong>carnem</strong></span> <span class='ocrx_word' id='word_1_238' title='bbox 609 3602 649 3660; x_wconf 93' lang='lat' dir='ltr'><strong>ait</strong></span> <span class='ocrx_word' id='word_1_239' title='bbox 663 3601 735 3660; x_wconf 89' lang='lat' dir='ltr'><strong>nibil</strong></span> <span class='ocrx_word' id='word_1_240' title='bbox 752 3600 914 3677; x_wconf 88' lang='lat' dir='ltr'><strong>prodesse,</strong></span> <span class='ocrx_word' id='word_1_241' title='bbox 938 3617 973 3658; x_wconf 82' lang='lat' dir='ltr'><strong>ex</strong></span> <span class='ocrx_word' id='word_1_242' title='bbox 996 3596 1119 3657; x_wconf 86' lang='lat' dir='ltr'><strong>materia</strong></span> <span class='ocrx_word' id='word_1_243' title='bbox 1142 3594 1211 3655; x_wconf 89' lang='lat' dir='ltr'><strong>dicti</strong></span> <span class='ocrx_word' id='word_1_244' title='bbox 1233 3594 1365 3672; x_wconf 90' lang='lat' dir='ltr'><strong>dirigen-</strong></span> <span class='ocrx_word' id='word_1_245' title='bbox 1385 3577 1485 3687; x_wconf 33' lang='lat' dir='ltr'><strong>§2⁹4st</strong></span> 
     </span>
    </p>
   </div>
   <div class='ocr_carea' id='block_1_9' title="bbox 197 3695 1513 3809">
    <p class='ocr_par' dir='ltr' id='par_1_9' title="bbox 197 3695 1513 3809">
     <span class='ocr_line' id='line_1_31' title="bbox 197 3695 1513 3809; baseline -0.008 -46"><span class='ocrx_word' id='word_1_246' title='bbox 197 3695 251 3765; x_wconf 76' lang='lat' dir='ltr'><strong>lus</strong></span> <span class='ocrx_word' id='word_1_247' title='bbox 273 3712 321 3766; x_wconf 89' lang='lat' dir='ltr'><strong>est</strong></span> <span class='ocrx_word' id='word_1_248' title='bbox 343 3722 462 3764; x_wconf 89' lang='lat' dir='ltr'><strong>sensus.</strong></span> <span class='ocrx_word' id='word_1_249' title='bbox 499 3703 572 3762; x_wconf 89' lang='lat' dir='ltr'><strong>Nam</strong></span> <span class='ocrx_word' id='word_1_250' title='bbox 594 3702 678 3781; x_wconf 75' lang='lat' dir='ltr'><strong>’quia</strong></span> <span class='ocrx_word' id='word_1_251' title='bbox 700 3702 826 3760; x_wconf 73' lang='lat' dir='ltr'><strong>dutum¹¹</strong></span> <span class='ocrx_word' id='word_1_252' title='bbox 849 3708 879 3759; x_wconf 92' lang='lat' dir='ltr'><strong>et</strong></span> <span class='ocrx_word' id='word_1_253' title='bbox 894 3696 1108 3760; x_wconf 88' lang='lat' dir='ltr'><strong>intolerabilem</strong></span> <span class='ocrx_word' id='word_1_254' title='bbox 1125 3695 1513 3809; x_wconf 46' lang='lat' dir='ltr'><strong>⁰¹i⁵²im³les²¹¹¹¹qss⁰qlss³⁸25q</strong></span> 
     </span>
    </p>
   </div>
   <div class='ocr_carea' id='block_1_10' title="bbox 197 3879 1371 4490">
    <p class='ocr_par' dir='ltr' id='par_1_10' title="bbox 197 3879 1371 4490">
     <span class='ocr_line' id='line_1_32' title="bbox 198 3879 1368 3952; baseline -0.008 -16"><span class='ocrx_word' id='word_1_255' title='bbox 198 3892 356 3940; x_wconf 49' lang='grc' dir='ltr'><strong>«σταίη.</strong></span> <span class='ocrx_word' id='word_1_256' title='bbox 392 3890 483 3952; x_wconf 84' lang='lat' dir='ltr'><strong>erepsit</strong></span> <span class='ocrx_word' id='word_1_257' title='bbox 501 3891 524 3937; x_wconf 84' lang='lat' dir='ltr'><strong>B.</strong></span> <span class='ocrx_word' id='word_1_258' title='bbox 579 3888 602 3936; x_wconf 83' lang='lat'><strong>3.</strong></span> <span class='ocrx_word' id='word_1_259' title='bbox 627 3903 674 3949; x_wconf 90' lang='lat' dir='ltr'><strong>qno</strong></span> <span class='ocrx_word' id='word_1_260' title='bbox 694 3890 715 3935; x_wconf 85' lang='lat' dir='ltr'><strong>b.</strong></span> <span class='ocrx_word' id='word_1_261' title='bbox 768 3886 792 3933; x_wconf 82' lang='grc'><strong>4.</strong></span> <span class='ocrx_word' id='word_1_262' title='bbox 818 3899 875 3947; x_wconf 88' lang='lat' dir='ltr'><strong>spes</strong></span> <span class='ocrx_word' id='word_1_263' title='bbox 901 3883 1086 3932; x_wconf 89' lang='lat' dir='ltr'><strong>resurrectionis</strong></span> <span class='ocrx_word' id='word_1_264' title='bbox 1110 3881 1268 3930; x_wconf 75' lang='lat' dir='ltr'><strong>labefactatur</strong></span> <span class='ocrx_word' id='word_1_265' title='bbox 1286 3881 1308 3929; x_wconf 84' lang='lat' dir='ltr'><strong>b.</strong></span> <span class='ocrx_word' id='word_1_266' title='bbox 1345 3879 1368 3929; x_wconf 82' lang='lat' dir='ltr'><strong>b.</strong></span> 
     </span>
     <span class='ocr_line' id='line_1_33' title="bbox 198 3946 1368 4011; baseline -0.012 -3"><span class='ocrx_word' id='word_1_267' title='bbox 198 3967 227 4001; x_wconf 73' lang='lat'><strong>&#39;0</strong></span> <span class='ocrx_word' id='word_1_268' title='bbox 245 3961 263 4007; x_wconf 60' lang='lat' dir='ltr'><strong>b.</strong></span> <span class='ocrx_word' id='word_1_269' title='bbox 317 3957 341 4005; x_wconf 83' lang='lat'><strong>6.</strong></span> <span class='ocrx_word' id='word_1_270' title='bbox 361 3957 403 4004; x_wconf 85' lang='lat' dir='ltr'><strong>sed</strong></span> <span class='ocrx_word' id='word_1_271' title='bbox 423 3960 447 4006; x_wconf 79' lang='lat' dir='ltr'><strong>l.</strong></span> <span class='ocrx_word' id='word_1_272' title='bbox 500 3955 523 4004; x_wconf 85' lang='lat' dir='ltr'><strong>t.</strong></span> <span class='ocrx_word' id='word_1_273' title='bbox 549 3955 705 4003; x_wconf 74' lang='lat' dir='ltr'><strong>confirmabat</strong></span> <span class='ocrx_word' id='word_1_274' title='bbox 724 3955 761 4001; x_wconf 85' lang='lat' dir='ltr'><strong>rd.</strong></span> <span class='ocrx_word' id='word_1_275' title='bbox 779 3954 830 4001; x_wconf 84' lang='lat' dir='ltr'><strong>cod.</strong></span> <span class='ocrx_word' id='word_1_276' title='bbox 851 3954 882 4001; x_wconf 92' lang='lat' dir='ltr'><strong>lo.</strong></span> <span class='ocrx_word' id='word_1_277' title='bbox 894 3953 1023 3999; x_wconf 69' lang='lat' dir='ltr'><strong>Clementis.</strong></span> <span class='ocrx_word' id='word_1_278' title='bbox 1065 3951 1192 3997; x_wconf 77' lang='lat' dir='ltr'><strong>contitinet</strong></span> <span class='ocrx_word' id='word_1_279' title='bbox 1208 3949 1302 4011; x_wconf 86' lang='lat' dir='ltr'><strong>reliqui.</strong></span> <span class='ocrx_word' id='word_1_280' title='bbox 1345 3946 1368 3996; x_wconf 83' lang='lat'><strong>8.</strong></span> 
     </span>
     <span class='ocr_line' id='line_1_34' title="bbox 197 4014 1369 4078; baseline -0.012 -3"><span class='ocrx_word' id='word_1_281' title='bbox 197 4025 347 4075; x_wconf 67' lang='lat' dir='ltr'><strong>tunctunc.</strong></span> <span class='ocrx_word' id='word_1_282' title='bbox 389 4024 412 4073; x_wconf 78' lang='lat'><strong>9.</strong></span> <span class='ocrx_word' id='word_1_283' title='bbox 432 4025 502 4072; x_wconf 88' lang='lat' dir='ltr'><strong>deum</strong></span> <span class='ocrx_word' id='word_1_284' title='bbox 522 4025 557 4071; x_wconf 56' lang='lat' dir='ltr'><strong>ed,</strong></span> <span class='ocrx_word' id='word_1_285' title='bbox 577 4022 839 4071; x_wconf 74' lang='lat' dir='ltr'><strong>todeslod&#39;tementit.</strong></span> <span class='ocrx_word' id='word_1_286' title='bbox 875 4019 998 4066; x_wconf 88' lang='lat' dir='ltr'><strong>dominum</strong></span> <span class='ocrx_word' id='word_1_287' title='bbox 1017 4018 1109 4078; x_wconf 82' lang='lat' dir='ltr'><strong>reliqui.</strong></span> <span class='ocrx_word' id='word_1_288' title='bbox 1149 4015 1184 4064; x_wconf 85' lang='lat' dir='ltr'><strong>to.</strong></span> <span class='ocrx_word' id='word_1_289' title='bbox 1204 4014 1369 4075; x_wconf 77' lang='lat' dir='ltr'><strong>negubttldd&#39;.</strong></span> 
     </span>
     <span class='ocr_line' id='line_1_35' title="bbox 197 4081 1370 4150; baseline -0.008 -12"><span class='ocrx_word' id='word_1_290' title='bbox 197 4090 240 4138; x_wconf 62' lang='lat' dir='ltr'><strong>«l.</strong></span> <span class='ocrx_word' id='word_1_291' title='bbox 257 4091 430 4140; x_wconf 86' lang='lat' dir='ltr'><strong>demonstrabit</strong></span> <span class='ocrx_word' id='word_1_292' title='bbox 448 4092 508 4140; x_wconf 76' lang='lat' dir='ltr'><strong>lte.</strong></span> <span class='ocrx_word' id='word_1_293' title='bbox 554 4088 1023 4150; x_wconf 71' lang='grc' dir='ltr'><strong>12.ΑῑηιιίῐιΑεά.ιοά.ἱο.ί“ἱιήιεηιὲε.</strong></span> <span class='ocrx_word' id='word_1_294' title='bbox 1062 4084 1219 4145; x_wconf 82' lang='lat' dir='ltr'><strong>ttquoniam</strong></span> <span class='ocrx_word' id='word_1_295' title='bbox 1239 4083 1264 4131; x_wconf 82' lang='lat' dir='ltr'><strong>ll.</strong></span> <span class='ocrx_word' id='word_1_296' title='bbox 1299 4081 1370 4143; x_wconf 81' lang='lat' dir='ltr'><strong>ttqni</strong></span> 
     </span>
     <span class='ocr_line' id='line_1_36' title="bbox 197 4147 1369 4221; baseline -0.009 -16"><span class='ocrx_word' id='word_1_297' title='bbox 197 4160 288 4221; x_wconf 67' lang='lat' dir='ltr'><strong>&#39;eliqut</strong></span> <span class='ocrx_word' id='word_1_298' title='bbox 349 4158 387 4207; x_wconf 82' lang='lat'><strong>13.</strong></span> <span class='ocrx_word' id='word_1_299' title='bbox 413 4158 542 4221; x_wconf 80' lang='lat' dir='ltr'><strong>appellauit</strong></span> <span class='ocrx_word' id='word_1_300' title='bbox 570 4160 615 4215; x_wconf 81' lang='lat' dir='ltr'><strong>td,</strong></span> <span class='ocrx_word' id='word_1_301' title='bbox 642 4160 670 4204; x_wconf 84' lang='lat' dir='ltr'><strong>de</strong></span> <span class='ocrx_word' id='word_1_302' title='bbox 694 4158 745 4204; x_wconf 85' lang='lat' dir='ltr'><strong>cod.</strong></span> <span class='ocrx_word' id='word_1_303' title='bbox 771 4156 801 4202; x_wconf 92' lang='lat' dir='ltr'><strong>lo.</strong></span> <span class='ocrx_word' id='word_1_304' title='bbox 822 4154 948 4201; x_wconf 80' lang='lat' dir='ltr'><strong>Clententis.</strong></span> <span class='ocrx_word' id='word_1_305' title='bbox 994 4151 1116 4213; x_wconf 81' lang='lat' dir='ltr'><strong>appellet,</strong></span> <span class='ocrx_word' id='word_1_306' title='bbox 1141 4159 1164 4197; x_wconf 92' lang='lat' dir='ltr'><strong>ut</strong></span> <span class='ocrx_word' id='word_1_307' title='bbox 1189 4150 1283 4211; x_wconf 83' lang='lat' dir='ltr'><strong>reliqui.</strong></span> <span class='ocrx_word' id='word_1_308' title='bbox 1332 4147 1369 4196; x_wconf 78' lang='lat' dir='ltr'><strong>ll.</strong></span> 
     </span>
     <span class='ocr_line' id='line_1_37' title="bbox 197 4213 1370 4287; baseline -0.007 -17"><span class='ocrx_word' id='word_1_309' title='bbox 197 4229 324 4287; x_wconf 69' lang='lat' dir='ltr'><strong>tostquam</strong></span> <span class='ocrx_word' id='word_1_310' title='bbox 344 4218 396 4275; x_wconf 85' lang='lat' dir='ltr'><strong>edd.</strong></span> <span class='ocrx_word' id='word_1_311' title='bbox 416 4227 512 4274; x_wconf 80' lang='lat' dir='ltr'><strong>Sentleri</strong></span> <span class='ocrx_word' id='word_1_312' title='bbox 538 4233 558 4272; x_wconf 80' lang='lat' dir='ltr'><strong>et</strong></span> <span class='ocrx_word' id='word_1_313' title='bbox 577 4226 694 4287; x_wconf 81' lang='lat' dir='ltr'><strong>leopoldi,</strong></span> <span class='ocrx_word' id='word_1_314' title='bbox 720 4224 835 4272; x_wconf 83' lang='lat' dir='ltr'><strong>mettdote.</strong></span> <span class='ocrx_word' id='word_1_315' title='bbox 896 4219 935 4269; x_wconf 84' lang='lat'><strong>15.</strong></span> <span class='ocrx_word' id='word_1_316' title='bbox 961 4219 1002 4266; x_wconf 86' lang='lat' dir='ltr'><strong>setl</strong></span> <span class='ocrx_word' id='word_1_317' title='bbox 1028 4227 1051 4266; x_wconf 87' lang='lat' dir='ltr'><strong>et</strong></span> <span class='ocrx_word' id='word_1_318' title='bbox 1074 4232 1120 4280; x_wconf 85' lang='lat' dir='ltr'><strong>qua</strong></span> <span class='ocrx_word' id='word_1_319' title='bbox 1144 4217 1181 4266; x_wconf 83' lang='lat' dir='ltr'><strong>Fr.</strong></span> <span class='ocrx_word' id='word_1_320' title='bbox 1192 4217 1280 4264; x_wconf 81' lang='lat' dir='ltr'><strong>lunius.</strong></span> <span class='ocrx_word' id='word_1_321' title='bbox 1330 4213 1370 4263; x_wconf 80' lang='lat' dir='ltr'><strong>td.</strong></span> 
     </span>
     <span class='ocr_line' id='line_1_38' title="bbox 197 4281 1371 4404; baseline -0.011 -62"><span class='ocrx_word' id='word_1_322' title='bbox 197 4295 237 4404; x_wconf 54' lang='grc' dir='ltr'><strong>ἒξ</strong></span> <span class='ocrx_word' id='word_1_323' title='bbox 255 4296 283 4352; x_wconf 85' lang='lat' dir='ltr'><strong>b.,</strong></span> <span class='ocrx_word' id='word_1_324' title='bbox 311 4302 331 4342; x_wconf 84' lang='lat' dir='ltr'><strong>et</strong></span> <span class='ocrx_word' id='word_1_325' title='bbox 357 4296 411 4341; x_wconf 85' lang='lat' dir='ltr'><strong>edit.</strong></span> <span class='ocrx_word' id='word_1_326' title='bbox 431 4294 534 4352; x_wconf 79' lang='lat' dir='ltr'><strong>Sernieri,</strong></span> <span class='ocrx_word' id='word_1_327' title='bbox 559 4298 674 4341; x_wconf 82' lang='lat' dir='ltr'><strong>utendose.</strong></span> <span class='ocrx_word' id='word_1_328' title='bbox 737 4289 775 4336; x_wconf 88' lang='lat' dir='ltr'><strong>l&#39;l.</strong></span> <span class='ocrx_word' id='word_1_329' title='bbox 800 4288 868 4337; x_wconf 87' lang='lat' dir='ltr'><strong>tobis</strong></span> <span class='ocrx_word' id='word_1_330' title='bbox 892 4287 993 4334; x_wconf 82' lang='lat' dir='ltr'><strong>maxime</strong></span> <span class='ocrx_word' id='word_1_331' title='bbox 1011 4290 1036 4333; x_wconf 76' lang='lat' dir='ltr'><strong>A.</strong></span> <span class='ocrx_word' id='word_1_332' title='bbox 1097 4283 1135 4331; x_wconf 80' lang='lat'><strong>18.</strong></span> <span class='ocrx_word' id='word_1_333' title='bbox 1163 4285 1186 4331; x_wconf 93' lang='lat' dir='ltr'><strong>in</strong></span> <span class='ocrx_word' id='word_1_334' title='bbox 1212 4283 1283 4331; x_wconf 85' lang='lat' dir='ltr'><strong>deum</strong></span> <span class='ocrx_word' id='word_1_335' title='bbox 1307 4281 1371 4331; x_wconf 72' lang='lat' dir='ltr'><strong>ABG.</strong></span> 
     </span>
     <span class='ocr_line' id='line_1_39' title="bbox 239 4360 382 4408; baseline 0.028 -4"><span class='ocrx_word' id='word_1_336' title='bbox 239 4360 337 4408; x_wconf 76' lang='lat' dir='ltr'><strong>,ttsbeo</strong></span> <span class='ocrx_word' id='word_1_337' title='bbox 357 4361 382 4408; x_wconf 82' lang='lat' dir='ltr'><strong>B.</strong></span> 
     </span>
     <span class='ocr_line' id='line_1_40' title="bbox 269 4420 904 4490; baseline -0.011 -15"><span class='ocrx_word' id='word_1_338' title='bbox 269 4429 323 4490; x_wconf 83' lang='lat' dir='ltr'><strong>Cap.</strong></span> <span class='ocrx_word' id='word_1_339' title='bbox 341 4427 449 4476; x_wconf 77' lang='lat' dir='ltr'><strong>xxxvtt.</strong></span> <span class='ocrx_word' id='word_1_340' title='bbox 487 4426 507 4474; x_wconf 91' lang='lat' dir='ltr'><strong>l.</strong></span> <span class='ocrx_word' id='word_1_341' title='bbox 527 4425 592 4473; x_wconf 82' lang='lat' dir='ltr'><strong>Licet</strong></span> <span class='ocrx_word' id='word_1_342' title='bbox 609 4427 629 4473; x_wconf 88' lang='lat' dir='ltr'><strong>si</strong></span> <span class='ocrx_word' id='word_1_343' title='bbox 647 4424 723 4474; x_wconf 75' lang='lat' dir='ltr'><strong>luca.</strong></span> <span class='ocrx_word' id='word_1_344' title='bbox 777 4420 800 4470; x_wconf 78' lang='lat'><strong>2.</strong></span> <span class='ocrx_word' id='word_1_345' title='bbox 820 4423 860 4485; x_wconf 91' lang='lat' dir='ltr'><strong>qni</strong></span> <span class='ocrx_word' id='word_1_346' title='bbox 878 4421 904 4469; x_wconf 80' lang='lat' dir='ltr'><strong>d.</strong></span> 
     </span>
    </p>
   </div>
   <div class='ocr_carea' id='block_1_11' title="bbox 209 4530 1373 4802">
    <p class='ocr_par' dir='ltr' id='par_1_11' title="bbox 209 4530 1373 4802">
     <span class='ocr_line' id='line_1_41' title="bbox 245 4530 1372 4625; baseline -0.016 -15"><span class='ocrx_word' id='word_1_347' title='bbox 245 4556 403 4621; x_wconf 68' lang='lat' dir='ltr'><strong>tantuli.</strong></span> <span class='ocrx_word' id='word_1_348' title='bbox 447 4576 467 4607; x_wconf 91' lang='lat' dir='ltr'><strong>a.</strong></span> <span class='ocrx_word' id='word_1_349' title='bbox 491 4554 638 4623; x_wconf 85' lang='lat' dir='ltr'><strong>Sadducaei]</strong></span> <span class='ocrx_word' id='word_1_350' title='bbox 669 4558 705 4607; x_wconf 87' lang='lat' dir='ltr'><strong>Cl.</strong></span> <span class='ocrx_word' id='word_1_351' title='bbox 726 4557 759 4605; x_wconf 80' lang='lat' dir='ltr'><strong>lle</strong></span> <span class='ocrx_word' id='word_1_352' title='bbox 810 4567 859 4618; x_wconf 77' lang='lat' dir='ltr'><strong>pec</strong></span> <span class='ocrx_word' id='word_1_353' title='bbox 877 4538 1036 4611; x_wconf 72' lang='grc' dir='ltr'><strong><em>ἦνᾶληθῶς</em></strong></span> <span class='ocrx_word' id='word_1_354' title='bbox 1054 4542 1068 4596; x_wconf 84' lang='lat' dir='ltr'><strong>d</strong></span> <span class='ocrx_word' id='word_1_355' title='bbox 1086 4530 1166 4612; x_wconf 76' lang='lat' dir='ltr'><strong>ldyoc</strong></span> <span class='ocrx_word' id='word_1_356' title='bbox 1191 4541 1205 4596; x_wconf 84' lang='grc' dir='ltr'><strong><em>ὃ</em></strong></span> <span class='ocrx_word' id='word_1_357' title='bbox 1228 4539 1372 4625; x_wconf 30' lang='grc' dir='ltr'><strong>νομίιζόμεί-</strong></span> 
     </span>
     <span class='ocr_line' id='line_1_42' title="bbox 209 4610 1371 4688; baseline -0.009 -18"><span class='ocrx_word' id='word_1_358' title='bbox 209 4615 343 4688; x_wconf 79' lang='lat' dir='ltr'><strong>Praeseript.</strong></span> <span class='ocrx_word' id='word_1_359' title='bbox 364 4629 458 4675; x_wconf 82' lang='lat' dir='ltr'><strong>llaeret.</strong></span> <span class='ocrx_word' id='word_1_360' title='bbox 478 4626 582 4688; x_wconf 75' lang='lat' dir='ltr'><strong>rapdd.</strong></span> <span class='ocrx_word' id='word_1_361' title='bbox 810 4634 857 4673; x_wconf 79' lang='grc' dir='ltr'><strong>νος</strong></span> <span class='ocrx_word' id='word_1_362' title='bbox 875 4612 1073 4683; x_wconf 80' lang='grc' dir='ltr'><em>σαρκοφάγους</em></span> <span class='ocrx_word' id='word_1_363' title='bbox 1096 4611 1173 4670; x_wconf 74' lang='grc' dir='ltr'>τινὰς</span> <span class='ocrx_word' id='word_1_364' title='bbox 1196 4610 1241 4663; x_wconf 81' lang='grc' dir='ltr'><strong>καὶ</strong></span> <span class='ocrx_word' id='word_1_365' title='bbox 1259 4615 1371 4680; x_wconf 64' lang='lat' dir='ltr'><strong>tripolio·</strong></span> 
     </span>
     <span class='ocr_line' id='line_1_43' title="bbox 247 4676 1373 4802; baseline -0.015 -60"><span class='ocrx_word' id='word_1_366' title='bbox 247 4689 416 4751; x_wconf 60' lang='lat' dir='ltr'><strong>ttptttttt</strong></span> <span class='ocrx_word' id='word_1_367' title='bbox 456 4710 477 4741; x_wconf 82' lang='lat' dir='ltr'><strong>a.</strong></span> <span class='ocrx_word' id='word_1_368' title='bbox 505 4695 564 4742; x_wconf 83' lang='lat' dir='ltr'><strong>Nam</strong></span> <span class='ocrx_word' id='word_1_369' title='bbox 585 4694 638 4754; x_wconf 89' lang='lat' dir='ltr'><strong>qnia</strong></span> <span class='ocrx_word' id='word_1_370' title='bbox 658 4689 758 4752; x_wconf 84' lang='lat' dir='ltr'><strong>durum]</strong></span> <span class='ocrx_word' id='word_1_371' title='bbox 810 4703 876 4802; x_wconf 63' lang='lat' dir='ltr'><strong>Seue</strong></span> <span class='ocrx_word' id='word_1_372' title='bbox 893 4680 957 4738; x_wconf 79' lang='grc' dir='ltr'><strong>τοὺς</strong></span> <span class='ocrx_word' id='word_1_373' title='bbox 975 4678 1124 4736; x_wconf 67' lang='grc' dir='ltr'><em>ἀκούοντας</em></span> <span class='ocrx_word' id='word_1_374' title='bbox 1139 4676 1373 4731; x_wconf 55' lang='lat' dir='ltr'><strong>instetuemus</strong></span> 
     </span>
    </p>
   </div>
   <div class='ocr_carea' id='block_1_12' title="bbox 217 4739 1372 4886">
    <p class='ocr_par' dir='ltr' id='par_1_12' title="bbox 217 4739 1372 4886">
     <span class='ocr_line' id='line_1_44' title="bbox 217 4739 1372 4817; baseline -0.011 -13"><span class='ocrx_word' id='word_1_375' title='bbox 217 4746 323 4806; x_wconf 68' lang='lat' dir='ltr'><strong>Praeclare</strong></span> <span class='ocrx_word' id='word_1_376' title='bbox 341 4776 435 4809; x_wconf 83' lang='lat' dir='ltr'><strong>omnem</strong></span> <span class='ocrx_word' id='word_1_377' title='bbox 456 4763 553 4809; x_wconf 84' lang='lat' dir='ltr'><strong>huiusce</strong></span> <span class='ocrx_word' id='word_1_378' title='bbox 573 4761 628 4807; x_wconf 85' lang='lat' dir='ltr'><strong>dicti</strong></span> <span class='ocrx_word' id='word_1_379' title='bbox 647 4760 757 4805; x_wconf 82' lang='lat' dir='ltr'><strong>duritiem</strong></span> <span class='ocrx_word' id='word_1_380' title='bbox 826 4751 840 4802; x_wconf 78' lang='grc' dir='ltr'><strong>’ἐ</strong></span> <span class='ocrx_word' id='word_1_381' title='bbox 864 4751 1053 4817; x_wconf 78' lang='grc' dir='ltr'><strong>πνευματικῶς</strong></span> <span class='ocrx_word' id='word_1_382' title='bbox 1079 4747 1113 4798; x_wconf 83' lang='lat' dir='ltr'><strong>sd</strong></span> <span class='ocrx_word' id='word_1_383' title='bbox 1139 4741 1309 4815; x_wconf 78' lang='grc' dir='ltr'><strong>πνευματικὰ</strong></span> <span class='ocrx_word' id='word_1_384' title='bbox 1332 4739 1372 4792; x_wconf 69' lang='grc' dir='ltr'><strong>ἐκ·</strong></span> 
     </span>
     <span class='ocr_line' id='line_1_45' title="bbox 221 4811 1370 4886; baseline -0.009 -18"><span class='ocrx_word' id='word_1_385' title='bbox 221 4823 295 4871; x_wconf 76' lang='lat' dir='ltr'><strong>emollit</strong></span> <span class='ocrx_word' id='word_1_386' title='bbox 311 4828 449 4877; x_wconf 85' lang='lat' dir='ltr'><strong>Theodorus</strong></span> <span class='ocrx_word' id='word_1_387' title='bbox 468 4829 625 4876; x_wconf 81' lang='lat' dir='ltr'><strong>Heracleots:</strong></span> <span class='ocrx_word' id='word_1_388' title='bbox 652 4820 759 4882; x_wconf 66' lang='lat' dir='ltr'><strong>„litti-</strong></span> <span class='ocrx_word' id='word_1_389' title='bbox 809 4814 997 4886; x_wconf 77' lang='grc' dir='ltr'><strong>λαμβάνουσιν</strong></span> <span class='ocrx_word' id='word_1_390' title='bbox 1012 4811 1092 4869; x_wconf 74' lang='grc' dir='ltr'><em>οὐδὲν</em></span> <span class='ocrx_word' id='word_1_391' title='bbox 1101 4812 1232 4884; x_wconf 69' lang='grc' dir='ltr'><strong>ἐφαίνετο</strong></span> <span class='ocrx_word' id='word_1_392' title='bbox 1245 4811 1370 4878; x_wconf 68' lang='lat' dir='ltr'><strong>otiique,</strong></span> 
     </span>
    </p>
   </div>
   <div class='ocr_carea' id='block_1_13' title="bbox 251 4899 1218 4957">
    <p class='ocr_par' dir='ltr' id='par_1_13' title="bbox 251 4899 1218 4957">
     <span class='ocr_line' id='line_1_46' title="bbox 251 4899 1218 4957; baseline 0 -8"><span class='ocrx_word' id='word_1_393' title='bbox 251 4902 390 4956; x_wconf 79' lang='lat' dir='ltr'><strong>Tttrctsttut</strong></span> <span class='ocrx_word' id='word_1_394' title='bbox 403 4926 454 4957; x_wconf 74' lang='lat' dir='ltr'><strong>ort.</strong></span> <span class='ocrx_word' id='word_1_395' title='bbox 468 4926 505 4956; x_wconf 82' lang='lat' dir='ltr'><strong>tu.</strong></span> <span class='ocrx_word' id='word_1_396' title='bbox 516 4925 615 4956; x_wconf 79' lang='lat' dir='ltr'><strong>osunen.</strong></span> <span class='ocrx_word' id='word_1_397' title='bbox 640 4912 703 4954; x_wconf 83' lang='lat' dir='ltr'><strong>Tom.</strong></span> <span class='ocrx_word' id='word_1_398' title='bbox 714 4910 740 4952; x_wconf 88' lang='lat'><strong>11.</strong></span> <span class='ocrx_word' id='word_1_399' title='bbox 1186 4899 1218 4951; x_wconf 80' lang='lat'><strong>³³</strong></span> 
     </span>
    </p>
   </div>
   <div class='ocr_carea' id='block_1_14' title="bbox 0 0 1628 5775">
    <p class='ocr_par' dir='ltr' id='par_1_14' title="bbox 0 0 1628 5775">
     <span class='ocr_line' id='line_1_47' title="bbox 0 0 1628 5775; baseline 0 0"><span class='ocrx_word' id='word_1_400' title='bbox 0 0 1628 5775; x_wconf 95' lang='lat' dir='ltr'><strong> </strong></span> 
     </span>
    </p>
   </div>
  </div>
 </body>
</html>
