3242 5775
297 625 364 693 uls
559 639 660 693 cuturn
684 635 814 682 suornm
829 634 1002 712 ¹rzormurrs
1023 630 1221 677 resumemus
1300 699 1307 710 ι

301 792 395 855 Nemo
418 791 498 853 enim
520 790 589 852 illos
612 798 744 852 moverat
770 808 787 851 a
816 795 965 861 creatore,
997 792 1031 847 ut
1057 781 1230 845 viderentur
1256 779 1300 842 sic
1331 778 1369 839 ad
1396 775 1477 840 uliud

303 891 485 971 evangelium
509 891 679 963 transferri,
702 890 787 971 quasi
809 890 879 952 dum
901 890 937 951 ad
959 895 1123 949 creatorem
1137 881 1368 944 transferuntur.
1401 877 1478 942 llam

305 1001 336 1054 et
356 992 503 1066 adiciens,
537 992 617 1072 quod
645 992 723 1054 aliud
751 992 935 1070 evangelium
963 987 1086 1050 omnino
1114 989 1175 1044 n'on
1197 991 1296 1055 essct,
1333 978 1479 1042 creatoris

304 1093 460 1155 confirmat
481 1093 509 1154 id
533 1093 612 1172 quod
635 1111 704 1155 esse
726 1091 867 1153 defendit.
902 1089 981 1151 ‘Sed
1003 1086 1081 1149 enim
1104 1093 1134 1147 et
1156 1092 1272 1146 creator
1293 1081 1478 1160 evangelium

164 1207 283 1264 recma
303 1195 498 1273 repromittit,
521 1195 623 1255 dicens
645 1212 700 1274 per
717 1193 851 1263 Esaiam,
874 1190 1009 1252 Ascende
1030 1186 1060 1249 in
1083 1198 1213 1248 montem
1237 1184 1404 1256 excelsum,
1426 1179 1480 1264 qul

303 1296 484 1373 evangelizas
508 1294 609 1364 Sioni,
641 1291 748 1353 extolle
777 1309 880 1353 vocem
908 1291 938 1351 in
968 1288 1092 1352 valentia
1121 1297 1186 1359 tua,
1219 1286 1270 1366 qui
1292 1285 1478 1364 evangelius

165 1391 283 1447 ΜΗ·
305 1394 505 1466 Hierusalem3
528 1393 598 1453 item
619 1392 655 1453 ad
671 1393 876 1472 apostolorum
891 1409 1068 1472 personam,
1092 1389 1188 1462 Quam
1203 1386 1371 1468 tempestivi
1385 1385 1481 1467 pedet

304 1494 565 1572 evangelizantium
586 1512 705 1573 pacem,
728 1492 988 1574 evangelizantium
1010 1492 1104 1560 bona.
1132 1490 1234 1569 utique
1257 1497 1286 1550 et
1308 1489 1483 1551 nationibus

175 1577 290 1680 xfflg
306 1593 581 1673 evangelizantium,
614 1595 754 1673 quoniam
784 1604 829 1667 et,
861 1593 894 1655 ln
927 1592 1049 1654 nomine
1081 1592 1164 1664 eius,
1198 1590 1309 1670 inquit,
1341 1589 1485 1654 nationes

306 1694 482 1773 sperabunt,
505 1694 634 1756 'Christi
658 1695 785 1768 scilicet,
814 1694 939 1768 euicit,
972 1692 1065 1755 Posui
1087 1702 1116 1754 te
1138 1693 1168 1753 in
1191 1693 1290 1753 lumen
1312 1691 1483 1754 nationum.

304 1793 360 1856 Est
381 1802 478 1856 autem
502 1796 684 1874 euangelium
707 1796 795 1857 etiam
818 1796 866 1857 dei
888 1796 972 1864 novi.
1001 1794 1081 1874 quod
1108 1794 1154 1854 vis
1182 1802 1253 1855 tunc
1281 1792 1318 1855 ab
1340 1789 1484 1872 apostolo

192 1893 468 1966 cu.1,r.delensum.
502 1896 563 1957 lam
586 1915 657 1975 ergo
679 1897 739 1958 duo
763 1904 834 1956 sunt
855 1895 1003 1974 euangelia
1026 1894 1103 1974 apud
1127 1894 1203 1955 duos
1226 1894 1317 1965 deos,
1340 1902 1371 1954 et
1393 1905 1485 1954 meni·

305 1996 377 2056 titus
399 1996 457 2056 erit
477 1997 632 2075 apostolus
655 1998 758 2058 dicens
780 1997 878 2076 “quod
905 1997 983 2058 aliud
1012 1996 1135 2056 omnino
1164 2003 1309 2068 nonest,
1343 2012 1410 2056 cum
1440 1995 1485 2056 alt

306 2103 337 2156 et
357 2096 451 2168 aliud,
481 2115 547 2158 cum
569 2098 613 2159 sic
635 2117 721 2160 suum
744 2098 926 2175 evangelium
950 2097 1107 2158 defendere
1129 2097 1293 2176 potuisset,
1322 2103 1356 2155 ut
1377 2094 1486 2174 patim

307 2196 541 2266 demonstraret.
564 2216 625 2258 non
647 2208 680 2259 ut
701 2215 792 2258 uncum
816 2198 1036 2259 determinaret.
1080 2197 1138 2258 Sed
1161 2197 1305 2268 sortasse,
1328 2205 1362 2257 ut
1385 2195 1484 2275 lugia!

186 2311 283 2367 uuna
306 2295 409 2369 'linc
433 2305 462 2358 et
483 2297 567 2372 ideo,
590 2298 689 2372 dices,
712 2298 878 2371 subtexuit,
900 2299 982 2359 Licet
1003 2298 1124 2377 angelus
1140 2297 1177 2358 de
1192 2297 1273 2358 caclo
1288 2296 1375 2358 aliter
1390 2313 1486 2359 evau-·

309 2397 492 2475 gelizaven‘t‚
515 2399 669 2461 anathema
691 2400 747 2473 sit,
770 2400 838 2478 quio
853 2409 883 2461 et
897 2408 1061 2462 creatorem
1077 2397 1191 2460 sciebat
1205 2397 1486 2476 evangelizaturum

309 2497 424 2560 llursus
447 2518 518 2579 ergo
541 2509 570 2561 te
592 2499 738 2579 implicas
787 2501 852 2561 lloc
880 2509 926 2562 est
952 2501 1030 2562 enim
1060 2499 1139 2580 quod
1166 2499 1371 2578 adstringeris.
1416 2499 1485 2562 unt

308 2600 387 2660 enim
409 2600 558 2679 evangelia
579 2601 754 2663 confirmare
776 2619 836 2663 uon
860 2609 907 2662 est
928 2603 994 2663 eius
1015 2602 1066 2680 qui
1087 2600 1164 2662 aliud
1187 2597 1244 2661 iam
1260 2601 1385 2680 negarit
1420 2599 1483 2662 Ta·

307 2715 377 2762 meu
398 2699 477 2761 lucet
498 2719 607 2762 sensus
629 2702 694 2763 eius
717 2702 766 2781 qui
789 2721 873 2764 suam
895 2703 1048 2783 praemisit
1061 2717 1237 2781 personam:
1261 2700 1321 2762 Sed
1337 2699 1408 2762 etsi
1424 2705 1486 2762 nob

308 2807 359 2860 aut
380 2800 501 2880 angelus
523 2802 560 2864 do
582 2803 663 2864 caclo
680 2804 764 2864 aliter
779 2803 1030 2882 evangelizaverit.
1061 2802 1149 2864 Verbi
1165 2802 1244 2863 enim
1261 2801 1354 2881 gratia
1369 2801 1486 2864 dictum

310 2902 366 2961 est.
400 2894 539 2965 Ceteruui
559 2904 584 2966 si
607 2923 664 2967 nec
683 2906 749 2985 ipse
771 2906 856 2967 aliter
871 2906 1139 2985 evangelizaturus,
1162 2905 1264 2984 utique
1278 2922 1335 2966 nec
1349 2903 1486 2983 augum.

307 3000 350 3062 lta
373 3003 507 3083 angelum
530 3005 566 3066 ad
598 3005 656 3068 hoc
676 3007 854 3079 nominavit,
888 3026 948 3086 quo
976 3006 1069 3069 multo
1098 3005 1191 3084 magis
1208 2996 1486 3119 pomilionem?

220 3186 259 3230 Gn
309 3112 392 3164 esset
412 3105 612 3179 credendum,
634 3107 752 3186 qrracdo
775 3125 831 3168 nec
852 3107 972 3186 angelo,
996 3108 1079 3169 ¹⁰nec
1092 3106 1246 3186 apostolo,
1269 3125 1331 3167 non
1347 3104 1486 3185 augclu!

180 3231 289 3283 ΗΜ,
309 3200 345 3262 ad
368 3205 551 3283 evangelium
572 3207 697 3268 referret
719 3207 872 3265 creatoris.
920 3202 1033 3264 Exinde
1061 3205 1224 3267 decurrens
1247 3205 1385 3267 ordinem
1407 3208 1486 3267 tratri*¹

167 3283 296 3394 ’ᾗξὲξζξ
307 3303 454 3366 versionis
479 3324 550 3364 suae
572 3308 609 3363 de
629 3309 822 3380 persecutore
850 3302 882 3362 in
909 3302 1079 3382 apostolum
1103 3302 1279 3382 scripturam
1303 3298 1486 3383 ”Apostolie'

307 3420 409 3464 corum
432 3402 617 3475 confirmant,
647 3402 724 3481 apud
752 3420 840 3481 quam
868 3401 932 3481 ipsa
962 3403 1049 3464 etiam
1078 3402 1220 3482 epistulae
1248 3403 1338 3465 istius
1359 3402 1485 3465 matetv'd

308 3504 549 3580 recognoscitur,
573 3502 782 3564 intercessisse
803 3502 948 3581 quosdam
972 3503 1022 3583 qui
1043 3502 1176 3565 dicerent
1196 3502 1481 3585 circumcidiopor-

307 3608 371 3662 tere
400 3609 430 3662 et
458 3602 673 3665 observandam
706 3622 775 3667 esse
803 3603 898 3682 llopsi
926 3604 1039 3684 legem,
1074 3616 1142 3665 tunc
1173 3604 1329 3684 apostolos
1361 3605 1398 3667 de
1421 3602 1477 3665 ista

309 3701 485 3780 quaestione
507 3705 661 3767 consultos
684 3721 719 3766 ex
750 3704 925 3765 auctoritate
951 3705 1075 3784 spiritus
1105 3705 1295 3766 renuntiasse
1322 3724 1383 3767 noo
1410 3716 1486 3766 catu*

309 3801 489 3881 imponenda
513 3822 604 3866 onera
625 3803 796 3867 hominibus
811 3822 886 3883 quae
908 3815 1008 3883 patres
1029 3804 1088 3884 ipsi
1110 3822 1170 3865 non
1192 3788 1366 3885 potuissent
1385 3800 1486 3867 suad*

310 3918 392 3962 nere.
438 3904 552 3975 Quodsi
581 3914 608 3967 et
638 3926 673 3967 ex
701 3907 760 3967 hoc
781 3914 948 3985 congruunt
967 3906 1059 3967 Paulo
1080 3906 1294 3985 Apostolorum
1316 3908 1401 3981 Acta,
1424 3898 1486 3969 cufi!

311 4019 345 4062 ea
368 4001 549 4081 ¹'respuatis
567 4005 623 4066 iam
646 4014 783 4086 apparet,
806 4015 840 4067 ut
861 4005 948 4068 deum
971 4006 1083 4069 scilicet
1104 4024 1164 4067 non
1179 4007 1270 4069 alium
1283 3986 1486 4177 praedm&

309 4119 398 4181 quam
419 4113 600 4179 creatorem,
623 4125 679 4168 nec
693 4107 844 4169 Christum
866 4107 987 4169 alterius
1003 4126 1088 4188 quam
1108 4108 1254 4170 creatoris
1263 4155 1280 4181 ‚.
1295 4108 1412 4189 quanm
1459 4158 1486 4197 p

309 4202 474 4282 promissio
497 4206 618 4286 spiritus
642 4208 736 4270 sancti
758 4208 875 4270 aliunde
896 4209 1041 4288 probetur
1062 4208 1191 4271 exhibita
1211 4227 1300 4288 quam
1314 4210 1353 4272 de
1366 4209 1397 4271 in
1465 4198 1471 4205 ’

309 4311 411 4364 mento
432 4306 582 4370 Actorum.
621 4310 703 4381 Quae
726 4310 827 4390 utique
849 4311 1011 4372 verisimile
1032 4329 1092 4371 non
1125 4320 1173 4371 est
1199 4318 1342 4390 exparte
1363 4308 1486 4391 quidus

310 4405 448 4482 apostolo
475 4410 649 4483 convenire,
682 4429 748 4471 cum
778 4410 914 4473 ordinem
943 4411 1009 4473 eius
1038 4411 1202 4473 secundum
1224 4400 1486 4523 ipsius-testimofl

310 4519 335 4569 o.
354 4520 400 4570 Sed
419 4538 468 4585 eqo.
503 4528 545 4576 Sic
561 4529 699 4592 leopoldus.
734 4531 759 4579 si
777 4532 834 4581 lttrs’
850 4546 937 4581 omnes.
978 4532 1002 4580 'l.
1021 4531 1132 4582 Christus
1149 4532 1194 4583 BG.
1235 4530 1261 4583 8.
1278 4530 1486 4597 quoononuttd

311 4589 410 4638 omniuo
429 4606 476 4641 oon
495 4601 532 4642 eat
550 4595 573 4643 d.
625 4595 649 4645 ll.
668 4597 732 4658 hinc,
750 4599 828 4657 video,
845 4598 913 4649 dices
931 4601 1044 4650 Latinius.
1097 4599 1137 4650 ld.
1155 4606 1180 4649 ot
1197 4612 1243 4651 uec
1260 4600 1301 4651 Ge.
1354 4598 1397 4651 tl.
1412 4592 1486 4655 tet&

311 4669 365 4705 rum
382 4657 577 4720 Apostolicorum
595 4663 631 4712 cd
687 4664 725 4712 12.
745 4674 861 4729 respuant
877 4666 904 4717 B.
1446 4686 1476 4707 ’-

346 4758 370 4806 Ι).
394 4760 538 4823 scripturam
563 4763 757 4825 Apostolicorum
781 4766 871 4816 conlir-
922 4768 1050 4819 stolorum.
1077 4768 1114 4821 Cl.
1132 4770 1205 4821 etiam
1223 4768 1486 4837 Drimatipfflffl

313 4819 373 4890 mat]
391 4826 495 4877 Uacciou
514 4828 578 4879 euim
596 4832 727 4895 respuebat
738 4834 795 4884 datr
807 4832 874 4899 Apo·
925 4843 970 4887 ret.
987 4835 1095 4901 cupid.
1482 4840 1486 4849 '
