3242 5775
334 607 393 672 tes
607 618 710 672 numm
733 616 1052 663 marmaricenus
1076 615 1275 661 erumnarum

232 789 234 792 ·
329 781 411 836 retro
434 787 542 851 corpus
564 768 596 831 in
616 787 724 849 panem
746 768 907 848 prophetes
930 766 1079 845 figmavit,
1101 765 1169 845 ipso
1185 765 1308 827 domino
1331 764 1417 826 boos

329 881 462 936 menum
483 879 588 951 postea
609 870 849 949 interpretaturo.
899 866 931 928 Si
958 867 1054 929 adhuc
1080 866 1196 946 quaeris
1219 866 1387 927 dominicae
1410 887 1417 927 t

328 971 596 1055 praedicationem,
619 970 690 1032 satis
711 970 770 1030 iam
792 968 845 1031 tibi
865 976 968 1048 potest
989 969 1085 1029 lacere
1100 966 1261 1046 vigesimus
1283 967 1401 1047 primus

329 1093 413 1148 mus,
435 1080 527 1134 totam
542 1070 651 1133 Christi
673 1071 830 1132 continens
852 1069 1050 1150 passionem‚·
1062 1068 1195 1131 canentis
1217 1067 1276 1128 iam
1295 1077 1366 1129 tunc
1381 1067 1417 1148 gl<

329 1192 428 1238 suam:
450 1173 618 1245 Fodemnt,
640 1170 750 1250 inquit,
773 1188 879 1231 manus
902 1188 984 1231 meas
1001 1178 1030 1230 et
1043 1168 1153 1249 pedes,
1176 1187 1251 1248 quae
1266 1168 1407 1248 ‘propria

328 1275 401 1338 citas
431 1274 538 1336 crucis.
591 1272 629 1332 Et
654 1289 778 1344 rursus,
806 1288 873 1331 cum
900 1271 1040 1332 auxilium
1067 1270 1159 1349 patris
1186 1268 1340 1348 implorat,
1374 1270 1417 1331 Sa'

253 1389 258 1395 ’
327 1375 439 1456 inquit,
462 1376 507 1435 lac
528 1392 576 1436 me
598 1391 633 1434 ex
656 1391 709 1433 ore
730 1370 842 1444 leonis,
865 1371 966 1449 utique
988 1370 1111 1443 mortis,
1140 1368 1228 1430 etde
1250 1368 1394 1430 cornibus

328 1476 429 1538 cornis
444 1474 650 1547 bumilitatem,
672 1473 709 1533 de
723 1471 856 1552 apicibus
871 1471 982 1533 scilicet
997 1469 1125 1550 cruciet,
1147 1477 1284 1549 utsupra
1301 1469 1417 1531 ostendi

328 1576 425 1651 Quam
446 1594 563 1637 crucem
585 1593 641 1636 nec
661 1574 726 1653 ipse
741 1572 831 1633 David
853 1589 960 1651 passus
983 1580 1045 1644 est,
1068 1589 1124 1633 nec
1144 1570 1221 1631 ullus
1245 1589 1298 1632 rex
1314 1570 1417 1632 ludaeo

326 1695 366 1739 ne
396 1684 484 1756 putes
512 1674 634 1736 alterius
661 1673 784 1735 alicuius
818 1672 1006 1752 'prophetari
1038 1671 1211 1750 passionem
1239 1690 1327 1751 quam
1356 1672 1417 1732 eius

327 1776 410 1839 solus
433 1794 449 1837 a
470 1775 582 1856 populo
604 1782 664 1834 tam
691 1773 849 1852 insigniter
876 1772 1031 1834 crucifixus
1061 1782 1114 1833 est.
1165 1771 1249 1834 Nunc
1277 1781 1308 1833 et
1338 1773 1365 1833 si
1396 1790 1417 1833 o:

325 1878 400 1939 istas
422 1874 684 1955 interpretationes
706 1872 855 1954 respuerit
877 1881 907 1935 et
926 1872 1054 1933 irriserit
1074 1871 1221 1938 haeretica
1243 1872 1369 1947 duritia,
1390 1890 1417 1934 c(

326 1978 393 2040 dam
415 1976 463 2050 itti,
478 1976 589 2037 nubam
612 1974 723 2036 Christi
744 1992 862 2049 crucem
884 1973 1094 2051 'significatam
1123 1990 1140 2034 a
1167 1982 1317 2048 creatore,
1347 1973 1416 2052 quia

233 2136 237 2148 ,,
326 2096 362 2139 ex
383 2078 442 2138 boc
461 2076 600 2156 probabit
620 2075 710 2136 alium
732 2093 801 2135 esse
823 2074 872 2152 qui
895 2073 1050 2134 crucifixus
1074 2080 1129 2134 est.
1162 2073 1227 2134 Nisi
1241 2075 1318 2135 torte
1333 2082 1417 2135 osten

325 2176 405 2238 hunc
426 2175 535 2237 exitum
557 2175 621 2237 eius
644 2194 661 2236 a
683 2193 738 2235 suo
761 2173 817 2235 deo
832 2174 1051 2253 praedicatum,
1075 2173 1134 2235 ¹⁰ut
1149 2173 1304 2236 diversitas
1320 2174 1417 2255 passi(

325 2296 361 2339 ac
380 2295 435 2357 per
456 2277 515 2354 hoc
535 2277 623 2338 etiam
644 2292 840 2355 personarum
873 2293 907 2335 ex
930 2273 1099 2335 diversitate
1124 2274 1379 2354 praedicationum
1400 2295 1417 2336 v

217 2386 219 2388 ’
325 2383 418 2439 cetur.
468 2376 605 2437 Ceterum
634 2394 689 2437 nec
716 2376 783 2453 ipso
814 2373 932 2435 Christo
961 2375 1025 2435 eius
1053 2374 1238 2453 praedicato,
1272 2378 1382 2438 nedum
1410 2396 1417 2436 t

323 2475 434 2558 ipsius,
457 2476 566 2538 sufficit
586 2476 617 2537 in
639 2493 738 2537 meum
753 2474 902 2537 Christum
924 2473 1018 2536 solius
1041 2476 1146 2537 mortis
1166 2477 1333 2555 prophetia.
1375 2475 1417 2538 Ex

324 2574 404 2636 enim
431 2575 511 2653 quod
538 2592 600 2635 non
628 2582 675 2635 est
703 2574 780 2636 edita
811 2575 935 2653 qualitas
964 2576 1068 2636 mortis
1098 2577 1196 2655 potuit
1223 2585 1254 2638 et
1274 2596 1328 2656 per
1351 2577 1417 2638 ¹¹cn

216 2652 222 2664 ¹
323 2673 477 2746 evenisse,
500 2682 571 2735 tunc
591 2673 639 2735 alii
661 2673 843 2754 deputanda,
866 2674 892 2736 si
914 2675 945 2736 in
967 2675 1056 2736 alium
1071 2676 1179 2738 luisset
1192 2677 1403 2756 praedicatum.

323 2774 350 2835 si
372 2792 429 2836 nec
448 2781 577 2835 mortem
597 2774 678 2835 volet
699 2771 809 2836 Christi
838 2775 896 2837 mei
923 2776 1144 2855 prophetatam,
1173 2795 1232 2856 quo
1261 2777 1355 2856 magis
1385 2795 1417 2840 er

322 2882 401 2949 scat,
432 2874 459 2936 si
482 2892 570 2937 suum
596 2873 715 2955 quidem
737 2873 887 2937 Christum
914 2883 1067 2938 mortuum
1094 2877 1263 2951 annuntiat,
1293 2898 1382 2959 quern
1409 2896 1417 2940 ι

320 2983 439 3048 natum,
460 2994 560 3037 meum
581 2994 653 3037 vero
676 2975 831 3037 mortalem
845 2984 947 3055 negat,
970 2995 1058 3056 quem
1072 2978 1244 3040 nascibilem
1259 2980 1417 3041 confitetur

192 3060 216 3147 s
321 3083 448 3138 mortem
471 3083 569 3137 autem
591 3083 621 3136 et
642 3074 823 3154 sepulturam
839 3083 869 3136 et
883 3077 1133 3139 resurrectionem
1148 3078 1258 3141 Christi
1277 3080 1335 3140 mei
1349 3098 1409 3141 una

179 3175 425 3249 to.nm‚2lisaiae
446 3176 515 3237 volo
537 3175 697 3250 ostendere
719 3174 860 3248 dicentis,
882 3173 1040 3257 Sepultura
1062 3166 1126 3240 eius
1141 3178 1257 3241 sublata
1271 3181 1308 3241 de
1322 3179 1417 3241 medio

320 3264 382 3337 Nec
403 3276 539 3356 sepultus
562 3275 641 3338 enim
663 3284 746 3337 esset
766 3275 825 3336 nisi
851 3285 1007 3350 mortuus,
1036 3297 1091 3365 nec
1118 3280 1269 3360 sepultura
1291 3280 1357 3341 eius
1379 3280 1417 3343 su

165 3375 357 3451 re.nm‚n.de
378 3376 478 3439 medio
500 3375 560 3438 nisi
574 3394 629 3456 per
642 3375 904 3437 resurrectionem.
940 3376 1072 3458 Denique
1088 3379 1229 3454 subiecit,
1251 3381 1415 3460 Propterea

319 3478 430 3538 multos
457 3475 632 3540 haereditati
659 3474 780 3538 habebit
807 3485 838 3538 et
864 3476 1025 3540 multorum
1058 3478 1168 3541 diridet
1196 3478 1336 3560 ¹²spolia⁹
1369 3499 1417 3561 prr

318 3576 398 3653 quod
420 3576 525 3637 tradita
548 3584 595 3638 est
616 3577 712 3638 anima
734 3576 798 3637 eius
827 3576 858 3636 in
885 3586 1023 3640 mortem.
1074 3580 1202 3642 Ostensa
1232 3590 1279 3642 est
1301 3582 1417 3645 enimc

317 3673 427 3753 gratiae
448 3675 537 3735 huius
558 3694 615 3754 pro
638 3676 745 3739 iniuria
759 3675 871 3737 scilicet
884 3677 990 3739 mortis
1005 3681 1219 3759 repensandae.
1252 3681 1369 3744 Pariter
1385 3698 1417 3745 or

316 3792 383 3835 sum
406 3782 455 3835 est
475 3774 578 3836 ¹’haec
596 3772 678 3834 illum
698 3783 823 3856 propter
843 3786 970 3838 mortem
992 3788 1238 3856 consecuturum,
1269 3791 1341 3861 post
1361 3800 1417 3845 mo:

316 3873 419 3954 utique
441 3891 496 3952 per
517 3874 768 3936 resurrectionem
790 3875 1054 3939 “consecuturum

314 4054 339 4105 o.
356 4055 455 4120 propria
473 4058 587 4107 rtrocitas
604 4059 711 4109 Marcet.
751 4061 851 4125 proprie
868 4062 981 4111 atrocitas
999 4063 1035 4112 ed.
1079 4065 1178 4127 proprie
1196 4065 1286 4115 atrocis
1306 4065 1345 4115 Co.
1386 4080 1417 4132 pr

252 4176 256 4185 Ι
313 4123 403 4172 abacis
422 4126 445 4174 b.
506 4124 530 4174 'l.
550 4125 730 4175 unicorniorum
748 4143 767 4178 e.
828 4127 852 4177 8.
870 4129 1009 4192 prophetari
1034 4131 1173 4193 passionem
1192 4147 1265 4195 quem
1288 4134 1340 4181 eius
1365 4148 1413 4183 ess.

311 4189 420 4239 laurent.
471 4190 495 4241 9.
513 4191 649 4253 siguificare
667 4208 705 4243 me
723 4209 735 4243 a
755 4201 863 4243 creatore
888 4195 910 4245 C.
929 4196 1037 4246 haerent.
1090 4197 1129 4246 10.
1149 4206 1174 4247 ut
1192 4201 1213 4248 si
1232 4199 1358 4249 diversitas
1376 4200 1417 4251 Les

314 4255 468 4305 thoracem
488 4257 555 4308 Coed.
573 4259 688 4321 laurent„
709 4261 845 4310 etl'oticam'
863 4263 917 4310 duo.
953 4261 1075 4312 Christum
1093 4266 1116 4314 b.
1170 4264 1209 4314 12.
1228 4266 1315 4330 spolia.
1343 4267 1405 4325 Qnie

312 4320 383 4382 nlius,
400 4323 447 4372 nisi
465 4325 505 4388 qui
524 4333 593 4374 natos
611 4334 657 4386 est,
675 4336 791 4391 utsupra
809 4325 980 4378 ostendimus?
1006 4331 1052 4379 Pro
1071 4345 1099 4380 co
1118 4332 1163 4393 cd,
1183 4332 1417 4397 excipiebat

311 4385 416 4437 ludaeos.
471 4390 510 4441 13.
529 4392 588 4441 haee
606 4393 675 4442 illum
693 4401 749 4455 post
772 4404 875 4444 mortem
898 4398 979 4458 ntique
1002 4412 1047 4461 per
1069 4400 1272 4450 resurrectionem
1297 4408 1417 4454 consecet

311 4454 448 4507 Fctum'ur.
501 4457 541 4508 14.
559 4467 732 4510 consecuturus
751 4460 805 4511 cae.
823 4462 930 4513 laurent.

311 4586 417 4636 domiuus
433 4592 537 4651 repoeett
554 4608 568 4639 e
586 4591 648 4654 tiano
668 4592 867 4655 casianorum,
919 4609 982 4644 saec.
995 4595 1103 4657 ilenti,
1122 4598 1161 4661 qui
1180 4599 1375 4663 reperiturinter
1387 4599 1418 4651 cit

310 4659 334 4700 et
351 4652 444 4704 lddnter
467 4656 539 4706 Prim.
563 4657 627 4708 Eeel.
646 4658 701 4707 Chr.
720 4661 769 4709 llr.
788 4677 810 4725 p.
825 4661 866 4712 81.
918 4662 1078 4712 bibliothecae
1097 4665 1199 4728 Capitul.
1218 4667 1281 4729 apud
1300 4665 1417 4718 veronen

309 4719 431 4780 Leguntnr
449 4722 544 4786 quidem
569 4724 609 4772 illa
634 4727 704 4774 rerba
722 4729 816 4789 clipeo
842 4731 866 4778 in
953 4728 1417 4799 b.deapicibusscttteererueu]cthtp

308 4789 469 4840 vetustissimo
480 4791 563 4842 codice
571 4792 761 4844 Graeco-Latino
770 4796 868 4857 Parim,
920 4795 997 4846 Cruce
1010 4797 1087 4849 libll.
1099 4813 1119 4848 c·
1129 4798 1166 4847 to.
1174 4814 1199 4863 p.
1210 4799 1282 4851 1186.
1290 4800 1353 4864 Opp.
1362 4800 1417 4854 edi
