3242 5775
298 655 362 720 670
557 665 659 718 oumrr
681 663 814 708 serrum
835 662 1000 708 reoneurrs
1021 662 1220 707 rsnrumuru

297 822 357 885 lem
371 825 470 881 autem
484 813 661 888 nominans,
683 813 768 877 cuins
788 822 835 876 est
849 812 968 889 radius,
989 830 1051 876 non
1067 812 1166 877 statim
1188 820 1220 875 et
1239 810 1358 875 radium
1380 812 1472 877 solem

299 916 465 1004 appellabo.
507 916 582 979 Nam
604 916 660 979 etsi
683 915 763 978 soles
784 914 890 977 ”duos
910 934 975 979 sos
1001 913 1123 990 ladam,
1155 923 1256 977 tamen
1278 922 1310 976 et
1331 913 1426 977 solem
1447 923 1474 978 et

298 1021 414 1087 radium
436 1018 501 1081 eius
522 1026 583 1079 tom
605 1017 678 1080 duas
699 1034 749 1095 res
772 1024 802 1078 et
823 1016 897 1079 duas
919 1016 1036 1098 species
1070 1015 1161 1078 unius
1184 1024 1215 1079 et
1234 1014 1382 1079 indivisae
1402 1015 1474 1079 sub·

300 1122 428 1186 stantiae
447 1118 626 1192 numerabo,
648 1117 765 1197 “qnam
787 1117 876 1179 deum
898 1125 928 1180 et
949 1134 1120 1179 sermonem
1142 1116 1224 1191 eius,
1252 1134 1342 1196 quam
1364 1125 1475 1199 panem

300 1232 332 1287 et
351 1222 453 1285 lilium.

164 1347 283 1411 mxcv,
385 1322 488 1386 Adhuc
509 1328 540 1383 et
560 1319 609 1381 illa
632 1318 721 1381 nobis
743 1317 844 1397 regula
866 1317 1084 1380 adsistitsduoe
1106 1317 1340 1394 vindicantibus,
1365 1329 1478 1401 patrem

300 1424 462 1497 etlilium,
486 1421 577 1501 ‘quae
599 1418 778 1482 invisibilem
801 1419 890 1481 deum
911 1418 1127 1481 determinavit.
1165 1419 1238 1482 Cum
1261 1419 1342 1483 enim
1359 1421 1476 1501 blopses

185 1526 270 1625 ffiffi
300 1528 332 1590 iu
346 1527 478 1605 Aegypto
501 1520 703 1584 desiderasset
723 1520 838 1582 domini
853 1529 1065 1601 conspectum,
1088 1519 1205 1594 diceus,
1228 1520 1262 1582 Si
1285 1539 1359 1601 ergo
1381 1522 1478 1585 inveni

173 1607 284 1676 ΜΝ·
302 1624 426 1709 gratiam
448 1641 548 1686 coram
571 1631 615 1697 te,
643 1621 801 1684 manifesta
829 1620 903 1683 milri
931 1629 977 1696 te,
1006 1630 1039 1685 ut
1060 1629 1278 1703 cognoscenter
1298 1622 1418 1685 videam
1439 1631 1478 1697 te,

299 1707 367 1792 Non
388 1734 475 1808 potes
497 1723 614 1797 videre,
642 1722 753 1802 inquit,
781 1722 887 1784 facicm
914 1740 1029 1798 meam;
1051 1732 1123 1785 'non
1150 1723 1231 1785 enim
1252 1721 1368 1786 videbit
1389 1724 1477 1787 bomo

223 1898 228 1908 ι
298 1828 404 1893 faeiem
426 1842 521 1889 meam
544 1831 576 1902 et
595 1823 690 1896 vivet,
712 1823 742 1886 id
765 1831 811 1885 est
832 1823 977 1886 morietur
991 1823 1043 1904 qui
1057 1824 1174 1886 viderit.
1209 1823 1384 1887 Invenimus
1401 1826 1478 1887 enim

299 1938 331 1995 et
351 1948 369 1991 a
390 1927 492 1989 multis
514 1924 602 1986 deum
625 1924 738 1997 visum,
761 1932 792 1985 et
814 1927 962 1987 neminem
984 1932 1084 1987 tamen
1101 1943 1205 1988 eorum
1228 1926 1373 2005 quicum
1396 1927 1479 1989 vide-

298 2037 368 2094 rant
388 2036 557 2100 mortuum3
583 2024 680 2087 visum
701 2024 827 2105 quidem.
842 2025 949 2100 deum,
979 2025 1145 2088 secundum
1165 2026 1340 2089 'bominum
1363 2029 1481 2109 capaci·

299 2138 388 2204 tates,
409 2145 472 2190 non
494 2126 658 2189 secundum
672 2125 886 2205 plenitudinem
901 2126 1072 2189 divinitatis.
1100 2127 1174 2190 Nam
1188 2127 1376 2209 patriarchae
1392 2129 1481 2191 deum

299 2231 412 2294 vidisse
432 2228 635 2301 'referentum
656 2236 691 2289 ut
710 2225 857 2289 Abrabam
879 2236 910 2289 et
929 2226 1035 2303 Iacob,
1058 2236 1089 2289 et
1107 2228 1287 2309 prophetae,
1310 2237 1341 2291 ut
1363 2230 1481 2304 Esaias,

299 2340 335 2397 ut
347 2328 501 2402 Ezechiel,
524 2336 674 2391 ettamen
696 2328 807 2391 mortui
828 2346 890 2390 non
911 2337 991 2391 sunt
1022 2328 1116 2408 Igitur
1137 2338 1188 2391 aut
1209 2330 1287 2391 mori
1303 2329 1481 2405 debuerant,

300 2433 418 2497 eleum
441 2430 592 2504 viderant3
621 2428 709 2491 deum
731 2430 812 2492 enim
834 2447 923 2492 nemo
944 2428 1107 2492 videbit'et
1127 2432 1220 2493 vivet:
1253 2439 1306 2493 aut
1333 2432 1361 2492 si
1392 2434 1481 2496 deum

299 2533 454 2606 viderunt,
488 2538 519 2592 et
539 2530 651 2591 mortui
680 2548 740 2592 non
771 2537 857 2603 sunt,
891 2530 1039 2612 scriptura
1067 2532 1209 2594 mentitur
1237 2532 1326 2594 deum
1355 2532 1481 2609 dixisse,

300 2634 419 2697 Faciem
440 2649 536 2693 meam
558 2631 648 2693 bomo
671 2632 699 2692 si
722 2631 840 2706 viderit,
869 2649 930 2693 non
957 2631 1048 2694 vivet:
1078 2640 1129 2695 aut
1156 2633 1304 2713 scriptura
1326 2636 1481 2710 mentitur,

301 2734 386 2797 ‘cum
408 2732 554 2806 invisum,
583 2744 641 2794 aut‘
655 2750 721 2794 oum
743 2733 839 2794 visum
862 2732 951 2795 deum
972 2733 1096 2813 prolert,
1143 2731 1206 2795 lam
1229 2752 1301 2814 ergo
1325 2734 1402 2798 alius
1424 2737 1484 2799 erit

301 2818 370 2917 ‘qui
391 2831 560 2909 videbatur,
582 2833 651 2913 quia
673 2851 734 2896 non
756 2841 861 2914 potest,
877 2832 957 2896 idem
971 2832 1127 2898 invisibilis
1143 2834 1260 2897 deliniri
1282 2836 1331 2916 qui
1356 2837 1482 2901 videba-

302 2944 367 3010 tur,
400 2943 431 2997 et
458 2952 647 3015 consequeus
676 2935 733 2996 erit
758 2935 810 2998 lut
836 2934 1016 2998 invisibilem
1045 2945 1160 3016 patrem
1188 2935 1397 3017 intellegamus
1425 2959 1481 3021 pro

301 3035 486 3118 plenitudine
507 3035 684 3108 maiestatis,
707 3034 854 3098 visibilem
875 3054 946 3099 vero
963 3036 1056 3099 lilium
1071 3054 1268 3116 agnoscamus
1283 3057 1341 3119 pro
1358 3041 1480 3103 modulo

302 3135 511 3208 derivationis,
545 3135 623 3197 sicut
643 3154 700 3198 nec
720 3136 814 3198 solem
836 3136 925 3199 nobis
947 3138 1140 3218 contemplari
1162 3137 1245 3214 licet,
1276 3149 1422 3219 quantum
1443 3141 1482 3205 nd

302 3234 605 3320 ipsamsubstautine
628 3255 790 3311 summam,
814 3256 890 3317 quae
912 3247 960 3299 est
980 3239 1011 3300 in
1034 3239 1140 3312 caelis,
1162 3239 1278 3302 radium
1301 3250 1400 3304 autem
1415 3244 1483 3305 eius

301 3339 465 3404 toleramus
488 3337 582 3400 oculis
604 3357 659 3420 pro
683 3347 882 3418 temperatura
909 3338 1076 3418 portionis,
1110 3358 1184 3419 quae
1211 3340 1242 3401 in
1273 3348 1379 3403 terram
1408 3342 1482 3406 inde

302 3439 476 3522 porrigitur.
529 3438 585 3501 Hic
607 3459 642 3501 ex
664 3439 783 3501 diverso
811 3439 891 3501 volet
917 3438 1023 3519 aliquis
1051 3439 1158 3502 ⁷etiam
1185 3441 1278 3503 lilium
1298 3441 1480 3506 invisibilem

302 3541 499 3614 contendere,
521 3549 554 3602 ut
576 3559 762 3615 sermonem,
786 3548 819 3603 ut
840 3540 996 3619 spiritum,
1019 3548 1050 3602 et
1065 3539 1136 3603 dum
1150 3542 1256 3605 'unam
1273 3543 1480 3607 condicionem

301 3643 396 3724 patris
418 3650 449 3703 et
469 3639 520 3701 lilii
543 3640 686 3714 vindicat,
715 3660 806 3703 unum
829 3641 928 3721 potius
951 3649 1039 3720 atque
1069 3642 1196 3704 eundem
1219 3644 1480 3727 conlirmare'pa·

301 3751 380 3805 trem
402 3751 433 3803 et
453 3740 556 3803 lilium.
577 3741 654 3817 ised
669 3741 797 3804 diximus
819 3741 996 3821 scripturam
1017 3741 1204 3807 differentiae
1224 3745 1406 3824 patrocinari
1427 3763 1481 3824 per

300 3841 429 3904 visibilis
452 3849 483 3902 et
503 3840 660 3902 invisibilis
682 3841 914 3906 distinctionem.
957 3841 1032 3909 Nam
1053 3852 1084 3906 et
1103 3843 1176 3907 illud
1196 3844 1348 3907 ”adiciunt
1369 3845 1407 3908 ad
1429 3865 1479 3908 ar·

302 3940 571 4022 gumentationem,
605 3942 685 4020 quod
713 3944 741 4005 si
768 3943 845 4007 lilius
872 3951 943 4005 tunc
969 3943 1006 4006 ad
1034 3945 1154 4025 lloysen
1186 3945 1382 4025 loquebatur,
1416 3948 1481 4027 ipse

301 4042 406 4105 faciem
428 4058 514 4103 suam
535 4042 646 4104 nemini
669 4043 817 4106 visibilem
838 4044 1059 4124 pronuntiaret,
1086 4046 1154 4126 quia
1176 4046 1289 4108 scilicet
1310 4046 1379 4127 ipse
1401 4048 1480 4110 inri-

302 4141 400 4205 eibilis
422 4150 506 4225 pater
527 4143 617 4205 luerit
637 4142 669 4206 iu
693 4143 745 4205 fibi
766 4145 899 4208 nomine.
943 4145 1011 4208 ¹⁰dc
1029 4165 1083 4227 per
1098 4147 1157 4208 boo
1171 4146 1216 4209 sic
1231 4147 1360 4219 eundem
1376 4149 1480 4212 volunt

302 4325 343 4379 23.
361 4327 428 4445 alnoo}
441 4343 489 4445 odon
508 4331 594 4381 teriam
613 4331 647 4392 ἀί,
667 4346 697 4379 es
714 4332 826 4382 escendat
841 4332 1015 4383 Fulciitlrsc'oi.
1048 4333 1111 4390 duos
1126 4334 1213 4385 lacirm
1230 4334 1318 4386 Allobo.
1336 4337 1404 4387 Laid.
1439 4335 1480 4387 24.

301 4409 349 4460 qua
386 4431 393 4444 .
429 4412 475 4445 ec.

370 4461 430 4526 Cap.
448 4464 504 4512 xlv.
551 4464 573 4515 1.
592 4464 725 4528 qnemld.
742 4467 808 4516 leid.
860 4465 885 4517 2.
902 4466 1027 4518 bominum
1045 4470 1201 4532 capacitatem
1219 4470 1244 4520 l.
1281 4469 1388 4522 bominis
1406 4484 1480 4536 erpa·

195 4526 198 4534 '
301 4531 397 4582 citatem
415 4530 480 4580 leid,
532 4529 556 4580 3.
575 4545 602 4580 se
618 4532 728 4583 referunt
743 4534 770 4583 l.
787 4534 852 4583 leid.
910 4535 935 4584 4.
960 4550 1014 4586 com
1039 4536 1139 4586 inrisum
1167 4545 1212 4587 aot
1232 4552 1287 4588 eum
1310 4539 1387 4589 risum
1407 4539 1479 4589 dcun

300 4597 396 4663 prolcrt
412 4596 498 4647 Bobcd.
540 4612 617 4661 neque
642 4613 697 4649 eum
721 4601 824 4651 inrisum
848 4615 926 4668 neque
944 4603 1020 4653 visum
1038 4618 1094 4653 eum
1112 4604 1184 4654 deoru
1203 4605 1312 4669 praefert
1328 4607 1364 4667 A„
1390 4609 1416 4656 ia
1433 4622 1478 4671 qvo

300 4679 363 4730 quse
381 4678 435 4713 eum
454 4666 530 4714 risum
548 4666 623 4714 relect
639 4683 670 4715 m.
689 4682 733 4717 sec.
752 4670 861 4718 conscit.
903 4684 981 4734 neque
1005 4684 1060 4720 eum
1084 4673 1186 4722 inrisum
1205 4681 1246 4722 rut
1264 4687 1320 4722 eom
1338 4675 1415 4724 rivum
1434 4673 1480 4724 do-

301 4732 359 4783 mini
377 4732 484 4796 praefert
501 4732 566 4782 leid.
601 4733 802 4800 Secundanorum
820 4739 947 4800 scripturos
965 4741 1081 4790 commode
1097 4741 1230 4804 reposueris
1256 4755 1318 4804 quae
1344 4754 1399 4791 corn
1419 4741 1480 4790 inri-

300 4813 354 4849 sum
373 4812 483 4863 quaeque
500 4800 577 4848 visum
595 4800 698 4850 eundem
716 4805 832 4866 praefert,
849 4805 884 4853 vel
901 4805 977 4855 relert
993 4813 1033 4856 out
1051 4806 1154 4870 profert.
1206 4806 1231 4856 b.
1250 4808 1334 4873 quiqui
1352 4808 1417 4858 Leid-
1452 4807 1478 4857 6.

299 4873 327 4917 ot
343 4868 425 4917 emb
466 4865 490 4916 t.
509 4874 533 4917 et
549 4870 575 4917 Δ.
604 4868 712 4919 ottold.
752 4869 777 4921 8.
795 4871 891 4923 unimur
908 4873 961 4925 bed.
1001 4872 1026 4925 9.
1044 4874 1148 4927 adicient
1163 4874 1190 4928 A.
1207 4875 1274 4926 leid.
1311 4874 1350 4928 10.
1370 4875 1478 4941 amaad.
