3242 5775
568 641 607 684 cs
628 619 875 686 xismsecaroar
895 643 1008 688 usum.
1306 631 1371 698 dli

196 790 253 851 bus
276 789 364 851 fidem
386 790 544 869 ‘torquere
565 790 682 870 coepit,
705 799 776 852 tunc
795 800 825 854 et
847 792 1003 872 apostolus
1016 811 1074 874 per
1087 799 1183 857 totum
1203 811 1299 876 paene
1319 795 1370 860 iu·

196 898 395 951 strumentum
428 889 516 952 fidem
551 889 641 952 buius
676 891 740 970 spei
767 891 965 955 corroborare
991 893 1117 968 curarit,
1149 901 1180 956 et
1206 911 1277 958 ssss
1304 913 1370 962 sunt

196 990 361 1052 ostendens
383 998 414 1052 et
433 990 565 1052 nondum
586 999 780 1064 transactam,
809 1000 854 1063 ot,
882 991 921 1054 de
947 1011 1006 1072 quo
1028 993 1122 1074 magis
1143 993 1368 1075 ‘quamebattm

196 1089 382 1169 corporalem
404 1098 449 1160 et,
472 1091 551 1170 quod
573 1091 698 1171 insuper
719 1090 923 1165 dubitabatur,
946 1109 1007 1154 non
1029 1093 1114 1156 aliter
1134 1095 1332 1176 corporalem.
1408 1093 1411 1098 ’

279 1189 358 1252 Nihil
385 1200 484 1252 autem
511 1190 636 1261 mirum,
672 1190 713 1251 'si
736 1200 824 1252 etex
852 1192 948 1271 ipsius
976 1193 1176 1257 instrumento
1196 1193 1369 1276 ⁸captentur·
1385 1213 1495 1274 caput..

196 1299 384 1370 argumenta,
411 1310 478 1353 cum
500 1301 636 1371 oporteat
657 1292 798 1353 haereses
828 1310 913 1366 esse;
939 1311 1016 1374 quse
1042 1311 1112 1356 esse
1138 1311 1201 1370 uon
1227 1275 1522 1377 possent¹⁰''·¹¹·¹⁸·

196 1390 220 1451 si
243 1408 305 1452 non
327 1399 358 1451 et
378 1409 534 1471 perperam
556 1391 720 1472 scripturae
747 1390 877 1471 intellegi
904 1401 1040 1473 possent.
1087 1393 1216 1458 ’uscue
1236 1395 1367 1478 denique

196 1492 355 1554 haereses·
377 1491 454 1553 duos
474 1492 610 1554 homines
625 1492 662 1554 ab
677 1490 814 1571 apostolo
829 1493 935 1564 editos,
957 1493 1142 1567 interiorem,
1162 1494 1210 1557 ⁴td
1232 1505 1281 1559 sst
1300 1496 1368 1560 sui·

196 1609 288 1664 mam,
316 1600 345 1652 et
367 1592 559 1665 exteriorem,
592 1593 622 1654 id
649 1601 697 1654 eet
718 1610 853 1665 carnem,
886 1593 1012 1655 salutem
1033 1594 1152 1674 quiden
1173 1595 1306 1670 enimse,
1334 1595 1367 1660 id

196 1701 239 1753 est
260 1692 396 1754 interiori
419 1692 550 1765 homini,
573 1692 694 1754 exitium
716 1710 785 1753 vero
808 1692 906 1766 narni,
928 1693 958 1754 id
981 1702 1030 1756 est
1050 1693 1191 1757 exteriori
1211 1694 1365 1758 sdiudics·

196 1801 316 1865 rerunt,
340 1791 407 1870 quia
422 1792 564 1871 scriptum
581 1792 810 1855 sitCorintbiis:
832 1792 905 1854 Nem
921 1794 978 1855 etsi
993 1794 1083 1856 bomo
1097 1793 1220 1856 ‘nesta
1232 1793 1522 1860 concensemus

197 1893 410 1972 corrumpitur,
442 1893 494 1952 sed
525 1892 650 1953 interior
677 1903 837 1955 renovatur
866 1893 921 1955 ‘de
948 1893 998 1956 die
1024 1903 1055 1955 et
1081 1893 1139 1956 die.
1188 1893 1285 1958 Porro
1310 1911 1368 1960 uss

199 1993 290 2055 anima
312 2011 368 2073 per
390 1992 580 2072 semetipsam
603 1994 710 2065 bomo,
733 2011 809 2072 quae
830 1995 970 2072 figmento
992 1994 1051 2056 ism
1071 1993 1201 2056 ⁷uomioi
1219 1995 1367 2076 appellato

201 2103 297 2169 postea
318 2093 431 2155 inserta
454 2100 517 2164 est,
549 2111 604 2154 nec
624 2112 692 2154 caro
716 2094 781 2154 sine
803 2095 900 2155 anima
922 2094 1029 2168 bomo,
1058 2112 1133 2174 quse
1154 2103 1226 2174 post
1246 2093 1368 2158 exilium

201 2192 326 2255 abimael
356 2193 479 2255 cadaver
511 2192 691 2254 inscribitur.
746 2195 787 2254 lta
817 2193 1008 2255 'vocabulum
1035 2194 1128 2256 homo
1159 2203 1367 2258 consumma

201 2293 426 2356 omuntterum
448 2293 571 2354 duarum
594 2294 812 2373 quodammodo
834 2293 941 2355 ”fibula
963 2303 1025 2367 est,
1057 2293 1115 2356 sub
1141 2311 1201 2374 quo
1223 2293 1367 2358 vocabulo

201 2406 253 2455 ton
273 2401 406 2473 possunt
427 2394 523 2455 ¹⁰esse
545 2394 603 2455 nisi
626 2395 831 2455 cohaerentes.
870 2393 963 2454 Porro
986 2393 1142 2473 apostolus
1165 2393 1366 2458 ¹'interiorem

198 2485 343 2556 bominem
366 2502 508 2556 nontam
532 2494 660 2555 animam
687 2512 776 2572 quam
802 2502 932 2555 mentem
961 2503 1049 2573 atque
1075 2494 1206 2556 animum
1234 2492 1367 2576 intellegi

197 2593 318 2665 ueruto,
348 2594 379 2655 id
408 2603 537 2655 estnon
559 2593 755 2655 substantiam
782 2594 896 2673 ipsam,
924 2595 977 2656 scd
1004 2593 1187 2656 substantiae
1213 2609 1366 2674 saporam

197 2686 346 2775 Siquidem
368 2693 507 2773 Ephesiis
529 2693 663 2755 scribens
691 2692 722 2754 in
743 2692 917 2754 interiorem
944 2693 1095 2755 bominem
1122 2693 1256 2756 babitsrs
1276 2691 1366 2756 curt-

197 2799 272 2856 ttum
297 2794 438 2856 sensibus
461 2793 561 2872 utique
584 2792 805 2854 ¹'intimandum
829 2792 981 2854 dominum
1004 2793 1190 2873 signillcarit.
1219 2791 1368 2872 'lienique

197 2892 339 2959 tdinnxit:
362 2896 421 2957 Per
441 2895 545 2967 fidem,
569 2903 599 2956 et
621 2896 650 2955 in
672 2893 812 2955 cordibus
834 2895 959 2964 renuis,
982 2904 1013 2956 et
1033 2895 1063 2955 in
1078 2894 1254 2969 dilectiou03
1274 2893 1364 2957 iidem
1378 2890 1489 2997 nilis...

197 2996 312 3068 cuidem
336 3004 366 3056 et
387 2994 574 3056 dilectionem
597 3013 657 3055 non
686 2994 869 3056 substantiva
897 2996 1012 3056 animae
1039 3012 1175 3075 ponens,
1208 2994 1262 3058 ssd
1289 3011 1366 3056 cou-

197 3098 324 3174 sepum
354 3096 384 3156 in
407 3095 548 3157 cordibus
570 3103 667 3156 autem
696 3095 815 3168 dicens,
848 3114 923 3173 quae
950 3095 1133 3156 substantiva
1162 3103 1234 3156 sumt
1259 3094 1368 3168 carnis,

198 3187 279 3257 ”iam
295 3205 326 3257 et
340 3195 438 3274 ipsum
455 3195 625 3256 interiorem
644 3194 794 3255 hominem
816 3195 896 3255 carni
912 3195 1073 3274 deputavit,
1097 3195 1212 3274 ¹⁴quem
1227 3193 1258 3255 iu
1276 3194 1368 3256 corde

200 3296 356 3359 obstruit.
389 3296 506 3375 inspice
528 3313 606 3356 nunc
628 3294 778 3373 quomodo
800 3294 978 3356 exteriorem
994 3293 1113 3374 quidem
1128 3293 1281 3354 bominem
1295 3310 1366 3353 cor·

205 3397 292 3475 nnpi
314 3395 489 3474 ¹‘allegarit,
513 3396 685 3456 interiorem
707 3413 778 3455 vero
801 3393 939 3454 renouari
961 3393 1037 3454 ¹·die
1058 3411 1093 3454 ac
1114 3392 1173 3453 die.
1204 3389 1265 3452 Noc
1285 3388 1366 3452 illam

207 3496 391 3576 corruptelam
420 3496 518 3557 carnis
547 3495 702 3555 ¹'allirmos
734 3511 822 3571 quarn
855 3510 890 3553 ex
919 3493 968 3553 die
996 3491 1102 3553 mortis
1130 3491 1162 3552 in
1189 3496 1365 3569 perpetuum

210 3589 342 3657 ddectura
364 3596 506 3675 patiatur,
533 3596 585 3657 sed
608 3613 695 3673 quam
718 3594 748 3654 in
770 3593 858 3654 istius
880 3592 956 3653 ritae
977 3590 1073 3670 spatio
1096 3597 1164 3651 ante
1185 3596 1311 3652 mortem
1335 3597 1366 3651 et

213 3696 347 3774 ennead
371 3705 496 3758 mortem
519 3694 723 3757 vexationibus
747 3703 777 3753 et
797 3691 967 3772 pressuris,
996 3690 1153 3752 tormentis
1180 3698 1267 3769 etque
1288 3706 1364 3767 sup·

212 3790 305 3871 pliciis,
329 3797 460 3858 nominis
475 3814 562 3858 causa
578 3794 782 3875 ¹⁸experietm.
815 3792 888 3853 Nam
911 3799 939 3853 et
955 3791 1046 3852 homo
1061 3789 1187 3851 interior
1199 3788 1250 3851 bic
1262 3786 1366 3868 utique

213 3898 328 3959 renovari
352 3896 472 3958 habebit
493 3915 547 3975 per
569 3908 740 3974 suggestum
762 3893 914 3973 spiritus⁶,
941 3890 1101 3971 proficiens
1127 3890 1186 3953 lide
1213 3896 1245 3953 et
1271 3887 1364 3951 disci·

211 4073 231 4124 ⁸·
244 4088 350 4146 torquere
368 4084 455 4133 lubet.
491 4091 633 4144 extorquere
653 4080 691 4129 Co.
744 4078 768 4128 d.
786 4077 932 4142 querebatur
949 4080 975 4128 l.

265 4149 320 4213 Cap.
339 4151 385 4200 lll..
425 4149 445 4197 1.
464 4148 506 4197 sed
526 4157 548 4196 et
567 4149 643 4211 ipsius
660 4148 705 4196 AB.
757 4145 781 4194 2.
800 4151 926 4208 captentur
942 4144 986 4194 AB.
1039 4142 1063 4193 3.
1080 4142 1155 4193 listas
1171 4140 1232 4192 stt.
1283 4139 1309 4190 4.
1327 4138 1364 4189 rsl

208 4212 243 4262 ΔΙ.
266 4216 358 4281 tibique.
400 4216 423 4264 5.
442 4217 546 4264 exterior
564 4223 646 4263 noster
662 4217 688 4263 A.
734 4212 758 4262 d.
777 4212 807 4262 de
826 4211 864 4260 dis
882 4212 906 4259 in
924 4210 964 4260 dis
980 4210 1024 4261 AB.
1059 4209 1098 4259 die
1116 4218 1139 4259 et
1156 4208 1195 4259 dis
1212 4208 1236 4258 d.
1276 4206 1300 4256 t.
1319 4206 1365 4256 lto·

208 4281 262 4330 nise
278 4285 353 4334 tdca.
397 4282 421 4332 8.
440 4282 581 4332 vocabulum
601 4283 673 4330 bomo
690 4280 795 4330 Adducti.
813 4285 860 4328 tres
873 4278 974 4328 Veticssi
992 4284 1012 4326 et
1025 4276 1120 4327 codis.
1131 4274 1259 4326 dimicetis.
1292 4286 1365 4323 rocs-

205 4345 278 4399 talou
296 4354 317 4402 b.
369 4349 394 4399 9.
413 4350 493 4399 tabula
511 4350 573 4399 1110.
627 4348 664 4397 ld.
684 4363 739 4397 esse
756 4346 802 4396 nisi
822 4346 978 4394 cohaerentes
994 4343 1153 4407 dddrspobed.
1197 4354 1251 4391 asss
1274 4341 1364 4390 cobse-
1395 4371 1401 4379 -

204 4425 277 4465 restes
295 4417 318 4467 0.
367 4417 407 4465 11.
426 4417 548 4465 bominem
567 4415 705 4464 interiorem
723 4415 766 4464 aa.
822 4411 860 4462 tt.
879 4411 1020 4460 initiandum
1038 4410 1061 4460 d.
1115 4407 1155 4460 1³.
1172 4406 1288 4457 scald.
1325 4405 1365 4457 ld.

201 4484 450 4547 permanserint
468 4490 488 4532 et
507 4484 624 4545 leopoldi,
643 4483 759 4531 mendose.
820 4478 858 4529 ts.
876 4478 987 4539 allegetis
1011 4477 1118 4539 &esest
1156 4474 1273 4537 attereres
1289 4472 1366 4524 dics.

202 4549 238 4601 ts.
255 4551 284 4601 da
301 4551 341 4600 die
358 4566 387 4600 sc
404 4551 443 4600 die
460 4567 480 4601 c.
535 4549 573 4598 tl.
591 4550 715 4598 atllrmaus
732 4549 758 4598 Δ.
813 4545 852 4597 ld.
869 4545 1018 4609 experiretur
1032 4544 1077 4594 AB.

227 4684 287 4747 cap.
305 4683 352 4733 xt.
388 4698 410 4733 s.
427 4684 517 4734 Nactae
540 4682 643 4746 denique
668 4681 754 4730 lasere-
839 4679 864 4730 b.
889 4685 945 4740 post
967 4676 1064 4726 exilium
1090 4670 1197 4742 suinae]
1223 4674 1265 4725 Sis
1291 4684 1367 4736 suprs

198 4745 247 4816 rsa]
270 4750 307 4800 Cl.
333 4750 413 4800 llesid.
438 4749 557 4799 lleraldus
579 4747 700 4798 tninadr.
724 4746 755 4798 sd
807 4745 912 4810 capti.
930 4745 1023 4794 suimss
1038 4743 1138 4804 „exules
1151 4740 1250 4793 Μὶν*
1266 4738 1367 4789 dixeras.

198 4818 292 4870 trnobii
309 4817 353 4867 lib.
363 4817 395 4879 ll,
413 4833 437 4882 p.
449 4815 491 4867 bl.
841 4827 862 4863 s.
880 4818 1074 4879 persuuastuut
1087 4804 1201 4877 spiritus]
1218 4802 1371 4870 uerunt
