3242 5775
249 619 251 624 ’
313 621 376 684 510
548 635 665 687 -oornrr
688 634 820 678 snnrruu
841 601 1006 677 saonensis
1029 633 1225 677 rcnruccnnr

310 802 380 864 gere
403 784 433 844 in
455 781 605 845 salutern?
627 801 721 862 paene
742 784 843 844 minus
865 783 978 857 laocrea
1001 800 1066 844 cum
1083 781 1170 844 etiam
1186 781 1388 844 saecularium
1403 782 1490 862 prin·

311 885 407 963 cipum
430 884 516 962 plena
539 902 657 962 semper
679 884 859 962 indulgentia
887 883 1062 944 vindicetur.
1115 882 1257 943 Diabolus
1284 881 1432 944 'validior
1460 884 1492 944 in

311 983 440 1046 bominis
461 983 599 1045 iniuriam
623 984 818 1063 intellegitur,
853 991 947 1044 toturn
976 1002 1042 1044 eum
1070 982 1199 1044 elidens:
1233 984 1308 1044 dous
1341 982 1492 1044 infirmior

311 1084 543 1157 renuntiabitur,
565 1103 625 1145 non
649 1093 742 1146 toturn
759 1103 826 1145 eum
842 1081 1000 1144 revelans?
1032 1083 1160 1162 ⁰ttquin
1183 1091 1213 1144 et
1234 1082 1394 1162 apostolus
1417 1101 1492 1162 sug·

168 1204 297 1254 nomm.
311 1185 403 1265 gerit,
431 1185 486 1246 Ubi
514 1180 652 1245 delictum
681 1184 916 1255 ¹⁰abundaverit,
949 1182 1008 1244 illic
1036 1183 1158 1260 gratiam
1187 1183 1491 1263 ¹‘superabundasse

313 1285 471 1359 Quomodo
494 1283 622 1363 denique
644 1285 741 1346 salvus
764 1283 921 1345 habebitur
948 1284 998 1363 qui
1027 1284 1139 1363 poterit
1166 1294 1196 1345 et
1216 1283 1354 1362 perditus
1378 1283 1493 1346 ¹²dici?

312 1405 400 1449 carne
422 1385 535 1447 scilieet
554 1385 705 1464 perditus,
727 1385 823 1446 anima
846 1403 916 1445 vero
939 1383 1047 1445 salvus.
1084 1383 1148 1445 Nisi
1164 1385 1317 1463 quodiam
1340 1395 1372 1446 et
1394 1385 1493 1446 anima

312 1487 343 1548 iu
364 1486 480 1565 perdito
503 1485 702 1547 constituatur
723 1504 848 1547 necesse
871 1493 934 1558 est,
964 1493 996 1546 ut
1018 1484 1097 1546 salva
1120 1485 1195 1545 ellici
1217 1485 1332 1563 possit,
1354 1485 1387 1546 id
1411 1485 1492 1547 enim

313 1585 425 1648 salvum
448 1586 521 1647 ellici
546 1585 696 1665 oportebit
718 1586 798 1664 quod
820 1586 969 1664 porditum
992 1586 1090 1646 luerit.
1137 1585 1233 1645 Porro
1256 1592 1354 1647 autem
1378 1587 1492 1665 rocipi-

314 1706 380 1749 mus
401 1687 517 1748 animae
538 1686 803 1758 immortalitatem,
827 1684 888 1748 ¹³ut
909 1685 1023 1765 perdita
1046 1703 1106 1746 non
1125 1685 1156 1746 in
1172 1684 1324 1747 interitum
1340 1686 1492 1760 credatur,

313 1788 418 1850 sedin
442 1787 634 1866 supplicium,
658 1786 715 1846 “td
737 1795 784 1847 est
806 1786 835 1847 in
859 1786 1062 1864 ¹³gehennam.
1094 1785 1180 1846 Etsi
1204 1785 1243 1845 ita
1266 1793 1328 1858 ost,
1352 1786 1416 1848 iam
1431 1804 1491 1848 uon

313 1889 440 1951 animam
462 1886 606 1966 spectabit
628 1885 726 1959 salus,
759 1887 867 1947 salvam
897 1886 1009 1947 scilicet
1031 1905 1083 1948 sua
1106 1893 1210 1947 natura
1232 1904 1287 1965 per
1309 1885 1490 1948 immortali·

313 1999 417 2062 tatem,
441 1988 494 2049 sed
517 2006 634 2049 carnem
657 1987 772 2066 potius,
800 2005 888 2065 quam
917 1986 1095 2048 interibilem
1126 1994 1243 2046 constat
1270 1985 1348 2065 apud
1373 2005 1489 2049 omnes.

313 2091 369 2152 dut
391 2089 417 2151 si
439 2096 469 2149 et
489 2088 585 2149 anima
607 2087 781 2161 interibilis,
819 2088 849 2148 id
872 2095 918 2148 est
941 2105 1001 2148 non
1023 2086 1216 2159 immortalis,
1250 2086 1330 2165 quod
1356 2081 1393 2148 et‘
1410 2106 1489 2160 caro,

315 2183 371 2253 iam
394 2197 424 2250 et
445 2189 524 2249 carni
547 2190 641 2249 lorma
664 2188 711 2248 illa
734 2207 770 2248 ex
785 2207 880 2268 aequo
896 2187 1067 2267 ¹⁸proficere
1082 2186 1211 2260 debebit,
1234 2186 1391 2265 ¹⁷proinde
1406 2206 1488 2249 mor-

314 2290 363 2352 tali
386 2298 416 2352 et
437 2288 592 2359 interibili,
615 2289 710 2367 ¹⁸quia
733 2288 761 2349 id
786 2289 865 2368 qnod
887 2288 966 2368 perit
988 2287 1099 2348 salvum
1121 2288 1252 2348 lauturus
1275 2296 1323 2348 est
1337 2287 1487 2349 dominus.

313 2391 388 2452 Nolo
411 2407 490 2450 nunc
512 2389 700 2450 contentioso
722 2391 793 2450 lune
816 2390 980 2450 deducere·
1002 2389 1116 2449 bacan
1140 2386 1234 2448 ¹⁰illac
1247 2386 1403 2450 bominem
1418 2407 1485 2468 per-

314 2491 387 2553 ditio
410 2489 594 2569 depostulet,
628 2488 698 2551 dum
726 2489 904 2568 ”utrimque
933 2507 1001 2550 eum
1029 2488 1110 2549 salus
1137 2487 1298 2549 ²¹destinet
1327 2487 1359 2549 in
1387 2488 1485 2550 ambas

313 2590 496 2654 substantias
518 2599 705 2668 peraequata.
744 2590 821 2651 Eece
844 2590 921 2651 enim
945 2606 979 2649 ex
1003 2607 1177 2667 quacunque
1199 2587 1367 2650 substantia
1388 2589 1486 2650 bomi-

314 2709 382 2752 nem
402 2688 547 2769 ”perisse
568 2690 823 2768 praesumpseris,
846 2709 883 2751 ex
903 2689 995 2751 altera
1018 2706 1079 2748 non
1100 2689 1189 2767 perit.
1223 2687 1328 2750 Salvus
1344 2707 1416 2768 crgo
1432 2688 1488 2750 erit

314 2792 372 2852 iam
395 2809 430 2853 ex
452 2808 508 2868 qua
531 2808 592 2849 non
613 2789 735 2869 ”perit,
769 2799 799 2851 et
828 2790 926 2851 salvus
954 2788 1147 2850 nibilominus
1176 2789 1227 2849 fiet
1255 2806 1291 2849 ex
1323 2808 1381 2868 qua
1401 2789 1488 2869 perit.

314 2892 412 2953 Habes
434 2891 526 2951 totius
549 2891 679 2951 bominis
702 2891 934 2965 restitutionem,
958 2891 1027 2952 dum
1050 2899 1081 2952 et
1102 2891 1299 2970 quodcunque
1323 2890 1388 2952 cius
1402 2891 1487 2972 perit,

314 2991 426 3053 salvum
448 2992 578 3051 tacturus
601 2999 646 3051 est
668 2991 823 3064 dominus,
848 3001 878 3053 et
899 2991 1096 3071 quodeunque
1110 3009 1171 3051 non
1188 2989 1281 3069 perit,
1304 2989 1408 3071 utique
1429 3009 1488 3053 non

315 3092 372 3153 orit
404 3091 588 3170 perditurus.
643 3090 719 3164 Quis
752 3092 829 3152 ultra
860 3092 896 3153 de
931 3092 1085 3170 utriusque
1118 3090 1303 3152 substantiae
1332 3093 1489 3155 sammua

314 3191 503 3265 ”dubitabit,
526 3210 592 3253 curn
615 3190 735 3253 ¹‘altera
757 3192 882 3253 salntem
905 3201 1100 3253 consecutura
1122 3192 1176 3264 sit,
1204 3190 1322 3252 “altera
1344 3193 1489 3256 amissura

163 3288 379 3373 r0.n,ae.q‚oam
402 3312 463 3354 non
486 3291 550 3354 sit?
581 3293 620 3353 Et
642 3300 739 3353 tamen
761 3292 858 3353 adbuc
878 3311 1000 3354 sensum
1023 3293 1067 3353 rei
1083 3291 1221 3371 exprimit
1235 3290 1396 3367 dominus,
1417 3294 1489 3374 Ego,

316 3394 435 3468 dicens,
457 3392 542 3466 veni,
564 3411 625 3453 non
649 3400 816 3466 utineam,
845 3393 898 3453 sed
921 3403 954 3454 ut
975 3392 1085 3472 patris,
1119 3392 1170 3470 qui
1192 3410 1240 3453 me
1263 3391 1365 3467 misit,-
1388 3394 1489 3457 laciam

314 3495 506 3557 voluntatem.
541 3494 651 3567 Quam,
676 3512 730 3553 oro
753 3491 807 3555 te?
830 3493 868 3555 Ut
889 3511 995 3566 omne,
1017 3492 1096 3572 quod
1119 3491 1201 3553 dedit
1222 3492 1312 3566 mibi,
1334 3511 1399 3556 non
1420 3512 1489 3575 per·

315 3595 381 3657 dam
404 3614 437 3657 ex
460 3614 496 3656 ao
520 3594 692 3674 quiequam,
716 3594 768 3655 sed
792 3593 967 3655 resuscitem
982 3592 1082 3656 ²'illud
1098 3592 1129 3653 in
1145 3592 1308 3654 novissima
1323 3592 1382 3656 die.
1413 3593 1490 3667 uuit

315 3714 331 3758 a
353 3706 437 3775 patre
458 3695 594 3757 Christus
617 3703 785 3775 acceperat,
808 3693 867 3754 nisi
889 3694 968 3772 quod
993 3702 1023 3754 et
1044 3691 1205 3755 induerat?
1242 3692 1404 3757 Hominem
1426 3696 1490 3758 sine

315 3793 420 3867 dubio,
443 3796 541 3855 carnis
564 3795 738 3873 animaeque
761 3802 915 3857 texturam.
950 3794 1094 3855 Neutrum
1117 3811 1188 3872 ergo
1212 3810 1318 3855 corum
1341 3813 1418 3874 quae
1439 3813 1490 3857 ac·

315 3892 393 3969 cepit
413 3892 512 3969 perire
533 3893 676 3971 patietur,
711 3894 801 3956 immo
825 3894 1058 3974 necquicquam
1080 3893 1252 3972 utriusque,
1286 3892 1408 3957 ”immo
1437 3912 1491 3957 noo

314 3990 474 4052 modicum.
512 3991 626 4064 Quodsi
647 3993 795 4055 modicum
819 4013 904 4069 caro,
928 4013 999 4074 ergo
1021 4013 1076 4057 nec
1097 4012 1231 4067 carnem,
1255 3995 1325 4073 quia
1345 4014 1404 4058 nac
1423 4013 1490 4058 mo·

315 4140 339 4191 8.
358 4141 475 4190 valentior
492 4159 514 4192 c.
572 4141 596 4193 9.
615 4146 701 4209 Atquin
725 4146 762 4195 cd.
780 4153 826 4195 tm
847 4148 959 4197 Vaticani.
1000 4155 1041 4196 aut
1065 4146 1122 4210 quin
1139 4147 1183 4195 Ab.
1224 4146 1294 4210 Atqui
1313 4147 1408 4213 reliqui.
1451 4146 1489 4197 to

315 4207 528 4259 habundaveritd.
590 4211 628 4261 11.
652 4213 882 4275 superhabundans
905 4218 930 4264 A.
991 4213 1031 4263 12.
1050 4213 1096 4263 diei
1115 4213 1235 4263 onam.
1270 4214 1368 4264 Addidit
1389 4218 1420 4266 dc
1442 4217 1490 4265 nir

314 4276 382 4325 libris
397 4278 496 4338 primum
515 4278 652 4340 Gonpneins.
698 4278 736 4328 tt.
755 4294 802 4329 non
822 4289 849 4329 ut
867 4281 958 4342 perdita
978 4281 1002 4330 ll.
1052 4281 1090 4329 ld.
1109 4280 1144 4329 vel
1164 4281 1188 4329 in
1205 4280 1259 4342 AB„
1278 4283 1314 4330 uti
1331 4282 1415 4333 soleat.
1451 4282 1489 4332 ib.

315 4342 441 4391 iohannem
460 4344 485 4393 o.
545 4345 583 4394 16.
603 4347 720 4409 perdcerc
745 4349 797 4397 edd.
817 4348 928 4410 leopoldi
946 4355 967 4398 et
985 4349 1089 4408 Semini,
1108 4349 1224 4397 mendose.
1286 4347 1326 4396 t't.
1346 4349 1449 4413 perinde
1464 4348 1489 4399 t.

315 4406 356 4458 18.
374 4423 420 4471 qua
438 4411 493 4460 lte.
547 4412 584 4462 19.
604 4413 643 4461 illa
662 4414 705 4463 aa.
758 4413 799 4463 20.
819 4414 1089 4479 utrinqneddmpcbcd.
1124 4424 1253 4478 utrumque
1272 4414 1315 4464 dd.
1362 4415 1405 4467 21.
1422 4416 1489 4467 disti·

314 4483 355 4526 nat
374 4476 434 4537 drap.
475 4479 583 4528 destruet
601 4483 626 4529 Α.
684 4479 724 4529 22.
744 4482 889 4544 periisset.
950 4481 990 4532 23.
1010 4484 1082 4547 periit
1101 4482 1125 4531 ll.
1184 4481 1224 4531 tt.
1250 4481 1367 4533 dubitarit
1390 4501 1409 4537 e.
1450 4482 1489 4533 28.

314 4543 428 4592 alterutra
448 4543 471 4591 C.
524 4543 563 4593 26.
584 4545 658 4595 altera
676 4548 794 4598 amissura
815 4563 867 4598 eam
887 4551 984 4600 nonsit
1007 4568 1050 4601 om.
1067 4549 1129 4600 ABG.
1169 4551 1266 4600 Addidit
1290 4552 1347 4601 bueo
1371 4554 1441 4603 cerba
1463 4552 1489 4601 da

313 4611 364 4728 ἓξ
375 4609 454 4727 dmm
475 4614 575 4674 primunt
600 4613 736 4676 Gcnpneins.
800 4614 841 4667 27.
865 4615 925 4666 iliad
952 4619 1083 4668 notissimo
1108 4617 1146 4667 dic
1169 4617 1213 4668 All.
1280 4616 1322 4667 28.
1347 4634 1394 4672 noc
1416 4620 1489 4671 imno

347 4810 405 4874 Cap.
423 4810 519 4861 xxltll.
541 4825 570 4878 .⁸·
589 4814 740 4867 contentioso
759 4817 816 4869 tone
834 4814 966 4886 deducere]
984 4820 1020 4872 Gt.
1040 4819 1131 4873 adnott.
1151 4819 1181 4872 ad
1200 4819 1235 4873 be
1251 4819 1334 4873 l’udic.
1353 4820 1439 4888 upa.
