<?xml version="1.0" encoding="UTF-8"?>
<!DOCTYPE html PUBLIC "-//W3C//DTD XHTML 1.0 Transitional//EN"
    "http://www.w3.org/TR/xhtml1/DTD/xhtml1-transitional.dtd">
<html xmlns="http://www.w3.org/1999/xhtml" xml:lang="en" lang="en">
 <head>
  <title>
</title>
<meta http-equiv="Content-Type" content="text/html;charset=utf-8" />
  <meta name='ocr-system' content='tesseract 3.04.00' />
  <meta name='ocr-capabilities' content='ocr_page ocr_carea ocr_par ocr_line ocrx_word'/>
</head>
<body>
  <div class='ocr_page' id='page_1' title='image "./quaesupersuntom00oehlgoog_0552.png"; bbox 0 0 3242 5775; ppageno 0'>
   <div class='ocr_carea' id='block_1_1' title="bbox 273 388 1492 804">
    <p class='ocr_par' dir='ltr' id='par_1_1' title="bbox 273 388 1492 804">
     <span class='ocr_line' id='line_1_1' title="bbox 273 388 1492 804; baseline -0.009 -77"><span class='ocrx_word' id='word_1_1' title='bbox 273 666 335 732; x_wconf 67' lang='grc'><strong>538</strong></span> <span class='ocrx_word' id='word_1_2' title='bbox 547 679 649 732; x_wconf 80' lang='lat' dir='ltr'><strong>nntttrt</strong></span> <span class='ocrx_word' id='word_1_3' title='bbox 671 678 804 722; x_wconf 69' lang='lat' dir='ltr'><strong>stertuit</strong></span> <span class='ocrx_word' id='word_1_4' title='bbox 825 677 991 721; x_wconf 72' lang='lat' dir='ltr'><strong>nonnum</strong></span> <span class='ocrx_word' id='word_1_5' title='bbox 1015 677 1213 720; x_wconf 69' lang='lat' dir='ltr'><strong>tntnttmtt</strong></span> <span class='ocrx_word' id='word_1_6' title='bbox 1472 388 1492 804; x_wconf 75' lang='grc' dir='ltr'>Ι</span> 
     </span>
    </p>
   </div>
   <div class='ocr_carea' id='block_1_2' title="bbox 121 826 1529 3927">
    <p class='ocr_par' dir='ltr' id='par_1_2' title="bbox 121 826 1529 3927">
     <span class='ocr_line' id='line_1_2' title="bbox 273 826 1529 907; baseline -0.002 -13"><span class='ocrx_word' id='word_1_7' title='bbox 273 840 336 907; x_wconf 84' lang='lat' dir='ltr'><strong>eat;</strong></span> <span class='ocrx_word' id='word_1_8' title='bbox 357 849 396 892; x_wconf 92' lang='lat' dir='ltr'><strong>ne</strong></span> <span class='ocrx_word' id='word_1_9' title='bbox 419 829 497 891; x_wconf 90' lang='lat' dir='ltr'><strong>alind</strong></span> <span class='ocrx_word' id='word_1_10' title='bbox 519 828 672 890; x_wconf 78' lang='lat' dir='ltr'>existimes</span> <span class='ocrx_word' id='word_1_11' title='bbox 694 846 763 890; x_wconf 89' lang='lat' dir='ltr'><strong>esse</strong></span> <span class='ocrx_word' id='word_1_12' title='bbox 785 827 926 889; x_wconf 89' lang='lat' dir='ltr'><strong>seminari</strong></span> <span class='ocrx_word' id='word_1_13' title='bbox 948 845 1035 907; x_wconf 88' lang='lat' dir='ltr'><strong>quam</strong></span> <span class='ocrx_word' id='word_1_14' title='bbox 1059 827 1216 888; x_wconf 83' lang='lat' dir='ltr'><strong>interram</strong></span> <span class='ocrx_word' id='word_1_15' title='bbox 1235 826 1309 902; x_wconf 86' lang='lat' dir='ltr'><strong>ibis,</strong></span> <span class='ocrx_word' id='word_1_16' title='bbox 1332 847 1366 891; x_wconf 80' lang='lat' dir='ltr'><strong>et</strong></span> <span class='ocrx_word' id='word_1_17' title='bbox 1382 846 1425 907; x_wconf 84' lang='lat' dir='ltr'><strong>qua</strong></span> <span class='ocrx_word' id='word_1_18' title='bbox 1483 829 1529 868; x_wconf 44' lang='grc' dir='ltr'><em>Ψ</em></span> 
     </span>
     <span class='ocr_line' id='line_1_3' title="bbox 271 911 1529 1009; baseline -0.005 -13"><span class='ocrx_word' id='word_1_19' title='bbox 271 938 479 1009; x_wconf 80' lang='lat' dir='ltr'><strong>assumptus,</strong></span> <span class='ocrx_word' id='word_1_20' title='bbox 503 931 547 992; x_wconf 92' lang='lat' dir='ltr'><strong>sic</strong></span> <span class='ocrx_word' id='word_1_21' title='bbox 567 929 634 990; x_wconf 78' lang='lat' dir='ltr'><strong>³⁹ne</strong></span> <span class='ocrx_word' id='word_1_22' title='bbox 655 929 777 991; x_wconf 89' lang='lat' dir='ltr'><strong>alterius</strong></span> <span class='ocrx_word' id='word_1_23' title='bbox 800 947 888 1008; x_wconf 90' lang='lat' dir='ltr'><strong>quam</strong></span> <span class='ocrx_word' id='word_1_24' title='bbox 911 928 1026 1002; x_wconf 77' lang='lat' dir='ltr'><strong>carnis3</strong></span> <span class='ocrx_word' id='word_1_25' title='bbox 1055 925 1098 988; x_wconf 90' lang='lat' dir='ltr'><strong>sic</strong></span> <span class='ocrx_word' id='word_1_26' title='bbox 1120 927 1199 988; x_wconf 89' lang='lat' dir='ltr'><strong>euim</strong></span> <span class='ocrx_word' id='word_1_27' title='bbox 1222 928 1364 1008; x_wconf 90' lang='lat' dir='ltr'><strong>scriptum</strong></span> <span class='ocrx_word' id='word_1_28' title='bbox 1383 937 1427 990; x_wconf 88' lang='lat' dir='ltr'><strong>est</strong></span> <span class='ocrx_word' id='word_1_29' title='bbox 1498 911 1529 1000; x_wconf 49' lang='grc' dir='ltr'><strong><em>Ψ</em></strong></span> 
     </span>
     <span class='ocr_line' id='line_1_4' title="bbox 138 1011 1529 1124; baseline -0.002 -28"><span class='ocrx_word' id='word_1_30' title='bbox 138 1050 257 1112; x_wconf 65' lang='lat' dir='ltr'><strong>capitu.</strong></span> <span class='ocrx_word' id='word_1_31' title='bbox 360 1032 419 1093; x_wconf 91' lang='lat' dir='ltr'><strong>Sed</strong></span> <span class='ocrx_word' id='word_1_32' title='bbox 442 1049 551 1110; x_wconf 88' lang='lat' dir='ltr'><strong>corpus</strong></span> <span class='ocrx_word' id='word_1_33' title='bbox 574 1030 699 1090; x_wconf 89' lang='lat' dir='ltr'><strong>animale</strong></span> <span class='ocrx_word' id='word_1_34' title='bbox 721 1030 849 1090; x_wconf 92' lang='lat' dir='ltr'><strong>animam</strong></span> <span class='ocrx_word' id='word_1_35' title='bbox 872 1029 990 1107; x_wconf 89' lang='lat' dir='ltr'><strong>quidam</strong></span> <span class='ocrx_word' id='word_1_36' title='bbox 1012 1036 1271 1106; x_wconf 77' lang='lat' dir='ltr'><strong>argumentantur,</strong></span> <span class='ocrx_word' id='word_1_37' title='bbox 1294 1039 1329 1093; x_wconf 95' lang='lat' dir='ltr'><strong>ut</strong></span> <span class='ocrx_word' id='word_1_38' title='bbox 1348 1031 1430 1093; x_wconf 89' lang='lat' dir='ltr'><strong>¹illun</strong></span> <span class='ocrx_word' id='word_1_39' title='bbox 1503 1011 1529 1124; x_wconf 43' lang='grc' dir='ltr'><strong>Εἴ</strong></span> 
     </span>
     <span class='ocr_line' id='line_1_5' title="bbox 272 1121 1529 1210; baseline -0.002 -15"><span class='ocrx_word' id='word_1_40' title='bbox 272 1152 289 1195; x_wconf 91' lang='lat' dir='ltr'><strong>a</strong></span> <span class='ocrx_word' id='word_1_41' title='bbox 311 1151 400 1195; x_wconf 90' lang='lat' dir='ltr'><strong>carne</strong></span> <span class='ocrx_word' id='word_1_42' title='bbox 421 1138 545 1193; x_wconf 80' lang='lat' dir='ltr'>avocent</span> <span class='ocrx_word' id='word_1_43' title='bbox 566 1130 783 1191; x_wconf 73' lang='lat' dir='ltr'><strong>recidivatum.</strong></span> <span class='ocrx_word' id='word_1_44' title='bbox 817 1129 912 1190; x_wconf 87' lang='lat' dir='ltr'><strong>Porro</strong></span> <span class='ocrx_word' id='word_1_45' title='bbox 934 1148 1001 1190; x_wconf 89' lang='lat' dir='ltr'><strong>curn</strong></span> <span class='ocrx_word' id='word_1_46' title='bbox 1022 1138 1141 1203; x_wconf 82' lang='lat' dir='ltr'><strong>constet</strong></span> <span class='ocrx_word' id='word_1_47' title='bbox 1156 1129 1307 1210; x_wconf 87' lang='lat' dir='ltr'><strong>fixumque</strong></span> <span class='ocrx_word' id='word_1_48' title='bbox 1322 1129 1432 1194; x_wconf 89' lang='lat' dir='ltr'><strong>sitillud</strong></span> <span class='ocrx_word' id='word_1_49' title='bbox 1516 1121 1529 1143; x_wconf 72' lang='lat'><strong>&#39;⁴</strong></span> 
     </span>
     <span class='ocr_line' id='line_1_6' title="bbox 272 1229 1529 1325; baseline -0.002 -30"><span class='ocrx_word' id='word_1_50' title='bbox 272 1240 509 1296; x_wconf 89' lang='lat' dir='ltr'><strong>resurrecturum</strong></span> <span class='ocrx_word' id='word_1_51' title='bbox 533 1250 642 1309; x_wconf 87' lang='lat' dir='ltr'><strong>corpus</strong></span> <span class='ocrx_word' id='word_1_52' title='bbox 665 1230 744 1309; x_wconf 90' lang='lat' dir='ltr'><strong>quod</strong></span> <span class='ocrx_word' id='word_1_53' title='bbox 768 1229 857 1292; x_wconf 89' lang='lat' dir='ltr'><strong>luerit</strong></span> <span class='ocrx_word' id='word_1_54' title='bbox 879 1230 1071 1302; x_wconf 89' lang='lat' dir='ltr'><strong>seminatum,</strong></span> <span class='ocrx_word' id='word_1_55' title='bbox 1098 1230 1134 1290; x_wconf 89' lang='lat' dir='ltr'><strong>ad</strong></span> <span class='ocrx_word' id='word_1_56' title='bbox 1156 1229 1253 1308; x_wconf 92' lang='lat' dir='ltr'><strong>ipsius</strong></span> <span class='ocrx_word' id='word_1_57' title='bbox 1276 1231 1321 1325; x_wconf 71' lang='lat' dir='ltr'><strong>rei</strong></span> <span class='ocrx_word' id='word_1_58' title='bbox 1342 1231 1438 1293; x_wconf 79' lang='grc' dir='ltr'><strong>ὀιΙιί·</strong></span> <span class='ocrx_word' id='word_1_59' title='bbox 1522 1271 1529 1318; x_wconf 86' lang='lat' dir='ltr'><strong>t</strong></span> 
     </span>
     <span class='ocr_line' id='line_1_7' title="bbox 271 1330 1443 1413; baseline -0.004 -18"><span class='ocrx_word' id='word_1_60' title='bbox 271 1334 416 1396; x_wconf 90' lang='lat' dir='ltr'><strong>bitionem</strong></span> <span class='ocrx_word' id='word_1_61' title='bbox 444 1332 696 1413; x_wconf 84' lang='lat' dir='ltr'><strong>provocabuntur.</strong></span> <span class='ocrx_word' id='word_1_62' title='bbox 745 1331 802 1391; x_wconf 78' lang='lat' dir='ltr'><strong>Aut</strong></span> <span class='ocrx_word' id='word_1_63' title='bbox 831 1331 989 1392; x_wconf 80' lang='lat' dir='ltr'><strong>ostendant</strong></span> <span class='ocrx_word' id='word_1_64' title='bbox 1015 1330 1142 1391; x_wconf 92' lang='lat' dir='ltr'><strong>animam</strong></span> <span class='ocrx_word' id='word_1_65' title='bbox 1171 1331 1349 1394; x_wconf 89' lang='lat' dir='ltr'><strong>seminatam</strong></span> <span class='ocrx_word' id='word_1_66' title='bbox 1374 1339 1443 1412; x_wconf 90' lang='lat' dir='ltr'><strong>post</strong></span> 
     </span>
     <span class='ocr_line' id='line_1_8' title="bbox 272 1430 1460 1507; baseline -0.003 -11"><span class='ocrx_word' id='word_1_67' title='bbox 272 1442 416 1507; x_wconf 88' lang='lat' dir='ltr'><strong>mortem,</strong></span> <span class='ocrx_word' id='word_1_68' title='bbox 440 1434 470 1493; x_wconf 92' lang='lat' dir='ltr'><strong>id</strong></span> <span class='ocrx_word' id='word_1_69' title='bbox 492 1440 539 1494; x_wconf 89' lang='lat' dir='ltr'><strong>est</strong></span> <span class='ocrx_word' id='word_1_70' title='bbox 560 1441 722 1505; x_wconf 89' lang='lat' dir='ltr'><strong>mortuam,</strong></span> <span class='ocrx_word' id='word_1_71' title='bbox 746 1431 775 1493; x_wconf 95' lang='lat' dir='ltr'><strong>id</strong></span> <span class='ocrx_word' id='word_1_72' title='bbox 799 1439 846 1493; x_wconf 92' lang='lat' dir='ltr'><strong>est</strong></span> <span class='ocrx_word' id='word_1_73' title='bbox 867 1431 949 1492; x_wconf 91' lang='lat' dir='ltr'><strong>humi</strong></span> <span class='ocrx_word' id='word_1_74' title='bbox 971 1431 1090 1504; x_wconf 87' lang='lat' dir='ltr'><strong>elisam,</strong></span> <span class='ocrx_word' id='word_1_75' title='bbox 1114 1430 1283 1505; x_wconf 86' lang='lat' dir='ltr'><strong>disiectam,</strong></span> <span class='ocrx_word' id='word_1_76' title='bbox 1314 1433 1460 1495; x_wconf 54' lang='lat' dir='ltr'><strong>dissolu-r</strong></span> 
     </span>
     <span class='ocr_line' id='line_1_9' title="bbox 272 1532 1455 1614; baseline -0.002 -17"><span class='ocrx_word' id='word_1_77' title='bbox 272 1542 348 1609; x_wconf 89' lang='lat' dir='ltr'><strong>tam,</strong></span> <span class='ocrx_word' id='word_1_78' title='bbox 371 1535 449 1613; x_wconf 90' lang='lat' dir='ltr'><strong>quod</strong></span> <span class='ocrx_word' id='word_1_79' title='bbox 472 1534 502 1595; x_wconf 93' lang='lat' dir='ltr'><strong>in</strong></span> <span class='ocrx_word' id='word_1_80' title='bbox 524 1533 605 1596; x_wconf 90' lang='lat' dir='ltr'><strong>illam</strong></span> <span class='ocrx_word' id='word_1_81' title='bbox 625 1532 662 1593; x_wconf 69' lang='grc' dir='ltr'><strong>ὀ</strong></span> <span class='ocrx_word' id='word_1_82' title='bbox 684 1533 740 1593; x_wconf 92' lang='lat' dir='ltr'><strong>deo</strong></span> <span class='ocrx_word' id='word_1_83' title='bbox 764 1534 913 1594; x_wconf 88' lang='lat' dir='ltr'><strong>decretum</strong></span> <span class='ocrx_word' id='word_1_84' title='bbox 936 1551 996 1593; x_wconf 96' lang='lat' dir='ltr'><strong>non</strong></span> <span class='ocrx_word' id='word_1_85' title='bbox 1019 1543 1080 1605; x_wconf 89' lang='lat' dir='ltr'><strong>est,</strong></span> <span class='ocrx_word' id='word_1_86' title='bbox 1102 1542 1273 1610; x_wconf 80' lang='lat' dir='ltr'><strong>proponant</strong></span> <span class='ocrx_word' id='word_1_87' title='bbox 1288 1542 1455 1614; x_wconf 74' lang='lat' dir='ltr'><strong>compte-</strong></span> 
     </span>
     <span class='ocr_line' id='line_1_10' title="bbox 271 1632 1512 1711; baseline 0 -14"><span class='ocrx_word' id='word_1_88' title='bbox 271 1635 330 1697; x_wconf 90' lang='lat' dir='ltr'><strong>lam</strong></span> <span class='ocrx_word' id='word_1_89' title='bbox 352 1634 417 1696; x_wconf 91' lang='lat' dir='ltr'><strong>eius</strong></span> <span class='ocrx_word' id='word_1_90' title='bbox 441 1645 470 1695; x_wconf 92' lang='lat' dir='ltr'><strong>et</strong></span> <span class='ocrx_word' id='word_1_91' title='bbox 492 1634 767 1705; x_wconf 83' lang='lat' dir='ltr'><strong>dedecorationem,</strong></span> <span class='ocrx_word' id='word_1_92' title='bbox 791 1633 1008 1705; x_wconf 87' lang='lat' dir='ltr'><strong>infirmitatem,</strong></span> <span class='ocrx_word' id='word_1_93' title='bbox 1032 1642 1065 1693; x_wconf 92' lang='lat' dir='ltr'><strong>ut</strong></span> <span class='ocrx_word' id='word_1_94' title='bbox 1084 1632 1179 1711; x_wconf 91' lang='lat' dir='ltr'><strong>ipsius</strong></span> <span class='ocrx_word' id='word_1_95' title='bbox 1200 1633 1245 1694; x_wconf 88' lang='lat' dir='ltr'><strong>sit</strong></span> <span class='ocrx_word' id='word_1_96' title='bbox 1265 1635 1355 1696; x_wconf 88' lang='lat' dir='ltr'><strong>etiarn</strong></span> <span class='ocrx_word' id='word_1_97' title='bbox 1376 1634 1512 1696; x_wconf 53' lang='lat' dir='ltr'><strong>‘ex‘</strong></span> 
     </span>
     <span class='ocr_line' id='line_1_11' title="bbox 273 1732 1520 1814; baseline -0.002 -16"><span class='ocrx_word' id='word_1_98' title='bbox 273 1754 397 1814; x_wconf 88' lang='lat' dir='ltr'><strong>surgere</strong></span> <span class='ocrx_word' id='word_1_99' title='bbox 418 1735 467 1795; x_wconf 73' lang='lat' dir='ltr'><strong>‘in</strong></span> <span class='ocrx_word' id='word_1_100' title='bbox 489 1734 717 1812; x_wconf 83' lang='lat' dir='ltr'><strong>incorruptelam</strong></span> <span class='ocrx_word' id='word_1_101' title='bbox 741 1733 822 1793; x_wconf 85' lang='lat' dir='ltr'><strong>etin</strong></span> <span class='ocrx_word' id='word_1_102' title='bbox 845 1732 968 1812; x_wconf 83' lang='lat' dir='ltr'><strong>gloriam</strong></span> <span class='ocrx_word' id='word_1_103' title='bbox 990 1733 1072 1794; x_wconf 90' lang='lat' dir='ltr'><strong>etin</strong></span> <span class='ocrx_word' id='word_1_104' title='bbox 1094 1733 1244 1794; x_wconf 87' lang='lat' dir='ltr'><strong>virtutem.</strong></span> <span class='ocrx_word' id='word_1_105' title='bbox 1286 1735 1347 1798; x_wconf 89' lang='lat' dir='ltr'><strong>Sed</strong></span> <span class='ocrx_word' id='word_1_106' title='bbox 1367 1735 1520 1797; x_wconf 79' lang='lat' dir='ltr'><strong>euin-</strong></span> 
     </span>
     <span class='ocr_line' id='line_1_12' title="bbox 272 1832 1526 1915; baseline 0.001 -18"><span class='ocrx_word' id='word_1_107' title='bbox 272 1836 304 1898; x_wconf 93' lang='lat' dir='ltr'><strong>in</strong></span> <span class='ocrx_word' id='word_1_108' title='bbox 325 1835 453 1896; x_wconf 74' lang='lat' dir='ltr'><strong>‘lazaro</strong></span> <span class='ocrx_word' id='word_1_109' title='bbox 476 1835 635 1915; x_wconf 91' lang='lat' dir='ltr'><strong>praecipuo</strong></span> <span class='ocrx_word' id='word_1_110' title='bbox 658 1832 888 1895; x_wconf 90' lang='lat' dir='ltr'><strong>resurrectionis</strong></span> <span class='ocrx_word' id='word_1_111' title='bbox 910 1833 1065 1912; x_wconf 81' lang='lat' dir='ltr'><strong>exemplob</strong></span> <span class='ocrx_word' id='word_1_112' title='bbox 1094 1852 1163 1894; x_wconf 91' lang='lat' dir='ltr'><strong>earo</strong></span> <span class='ocrx_word' id='word_1_113' title='bbox 1191 1835 1281 1897; x_wconf 87' lang='lat' dir='ltr'><strong>iacuit</strong></span> <span class='ocrx_word' id='word_1_114' title='bbox 1308 1835 1340 1897; x_wconf 89' lang='lat' dir='ltr'><strong>in</strong></span> <span class='ocrx_word' id='word_1_115' title='bbox 1361 1837 1526 1898; x_wconf 63' lang='lat' dir='ltr'><strong>infir-⁶·</strong></span> 
     </span>
     <span class='ocr_line' id='line_1_13' title="bbox 272 1934 1529 2014; baseline 0.001 -16"><span class='ocrx_word' id='word_1_116' title='bbox 272 1936 388 2005; x_wconf 85' lang='lat' dir='ltr'><strong>mitate,</strong></span> <span class='ocrx_word' id='word_1_117' title='bbox 422 1955 491 1997; x_wconf 90' lang='lat' dir='ltr'><strong>caro</strong></span> <span class='ocrx_word' id='word_1_118' title='bbox 520 1953 615 2014; x_wconf 89' lang='lat' dir='ltr'><strong>paene</strong></span> <span class='ocrx_word' id='word_1_119' title='bbox 647 1934 827 2012; x_wconf 89' lang='lat' dir='ltr'><strong>computruit</strong></span> <span class='ocrx_word' id='word_1_120' title='bbox 860 1935 890 1995; x_wconf 96' lang='lat' dir='ltr'><strong>in</strong></span> <span class='ocrx_word' id='word_1_121' title='bbox 918 1934 1191 2006; x_wconf 87' lang='lat' dir='ltr'><strong>dedecorationem,</strong></span> <span class='ocrx_word' id='word_1_122' title='bbox 1226 1954 1296 1997; x_wconf 91' lang='lat' dir='ltr'><strong>caro</strong></span> <span class='ocrx_word' id='word_1_123' title='bbox 1328 1937 1529 1999; x_wconf 74' lang='lat' dir='ltr'><strong>inuno-:t</strong></span> 
     </span>
     <span class='ocr_line' id='line_1_14' title="bbox 272 2034 1529 2115; baseline 0.002 -18"><span class='ocrx_word' id='word_1_124' title='bbox 272 2035 387 2115; x_wconf 78' lang='lat' dir='ltr'><strong>&#39;putuit</strong></span> <span class='ocrx_word' id='word_1_125' title='bbox 408 2035 438 2096; x_wconf 93' lang='lat' dir='ltr'><strong>in</strong></span> <span class='ocrx_word' id='word_1_126' title='bbox 460 2036 699 2114; x_wconf 87' lang='lat' dir='ltr'><strong>corruptionem,</strong></span> <span class='ocrx_word' id='word_1_127' title='bbox 733 2044 763 2095; x_wconf 92' lang='lat' dir='ltr'><strong>et</strong></span> <span class='ocrx_word' id='word_1_128' title='bbox 790 2042 888 2095; x_wconf 89' lang='lat' dir='ltr'><strong>tamen</strong></span> <span class='ocrx_word' id='word_1_129' title='bbox 911 2034 1041 2095; x_wconf 82' lang='lat' dir='ltr'><strong>Lazarus</strong></span> <span class='ocrx_word' id='word_1_130' title='bbox 1070 2053 1139 2095; x_wconf 89' lang='lat' dir='ltr'><strong>caro</strong></span> <span class='ocrx_word' id='word_1_131' title='bbox 1161 2037 1347 2112; x_wconf 82' lang='lat' dir='ltr'><strong>resurrexit,</strong></span> <span class='ocrx_word' id='word_1_132' title='bbox 1380 2045 1529 2099; x_wconf 66' lang='lat' dir='ltr'><strong>murt]</strong></span> 
     </span>
     <span class='ocr_line' id='line_1_15' title="bbox 273 2135 1529 2216; baseline 0.002 -19"><span class='ocrx_word' id='word_1_133' title='bbox 273 2136 369 2198; x_wconf 85' lang='lat' dir='ltr'><strong>anima</strong></span> <span class='ocrx_word' id='word_1_134' title='bbox 390 2136 542 2216; x_wconf 68' lang='lat' dir='ltr'><strong>&#39;quidem</strong></span> <span class='ocrx_word' id='word_1_135' title='bbox 566 2135 617 2195; x_wconf 89' lang='lat' dir='ltr'><strong>sed</strong></span> <span class='ocrx_word' id='word_1_136' title='bbox 640 2135 828 2213; x_wconf 88' lang='lat' dir='ltr'><strong>incorrupta,</strong></span> <span class='ocrx_word' id='word_1_137' title='bbox 852 2154 938 2214; x_wconf 86' lang='lat' dir='ltr'><strong>quam</strong></span> <span class='ocrx_word' id='word_1_138' title='bbox 961 2153 1050 2196; x_wconf 92' lang='lat' dir='ltr'><strong>nemo</strong></span> <span class='ocrx_word' id='word_1_139' title='bbox 1071 2135 1195 2196; x_wconf 81' lang='lat' dir='ltr'><strong>vinculis</strong></span> <span class='ocrx_word' id='word_1_140' title='bbox 1211 2135 1300 2198; x_wconf 88' lang='lat' dir='ltr'><strong>lineis</strong></span> <span class='ocrx_word' id='word_1_141' title='bbox 1316 2139 1529 2200; x_wconf 78' lang='lat' dir='ltr'><strong>strinxe--</strong></span> 
     </span>
     <span class='ocr_line' id='line_1_16' title="bbox 273 2235 1529 2315; baseline 0.001 -17"><span class='ocrx_word' id='word_1_142' title='bbox 273 2246 329 2310; x_wconf 92' lang='lat' dir='ltr'><strong>rat,</strong></span> <span class='ocrx_word' id='word_1_143' title='bbox 352 2254 440 2298; x_wconf 89' lang='lat' dir='ltr'><strong>nemo</strong></span> <span class='ocrx_word' id='word_1_144' title='bbox 463 2237 493 2297; x_wconf 94' lang='lat' dir='ltr'><strong>in</strong></span> <span class='ocrx_word' id='word_1_145' title='bbox 516 2236 673 2315; x_wconf 88' lang='lat' dir='ltr'><strong>sepulchro</strong></span> <span class='ocrx_word' id='word_1_146' title='bbox 690 2235 857 2306; x_wconf 88' lang='lat' dir='ltr'><strong>collocarat,</strong></span> <span class='ocrx_word' id='word_1_147' title='bbox 880 2253 967 2295; x_wconf 92' lang='lat' dir='ltr'><strong>nemo</strong></span> <span class='ocrx_word' id='word_1_148' title='bbox 983 2235 1040 2296; x_wconf 93' lang='lat' dir='ltr'><strong>iam</strong></span> <span class='ocrx_word' id='word_1_149' title='bbox 1056 2237 1169 2297; x_wconf 81' lang='lat' dir='ltr'><strong>foetere</strong></span> <span class='ocrx_word' id='word_1_150' title='bbox 1189 2249 1335 2312; x_wconf 84' lang='lat' dir='ltr'><strong>senserat,</strong></span> <span class='ocrx_word' id='word_1_151' title='bbox 1358 2248 1529 2300; x_wconf 62' lang='lat' dir='ltr'><strong>neme-31</strong></span> 
     </span>
     <span class='ocr_line' id='line_1_17' title="bbox 273 2329 1529 2417; baseline 0.002 -18"><span class='ocrx_word' id='word_1_152' title='bbox 273 2338 431 2417; x_wconf 88' lang='lat' dir='ltr'><strong>quatriduo</strong></span> <span class='ocrx_word' id='word_1_153' title='bbox 453 2337 566 2398; x_wconf 89' lang='lat' dir='ltr'><strong>viderat</strong></span> <span class='ocrx_word' id='word_1_154' title='bbox 588 2336 772 2396; x_wconf 91' lang='lat' dir='ltr'><strong>seminatam.</strong></span> <span class='ocrx_word' id='word_1_155' title='bbox 806 2336 914 2396; x_wconf 88' lang='lat' dir='ltr'><strong>Totum</strong></span> <span class='ocrx_word' id='word_1_156' title='bbox 935 2335 1082 2410; x_wconf 82' lang='lat' dir='ltr'><strong>habitum,</strong></span> <span class='ocrx_word' id='word_1_157' title='bbox 1106 2345 1200 2397; x_wconf 92' lang='lat' dir='ltr'><strong>totum</strong></span> <span class='ocrx_word' id='word_1_158' title='bbox 1217 2338 1330 2400; x_wconf 87' lang='lat' dir='ltr'><strong>exitum</strong></span> <span class='ocrx_word' id='word_1_159' title='bbox 1344 2339 1441 2401; x_wconf 85' lang='lat' dir='ltr'><strong>Laaar</strong></span> <span class='ocrx_word' id='word_1_160' title='bbox 1456 2329 1529 2388; x_wconf 65' lang='lat'><strong>‘⁶5</strong></span> 
     </span>
     <span class='ocr_line' id='line_1_18' title="bbox 201 2436 1529 2520; baseline 0.002 -22"><span class='ocrx_word' id='word_1_161' title='bbox 201 2489 206 2498; x_wconf 92' lang='lat'><em>.</em></span> <span class='ocrx_word' id='word_1_162' title='bbox 274 2438 406 2499; x_wconf 93' lang='lat' dir='ltr'><strong>omnium</strong></span> <span class='ocrx_word' id='word_1_163' title='bbox 430 2456 548 2517; x_wconf 87' lang='lat' dir='ltr'><strong>quoque</strong></span> <span class='ocrx_word' id='word_1_164' title='bbox 571 2456 639 2497; x_wconf 88' lang='lat' dir='ltr'><strong>caro</strong></span> <span class='ocrx_word' id='word_1_165' title='bbox 663 2436 751 2497; x_wconf 89' lang='lat' dir='ltr'><strong>hodie</strong></span> <span class='ocrx_word' id='word_1_166' title='bbox 774 2436 939 2516; x_wconf 87' lang='lat' dir='ltr'><strong>experitur,</strong></span> <span class='ocrx_word' id='word_1_167' title='bbox 963 2436 1058 2496; x_wconf 90' lang='lat' dir='ltr'><strong>anima</strong></span> <span class='ocrx_word' id='word_1_168' title='bbox 1081 2455 1151 2496; x_wconf 85' lang='lat' dir='ltr'><strong>vero</strong></span> <span class='ocrx_word' id='word_1_169' title='bbox 1175 2437 1295 2499; x_wconf 89' lang='lat' dir='ltr'><strong>nullius.</strong></span> <span class='ocrx_word' id='word_1_170' title='bbox 1335 2439 1369 2501; x_wconf 92' lang='lat' dir='ltr'><strong>ln</strong></span> <span class='ocrx_word' id='word_1_171' title='bbox 1389 2447 1529 2520; x_wconf 57' lang='lat' dir='ltr'><strong>qua-³</strong></span> 
     </span>
     <span class='ocr_line' id='line_1_19' title="bbox 273 2529 1529 2616; baseline 0.003 -18"><span class='ocrx_word' id='word_1_172' title='bbox 273 2547 343 2616; x_wconf 87' lang='lat' dir='ltr'><strong>ergo</strong></span> <span class='ocrx_word' id='word_1_173' title='bbox 364 2537 467 2598; x_wconf 76' lang='lat' dir='ltr'><strong>’stilus</strong></span> <span class='ocrx_word' id='word_1_174' title='bbox 490 2538 617 2616; x_wconf 90' lang='lat' dir='ltr'><strong>apostoli</strong></span> <span class='ocrx_word' id='word_1_175' title='bbox 639 2545 806 2615; x_wconf 90' lang='lat' dir='ltr'><strong>comparet,</strong></span> <span class='ocrx_word' id='word_1_176' title='bbox 842 2537 878 2596; x_wconf 90' lang='lat' dir='ltr'><strong>de</strong></span> <span class='ocrx_word' id='word_1_177' title='bbox 900 2555 956 2614; x_wconf 89' lang='lat' dir='ltr'><strong>qua</strong></span> <span class='ocrx_word' id='word_1_178' title='bbox 979 2554 1046 2596; x_wconf 92' lang='lat' dir='ltr'><strong>eum</strong></span> <span class='ocrx_word' id='word_1_179' title='bbox 1069 2537 1149 2615; x_wconf 91' lang='lat' dir='ltr'><strong>loqui</strong></span> <span class='ocrx_word' id='word_1_180' title='bbox 1171 2547 1307 2614; x_wconf 87' lang='lat' dir='ltr'><strong>constat,</strong></span> <span class='ocrx_word' id='word_1_181' title='bbox 1334 2559 1369 2602; x_wconf 87' lang='lat' dir='ltr'><strong>ea</strong></span> <span class='ocrx_word' id='word_1_182' title='bbox 1390 2540 1431 2602; x_wconf 86' lang='lat' dir='ltr'><strong>eri</strong></span> <span class='ocrx_word' id='word_1_183' title='bbox 1473 2529 1529 2592; x_wconf 71' lang='lat'><strong>3¹</strong></span> 
     </span>
     <span class='ocr_line' id='line_1_20' title="bbox 121 2635 1525 2715; baseline 0.002 -18"><span class='ocrx_word' id='word_1_184' title='bbox 121 2647 303 2708; x_wconf 64' lang='lat' dir='ltr'><strong>reaestuat</strong></span> <span class='ocrx_word' id='word_1_185' title='bbox 324 2655 434 2715; x_wconf 86' lang='lat' dir='ltr'><strong>corpus</strong></span> <span class='ocrx_word' id='word_1_186' title='bbox 456 2636 597 2705; x_wconf 85' lang='lat' dir='ltr'><strong>animale.</strong></span> <span class='ocrx_word' id='word_1_187' title='bbox 626 2654 692 2696; x_wconf 94' lang='lat' dir='ltr'><strong>cum</strong></span> <span class='ocrx_word' id='word_1_188' title='bbox 716 2635 893 2706; x_wconf 83' lang='lat' dir='ltr'><strong>seminatur,</strong></span> <span class='ocrx_word' id='word_1_189' title='bbox 923 2645 953 2695; x_wconf 94' lang='lat' dir='ltr'><strong>et</strong></span> <span class='ocrx_word' id='word_1_190' title='bbox 974 2636 1149 2715; x_wconf 89' lang='lat' dir='ltr'><strong>¹⁰spiritale,</strong></span> <span class='ocrx_word' id='word_1_191' title='bbox 1178 2655 1247 2698; x_wconf 90' lang='lat' dir='ltr'><strong>cum</strong></span> <span class='ocrx_word' id='word_1_192' title='bbox 1276 2640 1525 2702; x_wconf 58' lang='lat' dir='ltr'><strong>suscitatur‘·</strong></span> 
     </span>
     <span class='ocr_line' id='line_1_21' title="bbox 272 2734 1524 2815; baseline 0.005 -18"><span class='ocrx_word' id='word_1_193' title='bbox 272 2735 345 2797; x_wconf 83' lang='lat' dir='ltr'><strong>Nam</strong></span> <span class='ocrx_word' id='word_1_194' title='bbox 369 2744 401 2796; x_wconf 90' lang='lat' dir='ltr'><strong>ut</strong></span> <span class='ocrx_word' id='word_1_195' title='bbox 423 2735 461 2796; x_wconf 92' lang='lat' dir='ltr'><strong>ita</strong></span> <span class='ocrx_word' id='word_1_196' title='bbox 483 2735 666 2812; x_wconf 74' lang='lat' dir='ltr'><strong>”intellegas</strong></span> <span class='ocrx_word' id='word_1_197' title='bbox 689 2754 808 2795; x_wconf 92' lang='lat' dir='ltr'><strong>manum</strong></span> <span class='ocrx_word' id='word_1_198' title='bbox 831 2734 926 2795; x_wconf 92' lang='lat' dir='ltr'><strong>adhuc</strong></span> <span class='ocrx_word' id='word_1_199' title='bbox 955 2736 1097 2814; x_wconf 89' lang='lat' dir='ltr'><strong>porrigit,</strong></span> <span class='ocrx_word' id='word_1_200' title='bbox 1126 2755 1220 2815; x_wconf 90' lang='lat' dir='ltr'><strong>aeque</strong></span> <span class='ocrx_word' id='word_1_201' title='bbox 1247 2738 1286 2799; x_wconf 87' lang='lat' dir='ltr'><strong>de</strong></span> <span class='ocrx_word' id='word_1_202' title='bbox 1314 2740 1524 2802; x_wconf 50' lang='grc' dir='ltr'><strong>οἰιιεάοιύΙ</strong></span> 
     </span>
     <span class='ocr_line' id='line_1_22' title="bbox 273 2835 1523 2916; baseline 0.005 -18"><span class='ocrx_word' id='word_1_203' title='bbox 273 2836 438 2916; x_wconf 88' lang='lat' dir='ltr'><strong>scripturae</strong></span> <span class='ocrx_word' id='word_1_204' title='bbox 461 2835 633 2897; x_wconf 85' lang='lat' dir='ltr'><strong>auctoritate</strong></span> <span class='ocrx_word' id='word_1_205' title='bbox 661 2837 768 2897; x_wconf 84' lang='lat' dir='ltr'><strong>lactum</strong></span> <span class='ocrx_word' id='word_1_206' title='bbox 797 2844 936 2896; x_wconf 87' lang='lat' dir='ltr'><strong>retexens</strong></span> <span class='ocrx_word' id='word_1_207' title='bbox 963 2836 1091 2916; x_wconf 90' lang='lat' dir='ltr'><strong>primum</strong></span> <span class='ocrx_word' id='word_1_208' title='bbox 1121 2836 1274 2900; x_wconf 89' lang='lat' dir='ltr'><strong>hominem</strong></span> <span class='ocrx_word' id='word_1_209' title='bbox 1296 2841 1390 2903; x_wconf 76' lang='lat' dir='ltr'><strong>Adam</strong></span> <span class='ocrx_word' id='word_1_210' title='bbox 1415 2841 1523 2903; x_wconf 59' lang='grc' dir='ltr'><strong><em>Μ</em></strong></span> 
     </span>
     <span class='ocr_line' id='line_1_23' title="bbox 273 2935 1522 3014; baseline 0.007 -18"><span class='ocrx_word' id='word_1_211' title='bbox 273 2936 400 2997; x_wconf 89' lang='lat' dir='ltr'><strong>animam</strong></span> <span class='ocrx_word' id='word_1_212' title='bbox 425 2935 557 2996; x_wconf 77' lang='lat' dir='ltr'><strong>&#39;&#39;vivam</strong></span> <span class='ocrx_word' id='word_1_213' title='bbox 602 2936 633 2995; x_wconf 89' lang='lat' dir='ltr'><strong>Si</strong></span> <span class='ocrx_word' id='word_1_214' title='bbox 654 2935 745 2995; x_wconf 76' lang='lat' dir='ltr'><strong>Adam</strong></span> <span class='ocrx_word' id='word_1_215' title='bbox 769 2936 859 2996; x_wconf 84' lang='lat' dir='ltr'><strong>lromo</strong></span> <span class='ocrx_word' id='word_1_216' title='bbox 882 2937 1009 3014; x_wconf 91' lang='lat' dir='ltr'><strong>primus,</strong></span> <span class='ocrx_word' id='word_1_217' title='bbox 1038 2956 1107 2999; x_wconf 89' lang='lat' dir='ltr'><strong>caro</strong></span> <span class='ocrx_word' id='word_1_218' title='bbox 1136 2948 1233 2999; x_wconf 90' lang='lat' dir='ltr'><strong>autem</strong></span> <span class='ocrx_word' id='word_1_219' title='bbox 1257 2940 1349 3002; x_wconf 87' lang='lat' dir='ltr'><strong>homo</strong></span> <span class='ocrx_word' id='word_1_220' title='bbox 1379 2942 1522 3005; x_wconf 48' lang='lat' dir='ltr'><strong>aut*⁰</strong></span> 
     </span>
     <span class='ocr_line' id='line_1_24' title="bbox 273 3034 1521 3107; baseline 0.008 -11"><span class='ocrx_word' id='word_1_221' title='bbox 273 3036 426 3107; x_wconf 78' lang='lat' dir='ltr'><strong>animam⁰‚</strong></span> <span class='ocrx_word' id='word_1_222' title='bbox 457 3036 522 3095; x_wconf 92' lang='lat' dir='ltr'><strong>sine</strong></span> <span class='ocrx_word' id='word_1_223' title='bbox 552 3035 641 3095; x_wconf 80' lang='lat' dir='ltr'><strong>dulrio</strong></span> <span class='ocrx_word' id='word_1_224' title='bbox 665 3053 733 3096; x_wconf 89' lang='lat' dir='ltr'><strong>caro</strong></span> <span class='ocrx_word' id='word_1_225' title='bbox 757 3034 814 3096; x_wconf 91' lang='lat' dir='ltr'><strong>erit</strong></span> <span class='ocrx_word' id='word_1_226' title='bbox 835 3038 909 3097; x_wconf 90' lang='lat' dir='ltr'><strong>lacta</strong></span> <span class='ocrx_word' id='word_1_227' title='bbox 930 3036 960 3098; x_wconf 88' lang='lat' dir='ltr'><strong>in</strong></span> <span class='ocrx_word' id='word_1_228' title='bbox 983 3036 1137 3099; x_wconf 69' lang='lat' dir='ltr'><strong>¹³animam</strong></span> <span class='ocrx_word' id='word_1_229' title='bbox 1167 3040 1271 3102; x_wconf 84' lang='lat' dir='ltr'><strong>vivam.</strong></span> <span class='ocrx_word' id='word_1_230' title='bbox 1325 3042 1521 3105; x_wconf 54' lang='lat' dir='ltr'><strong>“Porrffl</strong></span> 
     </span>
     <span class='ocr_line' id='line_1_25' title="bbox 274 3136 1521 3225; baseline 0.009 -29"><span class='ocrx_word' id='word_1_231' title='bbox 274 3136 452 3198; x_wconf 90' lang='lat' dir='ltr'><strong>inanimam</strong></span> <span class='ocrx_word' id='word_1_232' title='bbox 476 3154 541 3196; x_wconf 90' lang='lat' dir='ltr'><strong>cum</strong></span> <span class='ocrx_word' id='word_1_233' title='bbox 570 3143 651 3196; x_wconf 88' lang='lat' dir='ltr'><strong>esset</strong></span> <span class='ocrx_word' id='word_1_234' title='bbox 678 3154 803 3225; x_wconf 77' lang='lat' dir='ltr'><strong>corpus,</strong></span> <span class='ocrx_word' id='word_1_235' title='bbox 839 3138 938 3215; x_wconf 89' lang='lat' dir='ltr'><strong>utique</strong></span> <span class='ocrx_word' id='word_1_236' title='bbox 967 3138 1120 3199; x_wconf 79' lang='lat' dir='ltr'><strong>¹⁸animale</strong></span> <span class='ocrx_word' id='word_1_237' title='bbox 1148 3157 1258 3219; x_wconf 86' lang='lat' dir='ltr'><strong>corpus</strong></span> <span class='ocrx_word' id='word_1_238' title='bbox 1288 3151 1336 3205; x_wconf 89' lang='lat' dir='ltr'><strong>est</strong></span> <span class='ocrx_word' id='word_1_239' title='bbox 1363 3146 1521 3206; x_wconf 59' lang='lat' dir='ltr'><strong>tanes--</strong></span> 
     </span>
     <span class='ocr_line' id='line_1_26' title="bbox 274 3236 1520 3325; baseline 0.008 -27"><span class='ocrx_word' id='word_1_240' title='bbox 274 3237 351 3309; x_wconf 80' lang='lat' dir='ltr'><strong>Quid</strong></span> <span class='ocrx_word' id='word_1_241' title='bbox 374 3255 438 3297; x_wconf 87' lang='lat' dir='ltr'><strong>eam</strong></span> <span class='ocrx_word' id='word_1_242' title='bbox 462 3236 600 3316; x_wconf 87' lang='lat' dir='ltr'><strong>appellari</strong></span> <span class='ocrx_word' id='word_1_243' title='bbox 625 3236 739 3297; x_wconf 83' lang='lat' dir='ltr'><strong>¹⁰reliut</strong></span> <span class='ocrx_word' id='word_1_244' title='bbox 761 3256 847 3315; x_wconf 87' lang='lat' dir='ltr'><strong>quam</strong></span> <span class='ocrx_word' id='word_1_245' title='bbox 870 3236 949 3314; x_wconf 85' lang='lat' dir='ltr'><strong>quod</strong></span> <span class='ocrx_word' id='word_1_246' title='bbox 971 3257 1026 3317; x_wconf 89' lang='lat' dir='ltr'><strong>per</strong></span> <span class='ocrx_word' id='word_1_247' title='bbox 1042 3240 1167 3300; x_wconf 88' lang='lat' dir='ltr'><strong>animam</strong></span> <span class='ocrx_word' id='word_1_248' title='bbox 1184 3241 1258 3302; x_wconf 89' lang='lat' dir='ltr'><strong>lacta</strong></span> <span class='ocrx_word' id='word_1_249' title='bbox 1276 3252 1335 3317; x_wconf 90' lang='lat' dir='ltr'><strong>est,</strong></span> <span class='ocrx_word' id='word_1_250' title='bbox 1358 3240 1520 3325; x_wconf 55' lang='lat' dir='ltr'><strong>quan-6¹</strong></span> 
     </span>
     <span class='ocr_line' id='line_1_27' title="bbox 272 3337 1522 3418; baseline 0.007 -19"><span class='ocrx_word' id='word_1_251' title='bbox 272 3338 351 3418; x_wconf 89' lang='lat' dir='ltr'><strong>quod</strong></span> <span class='ocrx_word' id='word_1_252' title='bbox 379 3346 447 3398; x_wconf 90' lang='lat' dir='ltr'><strong>ante</strong></span> <span class='ocrx_word' id='word_1_253' title='bbox 475 3337 600 3397; x_wconf 90' lang='lat' dir='ltr'><strong>animam</strong></span> <span class='ocrx_word' id='word_1_254' title='bbox 628 3356 689 3397; x_wconf 91' lang='lat' dir='ltr'><strong>nou</strong></span> <span class='ocrx_word' id='word_1_255' title='bbox 719 3337 788 3409; x_wconf 84' lang='lat' dir='ltr'><strong>luit,</strong></span> <span class='ocrx_word' id='word_1_256' title='bbox 824 3356 910 3415; x_wconf 88' lang='lat' dir='ltr'><strong>quam</strong></span> <span class='ocrx_word' id='word_1_257' title='bbox 940 3339 1019 3417; x_wconf 93' lang='lat' dir='ltr'><strong>quod</strong></span> <span class='ocrx_word' id='word_1_258' title='bbox 1046 3349 1117 3418; x_wconf 88' lang='lat' dir='ltr'><strong>post</strong></span> <span class='ocrx_word' id='word_1_259' title='bbox 1145 3340 1273 3403; x_wconf 89' lang='lat' dir='ltr'><strong>animam</strong></span> <span class='ocrx_word' id='word_1_260' title='bbox 1295 3362 1359 3405; x_wconf 91' lang='lat' dir='ltr'><strong>non</strong></span> <span class='ocrx_word' id='word_1_261' title='bbox 1383 3346 1522 3407; x_wconf 58' lang='lat' dir='ltr'><strong>eritf‘</strong></span> 
     </span>
     <span class='ocr_line' id='line_1_28' title="bbox 274 3436 1522 3526; baseline 0.006 -25"><span class='ocrx_word' id='word_1_262' title='bbox 274 3439 331 3501; x_wconf 89' lang='lat' dir='ltr'><strong>nisi</strong></span> <span class='ocrx_word' id='word_1_263' title='bbox 360 3457 426 3500; x_wconf 91' lang='lat' dir='ltr'><strong>cum</strong></span> <span class='ocrx_word' id='word_1_264' title='bbox 455 3436 607 3516; x_wconf 79' lang='lat' dir='ltr'><strong>resurgit?</strong></span> <span class='ocrx_word' id='word_1_265' title='bbox 651 3437 779 3516; x_wconf 86' lang='lat' dir='ltr'><strong>ltecepta</strong></span> <span class='ocrx_word' id='word_1_266' title='bbox 808 3438 886 3498; x_wconf 91' lang='lat' dir='ltr'><strong>enim</strong></span> <span class='ocrx_word' id='word_1_267' title='bbox 915 3439 1011 3500; x_wconf 91' lang='lat' dir='ltr'><strong>anima</strong></span> <span class='ocrx_word' id='word_1_268' title='bbox 1045 3458 1151 3501; x_wconf 91' lang='lat' dir='ltr'><strong>rursus</strong></span> <span class='ocrx_word' id='word_1_269' title='bbox 1183 3441 1310 3504; x_wconf 90' lang='lat' dir='ltr'><strong>animale</strong></span> <span class='ocrx_word' id='word_1_270' title='bbox 1336 3439 1522 3526; x_wconf 54' lang='lat' dir='ltr'><strong>corpuff</strong></span> 
     </span>
     <span class='ocr_line' id='line_1_29' title="bbox 273 3537 1521 3621; baseline 0.006 -20"><span class='ocrx_word' id='word_1_271' title='bbox 273 3540 415 3609; x_wconf 79' lang='lat' dir='ltr'><strong>eflicitur,</strong></span> <span class='ocrx_word' id='word_1_272' title='bbox 449 3548 481 3599; x_wconf 92' lang='lat' dir='ltr'><strong>ut</strong></span> <span class='ocrx_word' id='word_1_273' title='bbox 503 3539 553 3598; x_wconf 83' lang='lat' dir='ltr'><strong>liat</strong></span> <span class='ocrx_word' id='word_1_274' title='bbox 574 3537 716 3616; x_wconf 88' lang='lat' dir='ltr'><strong>spiritale.</strong></span> <span class='ocrx_word' id='word_1_275' title='bbox 760 3537 827 3599; x_wconf 92' lang='lat' dir='ltr'><strong>Non</strong></span> <span class='ocrx_word' id='word_1_276' title='bbox 850 3540 927 3599; x_wconf 91' lang='lat' dir='ltr'><strong>enim</strong></span> <span class='ocrx_word' id='word_1_277' title='bbox 951 3541 1078 3619; x_wconf 91' lang='lat' dir='ltr'><strong>resurgit</strong></span> <span class='ocrx_word' id='word_1_278' title='bbox 1099 3541 1156 3602; x_wconf 92' lang='lat' dir='ltr'><strong>nisi</strong></span> <span class='ocrx_word' id='word_1_279' title='bbox 1185 3542 1266 3621; x_wconf 86' lang='lat' dir='ltr'><strong>quod</strong></span> <span class='ocrx_word' id='word_1_280' title='bbox 1295 3544 1361 3608; x_wconf 85' lang='lat' dir='ltr'><strong>luit.</strong></span> <span class='ocrx_word' id='word_1_281' title='bbox 1406 3539 1521 3608; x_wconf 56' lang='lat' dir='ltr'><strong>ltff</strong></span> 
     </span>
     <span class='ocr_line' id='line_1_30' title="bbox 272 3638 1519 3719; baseline 0.006 -17"><span class='ocrx_word' id='word_1_282' title='bbox 272 3640 352 3702; x_wconf 88' lang='lat' dir='ltr'><strong>undo</strong></span> <span class='ocrx_word' id='word_1_283' title='bbox 374 3640 454 3701; x_wconf 92' lang='lat' dir='ltr'><strong>carni</strong></span> <span class='ocrx_word' id='word_1_284' title='bbox 477 3640 619 3719; x_wconf 88' lang='lat' dir='ltr'><strong>competit</strong></span> <span class='ocrx_word' id='word_1_285' title='bbox 640 3657 749 3718; x_wconf 88' lang='lat' dir='ltr'><strong>corpus</strong></span> <span class='ocrx_word' id='word_1_286' title='bbox 770 3638 895 3699; x_wconf 90' lang='lat' dir='ltr'><strong>animale</strong></span> <span class='ocrx_word' id='word_1_287' title='bbox 917 3640 990 3712; x_wconf 92' lang='lat' dir='ltr'><strong>dici,</strong></span> <span class='ocrx_word' id='word_1_288' title='bbox 1021 3640 1091 3702; x_wconf 92' lang='lat' dir='ltr'><strong>inde</strong></span> <span class='ocrx_word' id='word_1_289' title='bbox 1112 3642 1228 3703; x_wconf 90' lang='lat' dir='ltr'><strong>animae</strong></span> <span class='ocrx_word' id='word_1_290' title='bbox 1250 3644 1333 3706; x_wconf 92' lang='lat' dir='ltr'><strong>nullo</strong></span> <span class='ocrx_word' id='word_1_291' title='bbox 1356 3640 1519 3709; x_wconf 56' lang='lat' dir='ltr'><strong>rnodffl</strong></span> 
     </span>
     <span class='ocr_line' id='line_1_31' title="bbox 271 3740 1516 3822; baseline 0.007 -21"><span class='ocrx_word' id='word_1_292' title='bbox 271 3740 422 3819; x_wconf 89' lang='lat' dir='ltr'><strong>competit.</strong></span> <span class='ocrx_word' id='word_1_293' title='bbox 466 3740 540 3800; x_wconf 84' lang='lat' dir='ltr'><strong>Caro</strong></span> <span class='ocrx_word' id='word_1_294' title='bbox 564 3741 642 3800; x_wconf 92' lang='lat' dir='ltr'><strong>enim</strong></span> <span class='ocrx_word' id='word_1_295' title='bbox 665 3747 732 3801; x_wconf 89' lang='lat' dir='ltr'><strong>ante</strong></span> <span class='ocrx_word' id='word_1_296' title='bbox 755 3758 864 3817; x_wconf 88' lang='lat' dir='ltr'><strong>corpus</strong></span> <span class='ocrx_word' id='word_1_297' title='bbox 886 3758 972 3818; x_wconf 91' lang='lat' dir='ltr'><strong>quam</strong></span> <span class='ocrx_word' id='word_1_298' title='bbox 995 3742 1120 3804; x_wconf 91' lang='lat' dir='ltr'><strong>animale</strong></span> <span class='ocrx_word' id='word_1_299' title='bbox 1142 3762 1262 3822; x_wconf 86' lang='lat' dir='ltr'><strong>corpus.</strong></span> <span class='ocrx_word' id='word_1_300' title='bbox 1310 3740 1516 3809; x_wconf 51' lang='lat' dir='ltr'><strong>Animatfl</strong></span> 
     </span>
     <span class='ocr_line' id='line_1_32' title="bbox 273 3839 1511 3927; baseline 0.008 -27"><span class='ocrx_word' id='word_1_301' title='bbox 273 3840 351 3900; x_wconf 89' lang='lat' dir='ltr'><strong>enim</strong></span> <span class='ocrx_word' id='word_1_302' title='bbox 378 3846 485 3917; x_wconf 86' lang='lat' dir='ltr'><strong>postea</strong></span> <span class='ocrx_word' id='word_1_303' title='bbox 516 3839 591 3899; x_wconf 88' lang='lat' dir='ltr'><strong>lacta</strong></span> <span class='ocrx_word' id='word_1_304' title='bbox 619 3850 664 3900; x_wconf 89' lang='lat' dir='ltr'><strong>est</strong></span> <span class='ocrx_word' id='word_1_305' title='bbox 693 3858 802 3920; x_wconf 89' lang='lat' dir='ltr'><strong>eorpus</strong></span> <span class='ocrx_word' id='word_1_306' title='bbox 824 3840 957 3902; x_wconf 91' lang='lat' dir='ltr'><strong>animale.</strong></span> <span class='ocrx_word' id='word_1_307' title='bbox 1010 3842 1113 3904; x_wconf 77' lang='lat' dir='ltr'><strong>Anima</strong></span> <span class='ocrx_word' id='word_1_308' title='bbox 1141 3862 1211 3903; x_wconf 82' lang='lat' dir='ltr'><strong>vero</strong></span> <span class='ocrx_word' id='word_1_309' title='bbox 1240 3844 1297 3905; x_wconf 86' lang='lat' dir='ltr'><strong>etsi</strong></span> <span class='ocrx_word' id='word_1_310' title='bbox 1326 3861 1511 3927; x_wconf 62' lang='lat' dir='ltr'><strong>corpus-r</strong></span> 
     </span>
    </p>
   </div>
   <div class='ocr_carea' id='block_1_3' title="bbox 251 3987 1471 4532">
    <p class='ocr_par' dir='ltr' id='par_1_3' title="bbox 272 3987 438 4039">
     <span class='ocr_line' id='line_1_33' title="bbox 272 3987 438 4039; baseline 0 -1"><span class='ocrx_word' id='word_1_311' title='bbox 272 3987 313 4039; x_wconf 84' lang='grc'><strong>39.</strong></span> <span class='ocrx_word' id='word_1_312' title='bbox 333 4004 378 4039; x_wconf 86' lang='lat' dir='ltr'><strong>nac</strong></span> <span class='ocrx_word' id='word_1_313' title='bbox 394 3990 438 4039; x_wconf 78' lang='lat' dir='ltr'><strong>AB.</strong></span> 
     </span>
    </p>

    <p class='ocr_par' dir='ltr' id='par_1_4' title="bbox 251 4056 1471 4532">
     <span class='ocr_line' id='line_1_34' title="bbox 340 4056 1471 4122; baseline 0.011 -16"><span class='ocrx_word' id='word_1_314' title='bbox 340 4056 400 4120; x_wconf 88' lang='lat' dir='ltr'><strong>Cap.</strong></span> <span class='ocrx_word' id='word_1_315' title='bbox 419 4056 479 4105; x_wconf 85' lang='lat' dir='ltr'><strong>Llll.</strong></span> <span class='ocrx_word' id='word_1_316' title='bbox 522 4057 544 4105; x_wconf 90' lang='lat' dir='ltr'><strong>l.</strong></span> <span class='ocrx_word' id='word_1_317' title='bbox 570 4057 637 4106; x_wconf 92' lang='lat' dir='ltr'><strong>illurn</strong></span> <span class='ocrx_word' id='word_1_318' title='bbox 663 4074 767 4108; x_wconf 78' lang='lat' dir='ltr'><strong>acerne</strong></span> <span class='ocrx_word' id='word_1_319' title='bbox 786 4071 886 4112; x_wconf 81' lang='lat' dir='ltr'><strong>avocent</strong></span> <span class='ocrx_word' id='word_1_320' title='bbox 910 4059 1063 4109; x_wconf 82' lang='lat' dir='ltr'><strong>recidivatum</strong></span> <span class='ocrx_word' id='word_1_321' title='bbox 1088 4062 1134 4122; x_wconf 68' lang='lat' dir='ltr'><strong>ed„</strong></span> <span class='ocrx_word' id='word_1_322' title='bbox 1155 4063 1183 4111; x_wconf 87' lang='lat' dir='ltr'><strong>de</strong></span> <span class='ocrx_word' id='word_1_323' title='bbox 1200 4064 1251 4111; x_wconf 85' lang='lat' dir='ltr'><strong>rod.</strong></span> <span class='ocrx_word' id='word_1_324' title='bbox 1270 4064 1471 4117; x_wconf 56' lang='lat' dir='ltr'><strong>tottemrtae</strong></span> 
     </span>
     <span class='ocr_line' id='line_1_35' title="bbox 271 4122 1471 4192; baseline 0.009 -19"><span class='ocrx_word' id='word_1_325' title='bbox 271 4122 337 4173; x_wconf 86' lang='lat' dir='ltr'><strong>illam</strong></span> <span class='ocrx_word' id='word_1_326' title='bbox 357 4139 369 4172; x_wconf 90' lang='lat' dir='ltr'><strong>a</strong></span> <span class='ocrx_word' id='word_1_327' title='bbox 389 4139 460 4173; x_wconf 86' lang='lat' dir='ltr'><strong>carne</strong></span> <span class='ocrx_word' id='word_1_328' title='bbox 479 4133 577 4174; x_wconf 81' lang='lat' dir='ltr'><strong>avocent</strong></span> <span class='ocrx_word' id='word_1_329' title='bbox 595 4126 746 4175; x_wconf 81' lang='lat' dir='ltr'><strong>recidivatam</strong></span> <span class='ocrx_word' id='word_1_330' title='bbox 764 4129 858 4192; x_wconf 76' lang='lat' dir='ltr'><strong>religat.</strong></span> <span class='ocrx_word' id='word_1_331' title='bbox 910 4126 933 4175; x_wconf 83' lang='grc'><strong>2.</strong></span> <span class='ocrx_word' id='word_1_332' title='bbox 952 4127 1120 4177; x_wconf 81' lang='lat' dir='ltr'><strong>exhibitionem</strong></span> <span class='ocrx_word' id='word_1_333' title='bbox 1139 4129 1298 4192; x_wconf 64' lang='lat' dir='ltr'><strong>redemerat.</strong></span> <span class='ocrx_word' id='word_1_334' title='bbox 1335 4135 1471 4183; x_wconf 69' lang='lat' dir='ltr'><strong>canona‘</strong></span> 
     </span>
     <span class='ocr_line' id='line_1_36' title="bbox 272 4190 1468 4251; baseline 0.009 -12"><span class='ocrx_word' id='word_1_335' title='bbox 272 4191 362 4239; x_wconf 86' lang='lat' dir='ltr'><strong>tionem</strong></span> <span class='ocrx_word' id='word_1_336' title='bbox 381 4209 403 4240; x_wconf 89' lang='lat' dir='ltr'><strong>o.</strong></span> <span class='ocrx_word' id='word_1_337' title='bbox 456 4190 479 4240; x_wconf 83' lang='lat'><strong>3.</strong></span> <span class='ocrx_word' id='word_1_338' title='bbox 498 4192 620 4241; x_wconf 88' lang='lat' dir='ltr'><strong>decretum</strong></span> <span class='ocrx_word' id='word_1_339' title='bbox 640 4210 651 4240; x_wconf 88' lang='lat' dir='ltr'><strong>a</strong></span> <span class='ocrx_word' id='word_1_340' title='bbox 671 4195 716 4242; x_wconf 83' lang='lat' dir='ltr'><strong>deo</strong></span> <span class='ocrx_word' id='word_1_341' title='bbox 736 4208 782 4242; x_wconf 88' lang='lat' dir='ltr'><strong>non</strong></span> <span class='ocrx_word' id='word_1_342' title='bbox 802 4202 882 4246; x_wconf 78' lang='lat' dir='ltr'><strong>estA.</strong></span> <span class='ocrx_word' id='word_1_343' title='bbox 923 4193 1045 4243; x_wconf 85' lang='lat' dir='ltr'><strong>decretum</strong></span> <span class='ocrx_word' id='word_1_344' title='bbox 1065 4210 1112 4244; x_wconf 90' lang='lat' dir='ltr'><strong>non</strong></span> <span class='ocrx_word' id='word_1_345' title='bbox 1133 4197 1263 4246; x_wconf 85' lang='lat' dir='ltr'><strong>estadeo</strong></span> <span class='ocrx_word' id='word_1_346' title='bbox 1282 4198 1308 4248; x_wconf 87' lang='lat' dir='ltr'><strong>B.</strong></span> <span class='ocrx_word' id='word_1_347' title='bbox 1364 4202 1468 4251; x_wconf 60' lang='grc' dir='ltr'><strong>ιον</strong></span> 
     </span>
     <span class='ocr_line' id='line_1_37' title="bbox 271 4261 1454 4333; baseline 0.008 -27"><span class='ocrx_word' id='word_1_348' title='bbox 271 4271 371 4318; x_wconf 84' lang='lat' dir='ltr'><strong>surgere</strong></span> <span class='ocrx_word' id='word_1_349' title='bbox 390 4261 440 4307; x_wconf 79' lang='lat' dir='ltr'><strong>bed.</strong></span> <span class='ocrx_word' id='word_1_350' title='bbox 476 4275 623 4321; x_wconf 86' lang='lat' dir='ltr'><strong>consurgere</strong></span> <span class='ocrx_word' id='word_1_351' title='bbox 642 4263 735 4325; x_wconf 80' lang='lat' dir='ltr'><strong>reliqui.</strong></span> <span class='ocrx_word' id='word_1_352' title='bbox 788 4261 811 4310; x_wconf 73' lang='lat'><strong>5.</strong></span> <span class='ocrx_word' id='word_1_353' title='bbox 831 4263 854 4311; x_wconf 93' lang='lat' dir='ltr'><strong>in</strong></span> <span class='ocrx_word' id='word_1_354' title='bbox 873 4262 1035 4325; x_wconf 90' lang='lat' dir='ltr'><strong>corruptelam</strong></span> <span class='ocrx_word' id='word_1_355' title='bbox 1054 4262 1097 4312; x_wconf 77' lang='lat' dir='ltr'><strong>AB.</strong></span> <span class='ocrx_word' id='word_1_356' title='bbox 1145 4262 1169 4312; x_wconf 86' lang='grc'><strong>6.</strong></span> <span class='ocrx_word' id='word_1_357' title='bbox 1188 4263 1278 4313; x_wconf 86' lang='lat' dir='ltr'><strong>Lasaro</strong></span> <span class='ocrx_word' id='word_1_358' title='bbox 1297 4268 1324 4316; x_wconf 76' lang='lat' dir='ltr'><strong>A.</strong></span> <span class='ocrx_word' id='word_1_359' title='bbox 1352 4268 1454 4333; x_wconf 67' lang='lat' dir='ltr'><strong>nareae.</strong></span> 
     </span>
     <span class='ocr_line' id='line_1_38' title="bbox 251 4324 1450 4394; baseline 0.008 -22"><span class='ocrx_word' id='word_1_360' title='bbox 251 4324 295 4373; x_wconf 77' lang='lat' dir='ltr'><strong>·¹l.</strong></span> <span class='ocrx_word' id='word_1_361' title='bbox 316 4327 433 4386; x_wconf 88' lang='lat' dir='ltr'><strong>putuitd.</strong></span> <span class='ocrx_word' id='word_1_362' title='bbox 478 4327 568 4388; x_wconf 89' lang='lat' dir='ltr'><strong>putruit</strong></span> <span class='ocrx_word' id='word_1_363' title='bbox 585 4329 678 4391; x_wconf 74' lang='lat' dir='ltr'><strong>reliqui.</strong></span> <span class='ocrx_word' id='word_1_364' title='bbox 739 4327 762 4376; x_wconf 81' lang='lat'><strong>8.</strong></span> <span class='ocrx_word' id='word_1_365' title='bbox 781 4329 825 4377; x_wconf 84' lang='lat' dir='ltr'><strong>sed</strong></span> <span class='ocrx_word' id='word_1_366' title='bbox 852 4331 948 4394; x_wconf 86' lang='lat' dir='ltr'><strong>quidem</strong></span> <span class='ocrx_word' id='word_1_367' title='bbox 975 4331 1155 4392; x_wconf 71' lang='lat' dir='ltr'><strong>incorruptas.</strong></span> <span class='ocrx_word' id='word_1_368' title='bbox 1208 4330 1231 4380; x_wconf 80' lang='lat' dir='ltr'><strong>a.</strong></span> <span class='ocrx_word' id='word_1_369' title='bbox 1251 4331 1366 4384; x_wconf 77' lang='lat' dir='ltr'><strong>salusa.</strong></span> <span class='ocrx_word' id='word_1_370' title='bbox 1410 4334 1450 4384; x_wconf 81' lang='lat' dir='ltr'><strong>ld.</strong></span> 
     </span>
     <span class='ocr_line' id='line_1_39' title="bbox 270 4391 1450 4457; baseline 0.01 -17"><span class='ocrx_word' id='word_1_371' title='bbox 270 4391 395 4455; x_wconf 84' lang='lat' dir='ltr'><strong>spirituale</strong></span> <span class='ocrx_word' id='word_1_372' title='bbox 414 4394 437 4442; x_wconf 82' lang='lat' dir='ltr'><strong>u.</strong></span> <span class='ocrx_word' id='word_1_373' title='bbox 467 4394 560 4457; x_wconf 71' lang='lat' dir='ltr'><strong>Utique,</strong></span> <span class='ocrx_word' id='word_1_374' title='bbox 616 4393 643 4442; x_wconf 91' lang='lat' dir='ltr'><strong>ll</strong></span> <span class='ocrx_word' id='word_1_375' title='bbox 672 4393 789 4456; x_wconf 88' lang='lat' dir='ltr'><strong>intelligat</strong></span> <span class='ocrx_word' id='word_1_376' title='bbox 807 4412 827 4446; x_wconf 85' lang='lat' dir='ltr'><strong>e.</strong></span> <span class='ocrx_word' id='word_1_377' title='bbox 890 4396 927 4445; x_wconf 83' lang='grc'><strong>12.</strong></span> <span class='ocrx_word' id='word_1_378' title='bbox 947 4398 1018 4445; x_wconf 84' lang='lat' dir='ltr'><strong>viram</strong></span> <span class='ocrx_word' id='word_1_379' title='bbox 1037 4396 1093 4446; x_wconf 79' lang='lat' dir='ltr'><strong>rae.</strong></span> <span class='ocrx_word' id='word_1_380' title='bbox 1112 4404 1158 4446; x_wconf 83' lang='lat' dir='ltr'><strong>tres</strong></span> <span class='ocrx_word' id='word_1_381' title='bbox 1175 4399 1285 4448; x_wconf 81' lang='lat' dir='ltr'><strong>Vaticani.</strong></span> <span class='ocrx_word' id='word_1_382' title='bbox 1330 4404 1450 4451; x_wconf 75' lang='lat' dir='ltr'><strong>virentem</strong></span> 
     </span>
     <span class='ocr_line' id='line_1_40' title="bbox 269 4458 1445 4532; baseline 0.007 -25"><span class='ocrx_word' id='word_1_383' title='bbox 269 4459 362 4523; x_wconf 71' lang='lat' dir='ltr'><strong>religari.</strong></span> <span class='ocrx_word' id='word_1_384' title='bbox 417 4458 446 4508; x_wconf 81' lang='grc'><strong>13</strong></span> <span class='ocrx_word' id='word_1_385' title='bbox 474 4462 577 4509; x_wconf 86' lang='lat' dir='ltr'><strong>anirnarn</strong></span> <span class='ocrx_word' id='word_1_386' title='bbox 601 4463 743 4523; x_wconf 72' lang='lat' dir='ltr'><strong>rivamepo.</strong></span> <span class='ocrx_word' id='word_1_387' title='bbox 790 4463 893 4512; x_wconf 89' lang='lat' dir='ltr'><strong>animam</strong></span> <span class='ocrx_word' id='word_1_388' title='bbox 912 4466 953 4514; x_wconf 79' lang='lat' dir='ltr'><strong>Ad.</strong></span> <span class='ocrx_word' id='word_1_389' title='bbox 998 4464 1102 4512; x_wconf 89' lang='lat' dir='ltr'><strong>animam</strong></span> <span class='ocrx_word' id='word_1_390' title='bbox 1126 4465 1240 4513; x_wconf 82' lang='lat' dir='ltr'><strong>uirentem</strong></span> <span class='ocrx_word' id='word_1_391' title='bbox 1265 4469 1361 4532; x_wconf 77' lang='lat' dir='ltr'><strong>rettqat.</strong></span> <span class='ocrx_word' id='word_1_392' title='bbox 1409 4469 1445 4518; x_wconf 71' lang='lat' dir='ltr'><strong>ld.</strong></span> 
     </span>
    </p>
   </div>
   <div class='ocr_carea' id='block_1_4' title="bbox 271 4526 1490 4646">
    <p class='ocr_par' dir='ltr' id='par_1_5' title="bbox 271 4526 1490 4646">
     <span class='ocr_line' id='line_1_41' title="bbox 271 4526 1490 4597; baseline 0.008 -22"><span class='ocrx_word' id='word_1_393' title='bbox 271 4526 341 4575; x_wconf 81' lang='lat' dir='ltr'><strong>Facta</strong></span> <span class='ocrx_word' id='word_1_394' title='bbox 360 4540 435 4589; x_wconf 88' lang='lat' dir='ltr'><strong>porro</strong></span> <span class='ocrx_word' id='word_1_395' title='bbox 455 4527 477 4574; x_wconf 89' lang='lat' dir='ltr'><strong>in</strong></span> <span class='ocrx_word' id='word_1_396' title='bbox 503 4527 605 4576; x_wconf 88' lang='lat' dir='ltr'><strong>aniuram</strong></span> <span class='ocrx_word' id='word_1_397' title='bbox 625 4531 648 4577; x_wconf 92' lang='lat' dir='ltr'><strong>d.</strong></span> <span class='ocrx_word' id='word_1_398' title='bbox 691 4529 766 4577; x_wconf 79' lang='lat' dir='ltr'><strong>Porro</strong></span> <span class='ocrx_word' id='word_1_399' title='bbox 792 4530 922 4580; x_wconf 85' lang='lat' dir='ltr'><strong>inanimum</strong></span> <span class='ocrx_word' id='word_1_400' title='bbox 948 4533 1001 4580; x_wconf 88' lang='lat' dir='ltr'><strong>edd.</strong></span> <span class='ocrx_word' id='word_1_401' title='bbox 1020 4532 1116 4581; x_wconf 83' lang='lat' dir='ltr'><strong>Scmlerr&#39;</strong></span> <span class='ocrx_word' id='word_1_402' title='bbox 1141 4538 1162 4581; x_wconf 87' lang='lat' dir='ltr'><strong>et</strong></span> <span class='ocrx_word' id='word_1_403' title='bbox 1179 4533 1300 4597; x_wconf 77' lang='lat' dir='ltr'><strong>leopoldi,</strong></span> <span class='ocrx_word' id='word_1_404' title='bbox 1329 4537 1445 4587; x_wconf 75' lang='lat' dir='ltr'><strong>mendose</strong></span> <span class='ocrx_word' id='word_1_405' title='bbox 1485 4534 1490 4545; x_wconf 94' lang='lat'>&#39;</span> 
     </span>
     <span class='ocr_line' id='line_1_42' title="bbox 272 4592 795 4646; baseline 0.004 -4"><span class='ocrx_word' id='word_1_406' title='bbox 272 4593 312 4643; x_wconf 81' lang='lat'><strong>15.</strong></span> <span class='ocrx_word' id='word_1_407' title='bbox 330 4592 360 4642; x_wconf 90' lang='lat' dir='ltr'><strong>ad</strong></span> <span class='ocrx_word' id='word_1_408' title='bbox 379 4593 482 4642; x_wconf 87' lang='lat' dir='ltr'><strong>animale</strong></span> <span class='ocrx_word' id='word_1_409' title='bbox 501 4594 558 4643; x_wconf 77' lang='lat' dir='ltr'><strong>aco.</strong></span> <span class='ocrx_word' id='word_1_410' title='bbox 612 4595 651 4644; x_wconf 81' lang='lat' dir='ltr'><strong>tt.</strong></span> <span class='ocrx_word' id='word_1_411' title='bbox 669 4596 757 4646; x_wconf 83' lang='lat' dir='ltr'><strong>uellent</strong></span> <span class='ocrx_word' id='word_1_412' title='bbox 774 4599 795 4646; x_wconf 83' lang='lat' dir='ltr'><strong>d.</strong></span> 
     </span>
    </p>
   </div>
   <div class='ocr_carea' id='block_1_5' title="bbox 271 4726 1447 4933">
    <p class='ocr_par' dir='ltr' id='par_1_6' title="bbox 271 4726 1447 4933">
     <span class='ocr_line' id='line_1_43' title="bbox 305 4726 1278 4796; baseline 0.004 -19"><span class='ocrx_word' id='word_1_413' title='bbox 305 4726 434 4790; x_wconf 70' lang='lat' dir='ltr'><strong>Capilli.</strong></span> <span class='ocrx_word' id='word_1_414' title='bbox 467 4741 489 4774; x_wconf 93' lang='lat' dir='ltr'><strong>a.</strong></span> <span class='ocrx_word' id='word_1_415' title='bbox 508 4741 580 4775; x_wconf 85' lang='lat' dir='ltr'><strong>corne</strong></span> <span class='ocrx_word' id='word_1_416' title='bbox 598 4738 697 4778; x_wconf 80' lang='lat' dir='ltr'><strong>avocent</strong></span> <span class='ocrx_word' id='word_1_417' title='bbox 715 4729 832 4779; x_wconf 81' lang='lat' dir='ltr'><strong>recidiua·</strong></span> <span class='ocrx_word' id='word_1_418' title='bbox 884 4726 1007 4796; x_wconf 82' lang='lat' dir='ltr'><strong>exemplo]</strong></span> <span class='ocrx_word' id='word_1_419' title='bbox 1026 4733 1062 4782; x_wconf 78' lang='lat' dir='ltr'><strong>Cf.</strong></span> <span class='ocrx_word' id='word_1_420' title='bbox 1080 4747 1154 4796; x_wconf 90' lang='lat' dir='ltr'><strong>supra</strong></span> <span class='ocrx_word' id='word_1_421' title='bbox 1173 4731 1278 4796; x_wconf 81' lang='lat' dir='ltr'><strong>eap.38.</strong></span> 
     </span>
     <span class='ocr_line' id='line_1_44' title="bbox 271 4792 1447 4869; baseline 0.009 -26"><span class='ocrx_word' id='word_1_422' title='bbox 271 4792 341 4857; x_wconf 74' lang='lat' dir='ltr'><strong>tunt]</strong></span> <span class='ocrx_word' id='word_1_423' title='bbox 358 4795 386 4844; x_wconf 90' lang='lat' dir='ltr'><strong>Ut</strong></span> <span class='ocrx_word' id='word_1_424' title='bbox 405 4793 484 4842; x_wconf 84' lang='lat' dir='ltr'><strong>carnis</strong></span> <span class='ocrx_word' id='word_1_425' title='bbox 503 4797 705 4845; x_wconf 83' lang='lat' dir='ltr'><strong>resurrectionem</strong></span> <span class='ocrx_word' id='word_1_426' title='bbox 724 4798 831 4846; x_wconf 80' lang='lat' dir='ltr'><strong>vitarent.</strong></span> <span class='ocrx_word' id='word_1_427' title='bbox 918 4815 938 4847; x_wconf 90' lang='lat' dir='ltr'><strong>c.</strong></span> <span class='ocrx_word' id='word_1_428' title='bbox 967 4815 1023 4849; x_wconf 85' lang='lat' dir='ltr'><strong>caro</strong></span> <span class='ocrx_word' id='word_1_429' title='bbox 1048 4808 1126 4849; x_wconf 89' lang='lat' dir='ltr'><strong>autem</strong></span> <span class='ocrx_word' id='word_1_430' title='bbox 1152 4800 1224 4849; x_wconf 87' lang='lat' dir='ltr'><strong>lromo</strong></span> <span class='ocrx_word' id='word_1_431' title='bbox 1248 4808 1305 4851; x_wconf 84' lang='lat' dir='ltr'><strong>ante</strong></span> <span class='ocrx_word' id='word_1_432' title='bbox 1330 4798 1447 4869; x_wconf 72' lang='lat' dir='ltr'><strong>animant}</strong></span> 
     </span>
     <span class='ocr_line' id='line_1_45' title="bbox 304 4862 1352 4933; baseline 0.01 -23"><span class='ocrx_word' id='word_1_433' title='bbox 304 4862 329 4912; x_wconf 79' lang='lat' dir='ltr'><strong>lt.</strong></span> <span class='ocrx_word' id='word_1_434' title='bbox 362 4862 465 4929; x_wconf 33' lang='lat' dir='ltr'><strong>Lazaro,</strong></span> <span class='ocrx_word' id='word_1_435' title='bbox 482 4863 612 4925; x_wconf 87' lang='lat' dir='ltr'><strong>praecipuo</strong></span> <span class='ocrx_word' id='word_1_436' title='bbox 645 4865 832 4914; x_wconf 84' lang='lat' dir='ltr'><strong>resurrectionis</strong></span> <span class='ocrx_word' id='word_1_437' title='bbox 884 4866 1010 4916; x_wconf 81' lang='lat' dir='ltr'><strong>Notarcrat</strong></span> <span class='ocrx_word' id='word_1_438' title='bbox 1029 4867 1075 4917; x_wconf 87' lang='lat' dir='ltr'><strong>hoc</strong></span> <span class='ocrx_word' id='word_1_439' title='bbox 1093 4868 1148 4918; x_wconf 86' lang='lat' dir='ltr'><strong>item</strong></span> <span class='ocrx_word' id='word_1_440' title='bbox 1168 4882 1243 4932; x_wconf 87' lang='lat' dir='ltr'><strong>snpra</strong></span> <span class='ocrx_word' id='word_1_441' title='bbox 1261 4870 1352 4933; x_wconf 70' lang='lat' dir='ltr'><strong>capia.</strong></span> 
     </span>
    </p>
   </div>
   <div class='ocr_carea' id='block_1_6' title="bbox 0 0 1626 5775">
    <p class='ocr_par' dir='ltr' id='par_1_7' title="bbox 0 0 1626 5775">
     <span class='ocr_line' id='line_1_46' title="bbox 0 0 1626 5775; baseline 0 0"><span class='ocrx_word' id='word_1_442' title='bbox 0 0 1626 5775; x_wconf 95' lang='lat' dir='ltr'><strong> </strong></span> 
     </span>
    </p>
   </div>
  </div>
 </body>
</html>
