3242 5775
295 624 360 688 tot
404 617 661 691 oomrt'asrruut
682 636 847 681 reoneurts
869 635 1067 682 retruserant
1088 637 1126 679 oe
1150 638 1242 681 caune
1266 639 1315 680 cua

295 790 430 869 vaginam
451 795 589 867 exempto
612 786 731 849 Christo
754 781 957 860 sedere,'aut
984 786 1034 866 qui
1061 777 1180 847 oa'rnem
1203 797 1234 849 et
1255 789 1315 849 unit

297 890 437 963 tundent,
460 898 511 950 aut
531 888 737 950 tantummodo
760 888 902 961 animam,
926 906 1043 949 carnem
1065 895 1140 949 rero‘
1160 908 1220 949 non
1242 891 1311 950 iam.

164 1010 287 1070 oapxxv.
385 991 444 1052 Sed
466 990 609 1051 haetenus
631 989 669 1050 de
691 988 812 1050 materia
835 979 994 1067 praesenti.
1042 990 1120 1050 Satis
1143 990 1219 1050 iam³
1243 993 1315 1051 euim

296 1093 472 1156 instructam
496 1109 565 1152 esse
586 1090 684 1152 carnis
707 1089 738 1149 in
760 1089 880 1150 Christo
909 1098 939 1151 et
967 1108 1000 1151 ex
1024 1090 1137 1168 virgine
1166 1097 1251 1153 natae
1275 1101 1305 1152 et

297 1193 514 1274 probationem.
560 1189 648 1262 Quod
671 1197 701 1250 et
721 1191 821 1251 solum
843 1190 1013 1252 discussum
1035 1192 1172 1253 sufficere
1194 1194 1315 1272 potuiss·

297 1294 481 1374 singularum
509 1309 546 1353 ex
566 1290 704 1353 'diverso
731 1292 907 1370 opinionum
934 1293 1179 1371 congressionem
1208 1313 1295 1373 quam

297 1394 529 1459 mentationibus
552 1411 652 1454 earum
675 1402 705 1455 et
726 1392 900 1472 scripturis,
930 1393 1037 1472 quibus
1065 1402 1201 1465 utuntur,
1230 1395 1315 1473 ³prot

298 1515 336 1560 ex
356 1493 533 1567 abundanti,
556 1495 599 1555 uti
622 1512 658 1554 eo
681 1494 761 1575 qnod
780 1493 975 1573 probavimus
997 1495 1066 1573 quid
1089 1503 1119 1555 et
1144 1495 1221 1555 unde
1243 1496 1315 1556 itreri

299 1615 367 1661 caro
390 1595 477 1676 ‘quid
496 1581 560 1655 'non
583 1594 673 1656 fuerit
695 1594 838 1680 adversus
861 1613 967 1655 omnes
989 1595 1316 1675 ‘praeiudicaverimus

299 1707 359 1761 tem
380 1696 557 1760 'clausulam
579 1695 616 1756 de
631 1696 816 1774 praefatione
829 1698 1000 1757 communib
1016 1698 1102 1758 faciat
1122 1697 1315 1757 ‘resurreetio

297 1800 395 1863 earnis
416 1798 473 1860 alio
496 1795 595 1858 libello
618 1796 818 1870 defendenda,
847 1798 896 1858 hie
922 1797 1043 1858 habebit
1063 1800 1315 1876 praestructiones

297 1903 394 1964 iesto⁰
415 1900 473 1961 iam
496 1898 582 1978 quale
603 1898 694 1959 tuerit
715 1898 796 1977 quod
817 1898 848 1958 iu
871 1898 999 1960 Christo.
1013 1899 1210 1960 ¹⁰resurrexit.

367 2052 425 2117 Cap.
444 2050 509 2101 XXV.
545 2051 767 2114 1.cttraam9teu.
803 2051 847 2100 aad
866 2052 924 2101 citra
939 2051 981 2101 cta.
1001 2053 1276 2101 roddriiirruuur'omnes.
1312 2070 1315 2099 ε

298 2120 322 2171 2.
341 2119 441 2171 adverso
461 2118 484 2168 d.
541 2116 565 2167 3.
589 2132 749 2182 prorocamut
772 2118 798 2168 B.
843 2119 1027 2182 pronuntiamus
1048 2118 1071 2167 G.
1124 2120 1147 2168 4.
1174 2135 1228 2168 caro
1254 2120 1315 2167 Chris

252 2189 255 2202 '
298 2189 356 2254 quid
374 2196 398 2239 et
413 2201 463 2248 non
482 2187 507 2236 B.
552 2185 576 2236 6.
595 2186 840 2249 praeiudicaverimus
858 2187 935 2246 (ectr.
970 2185 1162 2249 praecaverimus
1180 2189 1212 2248 d.,
1234 2204 1315 2236 eremi

299 2256 384 2306 Ursini.
419 2255 638 2320 praedicaverimus
655 2255 748 2319 reliqui.
806 2254 830 2304 7.
850 2254 983 2304 clausuiam
1002 2245 1237 2304 Bcdfi’atirauorum
1255 2271 1315 2303 uuus

296 2325 390 2389 reliqui.
441 2321 467 2372 8.
490 2322 693 2372 resurrectionem
718 2322 741 2372 d.
793 2320 818 2371 9.
844 2321 923 2372 earnis
948 2330 1045 2372 nostrae
1069 2324 1104 2371 ed.
1165 2322 1203 2372 to.
1230 2310 1315 2371 resurr?

240 2385 244 2393 ’
296 2392 453 2468 neruiutep.
489 2389 649 2439 resurrexerit
664 2390 693 2438 ii.

298 2523 520 2592 ctoroJunduntort
540 2522 645 2572 namatii
664 2537 761 2572 carnem
780 2522 859 2573 solum
910 2523 974 2583 „Qui
993 2521 1064 2572 tidem
1083 2525 1312 2572 resurrectionis—

296 2593 322 2643 in
337 2592 404 2642 coeio
423 2598 487 2640 extra
505 2591 620 2640 unionum
644 2590 799 2654 personalem
818 2606 860 2639 se·
910 2591 1027 2654 quietare,
1046 2616 1077 2632 -ν-
1098 2595 1182 2640 merito
1197 2593 1286 2642 Christi
1305 2609 1315 2657 q

298 2661 355 2709 dere
372 2659 503 2717 somniant,
527 2657 567 2707 alii
592 2672 688 2707 earnem
713 2666 736 2706 et
754 2659 859 2708 animam
910 2659 1162 2721 nemquaestiouibus
1180 2661 1315 2710 distrahunt

296 2726 379 2786 simui,
397 2725 437 2775 aiii
456 2724 559 2789 deniqne
569 2725 647 2775 sotum
657 2726 760 2775 animam
773 2725 859 2790 ipsius.
910 2724 1025 2774 tiberne
1044 2726 1122 2775 Carne
1141 2728 1228 2776 Christi
1253 2737 1288 2777 ost
1313 2744 1315 2790 p

297 2795 347 2855 (Fr.
359 2794 462 2853 laniae.)
911 2793 963 2842 eius
981 2794 1021 2857 qui
1041 2793 1086 2842 iam
1099 2797 1208 2858 sequitur
1227 2804 1249 2845 ot
1266 2797 1315 2845 ciau

330 2895 389 2960 cap.
407 2893 471 2944 xxv.
503 2909 526 2943 a.
544 2894 608 2943 suu
626 2888 686 2959 tam]
705 2894 802 2955 vatem
821 2894 859 2944 at·
911 2860 1315 2980 iisiiiniiiiiissis⁰⁰⁰⁰⁰⁰¹¹⁰

296 2963 393 3013 eductio
412 2968 477 3010 arat:
498 2961 693 3023 „Sedhactenua
711 2961 741 3011 de
760 2964 860 3013 materia
1051 3000 1055 3008 ,
1190 2969 1206 3008 ,·
1272 2990 1284 3008 „

296 3031 420 3094 praesenti
430 3029 498 3078 setis.
515 3028 649 3078 lam“eett.
676 3029 759 3079 Possit
772 3031 860 3079 etiam:
947 3013 967 3045 ⁰·
992 2992 1133 3063 11ῃῦῑῖθθῑθ]
1157 2995 1245 3057 Δηλθῡ
1269 3013 1315 3046 Μ

300 3097 367 3160 „Sed
391 3098 515 3147 merem,
556 3096 591 3148 ῃ,
615 3097 714 3147 ..Μὴ
737 3099 861 3162 'mmm
912 3065 989 3191 pop-l
1012 3066 1104 3142 dixerat
1131 3068 1239 3125 „Veritas
1258 3077 1313 3131 etq

299 3166 367 3217 mig,
397 3164 466 3215 {mu
484 3172 539 3214 ceu·
922 3135 1059 3192 secururs)
1077 3141 1201 3193 tractatur,
1221 3150 1249 3183 an
1269 3137 1315 3184 suet

912 3201 993 3260 tuerit,
1012 3209 1036 3249 at
1053 3203 1186 3253 cuiusmodi
1204 3204 1284 3252 tuerit.

333 3266 358 3317 b.
377 3266 406 3317 de
423 3265 573 3331 praefatione
587 3263 721 3329 communi]
738 3266 862 3328 Significat
913 3269 964 3317 eius
983 3269 1048 3318 dabit
1067 3270 1143 3331 legem
1163 3279 1259 3319 nostrae
1272 3286 1311 3320 res

299 3333 342 3385 illa
360 3349 421 3400 quaa
439 3334 507 3385 initio
525 3332 596 3383 huius
611 3333 721 3399 opuaenii
733 3335 861 3397 leguntur:
913 3336 949 3385 Ci.
969 3337 1039 3386 otiam
1059 3337 1092 3386 De
1110 3338 1207 3388 dosurr.
1227 3338 1312 3389 Carnis
