<?xml version="1.0" encoding="UTF-8"?>
<!DOCTYPE html PUBLIC "-//W3C//DTD XHTML 1.0 Transitional//EN"
    "http://www.w3.org/TR/xhtml1/DTD/xhtml1-transitional.dtd">
<html xmlns="http://www.w3.org/1999/xhtml" xml:lang="en" lang="en">
 <head>
  <title>
</title>
<meta http-equiv="Content-Type" content="text/html;charset=utf-8" />
  <meta name='ocr-system' content='tesseract 3.04.00' />
  <meta name='ocr-capabilities' content='ocr_page ocr_carea ocr_par ocr_line ocrx_word'/>
</head>
<body>
  <div class='ocr_page' id='page_1' title='image "./quaesupersuntom00oehlgoog_0472.png"; bbox 0 0 3242 5775; ppageno 0'>
   <div class='ocr_carea' id='block_1_1' title="bbox 734 1236 798 1302">
    <p class='ocr_par' dir='ltr' id='par_1_1' title="bbox 734 1236 798 1302">
     <span class='ocr_line' id='line_1_1' title="bbox 734 1236 798 1302; baseline 0.016 -1"><span class='ocrx_word' id='word_1_1' title='bbox 734 1236 798 1302; x_wconf 86' lang='lat' dir='ltr'><strong>DE</strong></span> 
     </span>
    </p>
   </div>
   <div class='ocr_carea' id='block_1_2' title="bbox 176 1439 1365 1578">
    <p class='ocr_par' dir='ltr' id='par_1_2' title="bbox 176 1439 1365 1578">
     <span class='ocr_line' id='line_1_2' title="bbox 176 1439 1365 1578; baseline 0.021 -28"><span class='ocrx_word' id='word_1_2' title='bbox 176 1439 946 1561; x_wconf 78' lang='lat' dir='ltr'>RESURRECTIONE</span> <span class='ocrx_word' id='word_1_3' title='bbox 1001 1450 1365 1578; x_wconf 84' lang='lat' dir='ltr'><strong>CARNIS.</strong></span> 
     </span>
    </p>
   </div>
   <div class='ocr_carea' id='block_1_3' title="bbox 608 1714 928 1730">
    <p class='ocr_par' dir='ltr' id='par_1_3' title="bbox 608 1714 928 1730">
     <span class='ocr_line' id='line_1_3' title="bbox 608 1714 928 1730; baseline 0.013 -5"><span class='ocrx_word' id='word_1_4' title='bbox 608 1714 928 1730; x_wconf 48' lang='grc' dir='ltr'>...ιιι-..Ἢ</span> 
     </span>
    </p>
   </div>
   <div class='ocr_carea' id='block_1_4' title="bbox 268 1913 1455 2049">
    <p class='ocr_par' dir='ltr' id='par_1_4' title="bbox 268 1913 1455 2049">
     <span class='ocr_line' id='line_1_4' title="bbox 268 1913 1455 2049; baseline 0.018 -47"><span class='ocrx_word' id='word_1_5' title='bbox 268 1913 396 2005; x_wconf 79' lang='lat' dir='ltr'>Fiducia</span> <span class='ocrx_word' id='word_1_6' title='bbox 412 1943 646 2007; x_wconf 86' lang='lat' dir='ltr'><strong>Christianorum</strong></span> <span class='ocrx_word' id='word_1_7' title='bbox 668 1947 849 2010; x_wconf 89' lang='lat' dir='ltr'><strong>resurrectio</strong></span> <span class='ocrx_word' id='word_1_8' title='bbox 873 1957 1068 2015; x_wconf 87' lang='lat' dir='ltr'><strong>mortuorum.</strong></span> <span class='ocrx_word' id='word_1_9' title='bbox 1108 1952 1174 2018; x_wconf 83' lang='lat' dir='ltr'><strong>&#39;llla</strong></span> <span class='ocrx_word' id='word_1_10' title='bbox 1196 1954 1352 2022; x_wconf 79' lang='lat' dir='ltr'><strong>neamus</strong></span> <span class='ocrx_word' id='word_1_11' title='bbox 1370 1978 1455 2049; x_wconf 55' lang='lat' dir='ltr'><strong>cept.</strong></span> 
     </span>
    </p>
   </div>
   <div class='ocr_carea' id='block_1_5' title="bbox 162 2044 1362 3135">
    <p class='ocr_par' dir='ltr' id='par_1_5' title="bbox 162 2044 1362 3135">
     <span class='ocr_line' id='line_1_5' title="bbox 179 2044 1352 2134; baseline 0.015 -31"><span class='ocrx_word' id='word_1_12' title='bbox 179 2062 295 2105; x_wconf 88' lang='lat' dir='ltr'><strong>sumus.</strong></span> <span class='ocrx_word' id='word_1_13' title='bbox 345 2044 408 2106; x_wconf 91' lang='lat' dir='ltr'><strong>lloc</strong></span> <span class='ocrx_word' id='word_1_14' title='bbox 436 2045 575 2107; x_wconf 82' lang='lat' dir='ltr'><strong>eredere·</strong></span> <span class='ocrx_word' id='word_1_15' title='bbox 604 2047 711 2110; x_wconf 71' lang='lat' dir='ltr'><strong>verius</strong></span> <span class='ocrx_word' id='word_1_16' title='bbox 740 2048 834 2126; x_wconf 84' lang='lat' dir='ltr'><strong>cogit,</strong></span> <span class='ocrx_word' id='word_1_17' title='bbox 869 2050 1021 2113; x_wconf 69' lang='lat' dir='ltr'><strong>remmam</strong></span> <span class='ocrx_word' id='word_1_18' title='bbox 1051 2051 1125 2117; x_wconf 87' lang='lat' dir='ltr'><strong>deus</strong></span> <span class='ocrx_word' id='word_1_19' title='bbox 1154 2057 1265 2134; x_wconf 82' lang='lat' dir='ltr'><strong>aperit,</strong></span> <span class='ocrx_word' id='word_1_20' title='bbox 1297 2058 1352 2122; x_wconf 78' lang='lat' dir='ltr'><strong>aad</strong></span> 
     </span>
     <span class='ocr_line' id='line_1_6' title="bbox 162 2143 1351 2229; baseline 0.013 -25"><span class='ocrx_word' id='word_1_21' title='bbox 162 2144 282 2223; x_wconf 77' lang='lat' dir='ltr'><strong>&#39;vulgus</strong></span> <span class='ocrx_word' id='word_1_22' title='bbox 305 2143 430 2218; x_wconf 79' lang='lat' dir='ltr'>inridet,</span> <span class='ocrx_word' id='word_1_23' title='bbox 453 2146 626 2208; x_wconf 87' lang='lat' dir='ltr'><strong>existimans</strong></span> <span class='ocrx_word' id='word_1_24' title='bbox 648 2147 721 2209; x_wconf 86' lang='lat' dir='ltr'><strong>nihil</strong></span> <span class='ocrx_word' id='word_1_25' title='bbox 743 2166 903 2227; x_wconf 80' lang='lat' dir='ltr'><strong>superesse</strong></span> <span class='ocrx_word' id='word_1_26' title='bbox 925 2159 1153 2229; x_wconf 86' lang='lat' dir='ltr'><strong>postmortem.</strong></span> <span class='ocrx_word' id='word_1_27' title='bbox 1193 2154 1231 2217; x_wconf 87' lang='lat' dir='ltr'><strong>Et</strong></span> <span class='ocrx_word' id='word_1_28' title='bbox 1253 2166 1351 2220; x_wconf 68' lang='lat' dir='ltr'><strong>munau</strong></span> 
     </span>
     <span class='ocr_line' id='line_1_7' title="bbox 181 2244 1351 2333; baseline 0.013 -28"><span class='ocrx_word' id='word_1_29' title='bbox 181 2244 326 2307; x_wconf 75' lang='lat' dir='ltr'><strong>defunctis</strong></span> <span class='ocrx_word' id='word_1_30' title='bbox 348 2247 534 2325; x_wconf 59' lang='lat' dir='ltr'><strong>peroranti,</strong></span> <span class='ocrx_word' id='word_1_31' title='bbox 569 2248 738 2326; x_wconf 88' lang='lat' dir='ltr'><strong>etquidem</strong></span> <span class='ocrx_word' id='word_1_32' title='bbox 766 2248 990 2328; x_wconf 87' lang='lat' dir='ltr'><strong>impensissimo</strong></span> <span class='ocrx_word' id='word_1_33' title='bbox 1018 2253 1116 2319; x_wconf 84' lang='lat' dir='ltr'><strong>cilicio</strong></span> <span class='ocrx_word' id='word_1_34' title='bbox 1137 2272 1201 2333; x_wconf 80' lang='lat' dir='ltr'><strong>pro.</strong></span> <span class='ocrx_word' id='word_1_35' title='bbox 1215 2256 1351 2320; x_wconf 89' lang='lat' dir='ltr'><strong>moribus</strong></span> 
     </span>
     <span class='ocr_line' id='line_1_8' title="bbox 182 2333 1352 2433; baseline 0.014 -29"><span class='ocrx_word' id='word_1_36' title='bbox 182 2362 300 2418; x_wconf 85' lang='lat' dir='ltr'><strong>eorum,</strong></span> <span class='ocrx_word' id='word_1_37' title='bbox 333 2363 388 2424; x_wconf 91' lang='lat' dir='ltr'><strong>pro</strong></span> <span class='ocrx_word' id='word_1_38' title='bbox 418 2346 884 2426; x_wconf 74' lang='lat' dir='ltr'><strong>temporibus¹esculcutcrum¹</strong></span> <span class='ocrx_word' id='word_1_39' title='bbox 917 2359 950 2411; x_wconf 94' lang='lat' dir='ltr'><strong>ut</strong></span> <span class='ocrx_word' id='word_1_40' title='bbox 978 2370 1055 2431; x_wconf 90' lang='lat' dir='ltr'><strong>quos</strong></span> <span class='ocrx_word' id='word_1_41' title='bbox 1083 2353 1210 2433; x_wconf 70' lang='lat' dir='ltr'><strong>&#39;negant</strong></span> <span class='ocrx_word' id='word_1_42' title='bbox 1239 2333 1352 2420; x_wconf 70' lang='lat' dir='ltr'><strong>secura</strong></span> 
     </span>
     <span class='ocr_line' id='line_1_9' title="bbox 182 2444 1349 2534; baseline 0.012 -28"><span class='ocrx_word' id='word_1_43' title='bbox 182 2444 351 2525; x_wconf 74' lang='lat' dir='ltr'><strong>qucquam,</strong></span> <span class='ocrx_word' id='word_1_44' title='bbox 386 2446 475 2508; x_wconf 87' lang='lat' dir='ltr'><strong>etiam</strong></span> <span class='ocrx_word' id='word_1_45' title='bbox 504 2447 674 2509; x_wconf 88' lang='lat' dir='ltr'><strong>desiderare</strong></span> <span class='ocrx_word' id='word_1_46' title='bbox 694 2448 932 2528; x_wconf 65' lang='lat' dir='ltr'><strong>abpraesumunt</strong></span> <span class='ocrx_word' id='word_1_47' title='bbox 975 2452 1013 2514; x_wconf 78' lang='lat' dir='ltr'><strong>At</strong></span> <span class='ocrx_word' id='word_1_48' title='bbox 1033 2472 1088 2533; x_wconf 89' lang='lat' dir='ltr'><strong>ego</strong></span> <span class='ocrx_word' id='word_1_49' title='bbox 1110 2454 1203 2534; x_wconf 81' lang='lat' dir='ltr'><strong>magis</strong></span> <span class='ocrx_word' id='word_1_50' title='bbox 1226 2454 1349 2520; x_wconf 70' lang='lat' dir='ltr'><strong>‘ridebo</strong></span> 
     </span>
     <span class='ocr_line' id='line_1_10' title="bbox 184 2543 1350 2635; baseline 0.015 -34"><span class='ocrx_word' id='word_1_51' title='bbox 184 2543 299 2622; x_wconf 81' lang='lat' dir='ltr'><strong>tulgus,</strong></span> <span class='ocrx_word' id='word_1_52' title='bbox 323 2553 548 2625; x_wconf 77' lang='lat' dir='ltr'><strong>tunsumque,</strong></span> <span class='ocrx_word' id='word_1_53' title='bbox 572 2566 636 2609; x_wconf 92' lang='lat' dir='ltr'><strong>cum</strong></span> <span class='ocrx_word' id='word_1_54' title='bbox 660 2548 743 2627; x_wconf 89' lang='lat' dir='ltr'><strong>ipsos</strong></span> <span class='ocrx_word' id='word_1_55' title='bbox 766 2550 1123 2615; x_wconf 82' lang='lat' dir='ltr'><strong>defunctos-atrocissime</strong></span> <span class='ocrx_word' id='word_1_56' title='bbox 1138 2555 1249 2627; x_wconf 80' lang='lat' dir='ltr'><strong>exurit,</strong></span> <span class='ocrx_word' id='word_1_57' title='bbox 1273 2573 1350 2635; x_wconf 88' lang='lat' dir='ltr'><strong>qnos</strong></span> 
     </span>
     <span class='ocr_line' id='line_1_11' title="bbox 184 2645 1350 2731; baseline 0.013 -28"><span class='ocrx_word' id='word_1_58' title='bbox 184 2645 368 2722; x_wconf 87' lang='lat' dir='ltr'><strong>postmodnm</strong></span> <span class='ocrx_word' id='word_1_59' title='bbox 390 2647 579 2727; x_wconf 82' lang='lat' dir='ltr'><strong>gulosissime</strong></span> <span class='ocrx_word' id='word_1_60' title='bbox 602 2648 710 2721; x_wconf 86' lang='lat' dir='ltr'><strong>nutrit,</strong></span> <span class='ocrx_word' id='word_1_61' title='bbox 732 2649 844 2711; x_wconf 80' lang='lat' dir='ltr'><strong>⁵isdem</strong></span> <span class='ocrx_word' id='word_1_62' title='bbox 860 2649 978 2729; x_wconf 84' lang='lat' dir='ltr'><strong>ignibus</strong></span> <span class='ocrx_word' id='word_1_63' title='bbox 1001 2662 1030 2713; x_wconf 92' lang='lat' dir='ltr'><strong>et</strong></span> <span class='ocrx_word' id='word_1_64' title='bbox 1051 2671 1227 2731; x_wconf 89' lang='lat' dir='ltr'><strong>promerens</strong></span> <span class='ocrx_word' id='word_1_65' title='bbox 1250 2664 1281 2717; x_wconf 91' lang='lat' dir='ltr'><strong>et</strong></span> <span class='ocrx_word' id='word_1_66' title='bbox 1302 2657 1350 2718; x_wconf 88' lang='lat' dir='ltr'><strong>ot-</strong></span> 
     </span>
     <span class='ocr_line' id='line_1_12' title="bbox 168 2734 1362 2826; baseline 0.013 -24"><span class='ocrx_word' id='word_1_67' title='bbox 168 2743 313 2826; x_wconf 70' lang='lat' dir='ltr'><strong>iorum.</strong></span> <span class='ocrx_word' id='word_1_68' title='bbox 348 2746 526 2824; x_wconf 84' lang='lat' dir='ltr'><strong>optetatem</strong></span> <span class='ocrx_word' id='word_1_69' title='bbox 549 2748 967 2812; x_wconf 60' lang='lat' dir='ltr'><strong>sceleratissimorum</strong></span> <span class='ocrx_word' id='word_1_70' title='bbox 1006 2734 1155 2815; x_wconf 74' lang='lat' dir='ltr'><strong>sacuam</strong></span> <span class='ocrx_word' id='word_1_71' title='bbox 1175 2753 1230 2815; x_wconf 68' lang='lat' dir='ltr'><strong>tan</strong></span> <span class='ocrx_word' id='word_1_72' title='bbox 1245 2734 1362 2819; x_wconf 54' lang='lat' dir='ltr'><strong>‘rosuss</strong></span> 
     </span>
     <span class='ocr_line' id='line_1_13' title="bbox 188 2847 1348 2936; baseline 0.014 -34"><span class='ocrx_word' id='word_1_73' title='bbox 188 2851 236 2920; x_wconf 87' lang='lat' dir='ltr'><strong>tat,</strong></span> <span class='ocrx_word' id='word_1_74' title='bbox 258 2866 325 2909; x_wconf 93' lang='lat' dir='ltr'><strong>cum</strong></span> <span class='ocrx_word' id='word_1_75' title='bbox 346 2847 503 2909; x_wconf 78' lang='lat' dir='ltr'><strong>&#39;crematis</strong></span> <span class='ocrx_word' id='word_1_76' title='bbox 525 2847 674 2910; x_wconf 78' lang='lat' dir='ltr'><strong>cremat‘?</strong></span> <span class='ocrx_word' id='word_1_77' title='bbox 710 2850 800 2912; x_wconf 84' lang='lat' dir='ltr'><strong>Plane</strong></span> <span class='ocrx_word' id='word_1_78' title='bbox 823 2869 888 2912; x_wconf 91' lang='lat' dir='ltr'><strong>cum</strong></span> <span class='ocrx_word' id='word_1_79' title='bbox 911 2851 998 2932; x_wconf 63' lang='lat' dir='ltr'><strong>rugo</strong></span> <span class='ocrx_word' id='word_1_80' title='bbox 1021 2852 1167 2915; x_wconf 89' lang='lat' dir='ltr'><strong>interdum</strong></span> <span class='ocrx_word' id='word_1_81' title='bbox 1183 2860 1214 2917; x_wconf 89' lang='lat' dir='ltr'><strong>et</strong></span> <span class='ocrx_word' id='word_1_82' title='bbox 1227 2855 1348 2936; x_wconf 88' lang='lat' dir='ltr'><strong>sapien·</strong></span> 
     </span>
     <span class='ocr_line' id='line_1_14' title="bbox 190 2949 1350 3035; baseline 0.013 -32"><span class='ocrx_word' id='word_1_83' title='bbox 190 2951 227 3005; x_wconf 90' lang='lat' dir='ltr'><strong>tes</strong></span> <span class='ocrx_word' id='word_1_84' title='bbox 253 2949 430 3009; x_wconf 86' lang='lat' dir='ltr'><strong>senteutiam</strong></span> <span class='ocrx_word' id='word_1_85' title='bbox 459 2949 560 3009; x_wconf 83' lang='lat' dir='ltr'><strong>⁸suam</strong></span> <span class='ocrx_word' id='word_1_86' title='bbox 590 2950 724 3029; x_wconf 86' lang='lat' dir='ltr'><strong>iungunt.</strong></span> <span class='ocrx_word' id='word_1_87' title='bbox 777 2951 855 3012; x_wconf 89' lang='lat' dir='ltr'><strong>Nihil</strong></span> <span class='ocrx_word' id='word_1_88' title='bbox 884 2970 950 3013; x_wconf 91' lang='lat' dir='ltr'><strong>esse</strong></span> <span class='ocrx_word' id='word_1_89' title='bbox 980 2962 1051 3031; x_wconf 89' lang='lat' dir='ltr'><strong>post</strong></span> <span class='ocrx_word' id='word_1_90' title='bbox 1077 2962 1203 3016; x_wconf 85' lang='lat' dir='ltr'><strong>mortem</strong></span> <span class='ocrx_word' id='word_1_91' title='bbox 1231 2955 1350 3035; x_wconf 85' lang='lat' dir='ltr'><strong>Epicuri</strong></span> 
     </span>
     <span class='ocr_line' id='line_1_15' title="bbox 190 3045 1349 3135; baseline 0.014 -32"><span class='ocrx_word' id='word_1_92' title='bbox 190 3045 277 3108; x_wconf 87' lang='lat' dir='ltr'><strong>schola</strong></span> <span class='ocrx_word' id='word_1_93' title='bbox 300 3057 356 3108; x_wconf 92' lang='lat' dir='ltr'><strong>est.</strong></span> <span class='ocrx_word' id='word_1_94' title='bbox 389 3049 454 3109; x_wconf 72' lang='grc' dir='ltr'><strong>9Αἰῑ</strong></span> <span class='ocrx_word' id='word_1_95' title='bbox 476 3060 505 3110; x_wconf 91' lang='lat' dir='ltr'><strong>et</strong></span> <span class='ocrx_word' id='word_1_96' title='bbox 520 3051 631 3111; x_wconf 81' lang='lat' dir='ltr'><strong>Seneca</strong></span> <span class='ocrx_word' id='word_1_97' title='bbox 655 3052 753 3112; x_wconf 91' lang='lat' dir='ltr'><strong>omnia</strong></span> <span class='ocrx_word' id='word_1_98' title='bbox 774 3059 845 3131; x_wconf 86' lang='lat' dir='ltr'><strong>post</strong></span> <span class='ocrx_word' id='word_1_99' title='bbox 865 3060 994 3113; x_wconf 90' lang='lat' dir='ltr'><strong>mortem</strong></span> <span class='ocrx_word' id='word_1_100' title='bbox 1009 3052 1097 3126; x_wconf 87' lang='lat' dir='ltr'><strong>liniri,</strong></span> <span class='ocrx_word' id='word_1_101' title='bbox 1121 3056 1208 3117; x_wconf 91' lang='lat' dir='ltr'><strong>etiam</strong></span> <span class='ocrx_word' id='word_1_102' title='bbox 1224 3055 1349 3135; x_wconf 79' lang='lat' dir='ltr'><strong>ipsam-¹.</strong></span> 
     </span>
    </p>
   </div>
   <div class='ocr_carea' id='block_1_6' title="bbox 180 3232 1400 3633">
    <p class='ocr_par' dir='ltr' id='par_1_6' title="bbox 180 3232 1400 3633">
     <span class='ocr_line' id='line_1_16' title="bbox 247 3232 1350 3299; baseline 0.009 -18"><span class='ocrx_word' id='word_1_103' title='bbox 247 3232 304 3296; x_wconf 82' lang='lat' dir='ltr'><strong>Cap.</strong></span> <span class='ocrx_word' id='word_1_104' title='bbox 323 3233 341 3282; x_wconf 92' lang='lat' dir='ltr'><strong>l.</strong></span> <span class='ocrx_word' id='word_1_105' title='bbox 379 3234 401 3282; x_wconf 88' lang='lat' dir='ltr'><strong>l.</strong></span> <span class='ocrx_word' id='word_1_106' title='bbox 420 3234 512 3284; x_wconf 68' lang='lat' dir='ltr'><strong>illicit.</strong></span> <span class='ocrx_word' id='word_1_107' title='bbox 540 3235 605 3284; x_wconf 90' lang='lat' dir='ltr'><strong>illam</strong></span> <span class='ocrx_word' id='word_1_108' title='bbox 624 3237 716 3299; x_wconf 77' lang='lat' dir='ltr'><strong>reliqui.</strong></span> <span class='ocrx_word' id='word_1_109' title='bbox 752 3234 775 3284; x_wconf 77' lang='lat'><strong>2.</strong></span> <span class='ocrx_word' id='word_1_110' title='bbox 792 3234 970 3284; x_wconf 86' lang='lat' dir='ltr'><strong>esculentorum</strong></span> <span class='ocrx_word' id='word_1_111' title='bbox 982 3234 1350 3297; x_wconf 69' lang='lat' dir='ltr'><strong>(assentatiuncullttcaet.</strong></span> 
     </span>
     <span class='ocr_line' id='line_1_17' title="bbox 190 3297 1350 3366; baseline 0.007 -20"><span class='ocrx_word' id='word_1_112' title='bbox 190 3297 347 3351; x_wconf 71' lang='lat' dir='ltr'><strong>iretl&#39;atr&#39;cani.</strong></span> <span class='ocrx_word' id='word_1_113' title='bbox 382 3301 532 3363; x_wconf 90' lang='lat' dir='ltr'><strong>sepultorum</strong></span> <span class='ocrx_word' id='word_1_114' title='bbox 551 3306 633 3364; x_wconf 80' lang='lat' dir='ltr'><strong>anrgh,</strong></span> <span class='ocrx_word' id='word_1_115' title='bbox 654 3303 862 3366; x_wconf 75' lang='lat' dir='ltr'><strong>Gaspsuoppius.</strong></span> <span class='ocrx_word' id='word_1_116' title='bbox 914 3301 936 3351; x_wconf 81' lang='lat'><strong>3.</strong></span> <span class='ocrx_word' id='word_1_117' title='bbox 957 3310 1027 3363; x_wconf 86' lang='lat' dir='ltr'><strong>negat</strong></span> <span class='ocrx_word' id='word_1_118' title='bbox 1044 3301 1105 3351; x_wconf 78' lang='lat' dir='ltr'><strong>stc.</strong></span> <span class='ocrx_word' id='word_1_119' title='bbox 1124 3302 1292 3353; x_wconf 77' lang='lat' dir='ltr'><strong>laurentianus</strong></span> <span class='ocrx_word' id='word_1_120' title='bbox 1310 3321 1350 3354; x_wconf 88' lang='lat' dir='ltr'><strong>co·</strong></span> 
     </span>
     <span class='ocr_line' id='line_1_18' title="bbox 187 3358 1400 3432; baseline 0.007 -20"><span class='ocrx_word' id='word_1_121' title='bbox 187 3358 227 3411; x_wconf 57' lang='lat' dir='ltr'><strong>its</strong></span> <span class='ocrx_word' id='word_1_122' title='bbox 242 3383 265 3416; x_wconf 84' lang='lat' dir='ltr'><strong>n.</strong></span> <span class='ocrx_word' id='word_1_123' title='bbox 279 3366 317 3416; x_wconf 79' lang='lat'><strong>12.</strong></span> <span class='ocrx_word' id='word_1_124' title='bbox 331 3369 391 3432; x_wconf 86' lang='lat' dir='ltr'><strong>plut.</strong></span> <span class='ocrx_word' id='word_1_125' title='bbox 405 3367 445 3416; x_wconf 81' lang='lat'><strong>26.</strong></span> <span class='ocrx_word' id='word_1_126' title='bbox 481 3370 562 3418; x_wconf 68' lang='lat' dir='ltr'><strong>Robct</strong></span> <span class='ocrx_word' id='word_1_127' title='bbox 582 3370 617 3416; x_wconf 84' lang='lat' dir='ltr'><strong>Fr.</strong></span> <span class='ocrx_word' id='word_1_128' title='bbox 627 3370 714 3417; x_wconf 89' lang='lat' dir='ltr'><strong>lunius.</strong></span> <span class='ocrx_word' id='word_1_129' title='bbox 758 3368 804 3416; x_wconf 78' lang='lat' dir='ltr'><strong>aa.</strong></span> <span class='ocrx_word' id='word_1_130' title='bbox 825 3377 963 3431; x_wconf 85' lang='lat' dir='ltr'><strong>praesumat</strong></span> <span class='ocrx_word' id='word_1_131' title='bbox 981 3367 1042 3417; x_wconf 78' lang='lat' dir='ltr'><strong>ABG.</strong></span> <span class='ocrx_word' id='word_1_132' title='bbox 1061 3370 1236 3417; x_wconf 74' lang='lat' dir='ltr'><strong>Laurentianus.</strong></span> <span class='ocrx_word' id='word_1_133' title='bbox 1266 3371 1349 3420; x_wconf 71' lang='lat' dir='ltr'><strong>notat</strong></span> <span class='ocrx_word' id='word_1_134' title='bbox 1394 3406 1400 3421; x_wconf 82' lang='lat'><strong>.</strong></span> 
     </span>
     <span class='ocr_line' id='line_1_19' title="bbox 187 3421 1349 3499; baseline 0.003 -17"><span class='ocrx_word' id='word_1_135' title='bbox 187 3421 316 3483; x_wconf 65' lang='lat' dir='ltr'><strong>intonas.</strong></span> <span class='ocrx_word' id='word_1_136' title='bbox 361 3435 384 3484; x_wconf 80' lang='lat' dir='ltr'><strong>i.</strong></span> <span class='ocrx_word' id='word_1_137' title='bbox 403 3435 470 3484; x_wconf 87' lang='lat' dir='ltr'><strong>rideo</strong></span> <span class='ocrx_word' id='word_1_138' title='bbox 489 3452 548 3485; x_wconf 87' lang='lat' dir='ltr'><strong>unus</strong></span> <span class='ocrx_word' id='word_1_139' title='bbox 568 3438 596 3485; x_wconf 83' lang='lat' dir='ltr'><strong>de</strong></span> <span class='ocrx_word' id='word_1_140' title='bbox 616 3436 739 3485; x_wconf 84' lang='lat' dir='ltr'><strong>Vaticanis.</strong></span> <span class='ocrx_word' id='word_1_141' title='bbox 783 3435 946 3483; x_wconf 70' lang='lat' dir='ltr'><strong>bislanc.</strong></span> <span class='ocrx_word' id='word_1_142' title='bbox 982 3434 1075 3482; x_wconf 83' lang='lat' dir='ltr'><strong>hisdem</strong></span> <span class='ocrx_word' id='word_1_143' title='bbox 1093 3437 1117 3483; x_wconf 80' lang='lat' dir='ltr'><strong>l.</strong></span> <span class='ocrx_word' id='word_1_144' title='bbox 1154 3435 1238 3484; x_wconf 84' lang='lat' dir='ltr'><strong>iisdem</strong></span> <span class='ocrx_word' id='word_1_145' title='bbox 1256 3437 1349 3499; x_wconf 78' lang='lat' dir='ltr'><strong>reliqui.</strong></span> 
     </span>
     <span class='ocr_line' id='line_1_20' title="bbox 183 3486 1347 3566; baseline 0.003 -19"><span class='ocrx_word' id='word_1_146' title='bbox 183 3486 203 3562; x_wconf 57' lang='lat'><strong>‚⁶-</strong></span> <span class='ocrx_word' id='word_1_147' title='bbox 222 3515 251 3549; x_wconf 78' lang='grc' dir='ltr'><strong>ιιι</strong></span> <span class='ocrx_word' id='word_1_148' title='bbox 269 3502 371 3552; x_wconf 73' lang='lat' dir='ltr'><strong>tutet.</strong></span> <span class='ocrx_word' id='word_1_149' title='bbox 413 3503 450 3550; x_wconf 86' lang='lat' dir='ltr'><strong>cui</strong></span> <span class='ocrx_word' id='word_1_150' title='bbox 468 3506 493 3552; x_wconf 79' lang='grc' dir='ltr'><strong>Α.</strong></span> <span class='ocrx_word' id='word_1_151' title='bbox 514 3505 628 3561; x_wconf 82' lang='lat' dir='ltr'><strong>laurent,</strong></span> <span class='ocrx_word' id='word_1_152' title='bbox 655 3511 675 3551; x_wconf 89' lang='lat' dir='ltr'><strong>et</strong></span> <span class='ocrx_word' id='word_1_153' title='bbox 701 3510 746 3551; x_wconf 81' lang='lat' dir='ltr'><strong>tres</strong></span> <span class='ocrx_word' id='word_1_154' title='bbox 769 3503 878 3551; x_wconf 84' lang='lat' dir='ltr'><strong>Vaticani.</strong></span> <span class='ocrx_word' id='word_1_155' title='bbox 931 3501 954 3549; x_wconf 81' lang='lat' dir='ltr'><strong>l.</strong></span> <span class='ocrx_word' id='word_1_156' title='bbox 974 3509 1093 3549; x_wconf 75' lang='lat' dir='ltr'><strong>aremulus</strong></span> <span class='ocrx_word' id='word_1_157' title='bbox 1113 3501 1172 3566; x_wconf 75' lang='lat' dir='ltr'><strong>Grnp.</strong></span> <span class='ocrx_word' id='word_1_158' title='bbox 1231 3501 1255 3551; x_wconf 83' lang='grc'><strong>8.</strong></span> <span class='ocrx_word' id='word_1_159' title='bbox 1279 3516 1347 3551; x_wconf 83' lang='lat' dir='ltr'><strong>suant</strong></span> 
     </span>
     <span class='ocr_line' id='line_1_21' title="bbox 180 3563 1256 3633; baseline 0.001 -16"><span class='ocrx_word' id='word_1_160' title='bbox 180 3563 279 3629; x_wconf 66' lang='lat' dir='ltr'><strong>¹“ngunt</strong></span> <span class='ocrx_word' id='word_1_161' title='bbox 296 3571 372 3629; x_wconf 63' lang='lat' dir='ltr'><strong>abed„</strong></span> <span class='ocrx_word' id='word_1_162' title='bbox 392 3571 420 3618; x_wconf 77' lang='lat' dir='ltr'><strong>dr</strong></span> <span class='ocrx_word' id='word_1_163' title='bbox 438 3573 505 3619; x_wconf 80' lang='lat' dir='ltr'><strong>codd.</strong></span> <span class='ocrx_word' id='word_1_164' title='bbox 525 3571 643 3633; x_wconf 77' lang='lat' dir='ltr'><strong>Gangneir&#39;.</strong></span> <span class='ocrx_word' id='word_1_165' title='bbox 680 3570 780 3630; x_wconf 88' lang='lat' dir='ltr'><strong>iungunt</strong></span> <span class='ocrx_word' id='word_1_166' title='bbox 797 3569 890 3633; x_wconf 78' lang='lat' dir='ltr'><strong>reliqui,</strong></span> <span class='ocrx_word' id='word_1_167' title='bbox 911 3576 932 3617; x_wconf 89' lang='lat' dir='ltr'><strong>et</strong></span> <span class='ocrx_word' id='word_1_168' title='bbox 949 3569 1057 3617; x_wconf 79' lang='lat' dir='ltr'><strong>laterent.</strong></span> <span class='ocrx_word' id='word_1_169' title='bbox 1109 3567 1132 3616; x_wconf 86' lang='grc'><strong>9.</strong></span> <span class='ocrx_word' id='word_1_170' title='bbox 1152 3567 1214 3618; x_wconf 85' lang='lat' dir='ltr'><strong>Dicit</strong></span> <span class='ocrx_word' id='word_1_171' title='bbox 1232 3568 1256 3618; x_wconf 89' lang='lat' dir='ltr'><strong>t.</strong></span> 
     </span>
    </p>
   </div>
   <div class='ocr_carea' id='block_1_7' title="bbox 148 3698 1450 4840">
    <p class='ocr_par' dir='ltr' id='par_1_7' title="bbox 167 3698 1351 3900">
     <span class='ocr_line' id='line_1_22' title="bbox 209 3698 1351 3768; baseline 0.002 -18"><span class='ocrx_word' id='word_1_172' title='bbox 209 3700 269 3765; x_wconf 84' lang='lat' dir='ltr'><strong>Cap.</strong></span> <span class='ocrx_word' id='word_1_173' title='bbox 282 3701 299 3750; x_wconf 95' lang='lat' dir='ltr'><strong>l.</strong></span> <span class='ocrx_word' id='word_1_174' title='bbox 325 3717 346 3752; x_wconf 87' lang='lat' dir='ltr'><strong>a.</strong></span> <span class='ocrx_word' id='word_1_175' title='bbox 368 3702 418 3751; x_wconf 83' lang='lat' dir='ltr'><strong>lloc</strong></span> <span class='ocrx_word' id='word_1_176' title='bbox 437 3698 549 3768; x_wconf 88' lang='lat' dir='ltr'><strong>credere]</strong></span> <span class='ocrx_word' id='word_1_177' title='bbox 568 3703 618 3752; x_wconf 88' lang='lat' dir='ltr'><strong>llo‘c</strong></span> <span class='ocrx_word' id='word_1_178' title='bbox 636 3711 672 3752; x_wconf 91' lang='lat' dir='ltr'><strong>est</strong></span> <span class='ocrx_word' id='word_1_179' title='bbox 685 3717 738 3752; x_wconf 84' lang='lat' dir='ltr'><strong>crs·</strong></span> <span class='ocrx_word' id='word_1_180' title='bbox 790 3702 872 3765; x_wconf 88' lang='lat' dir='ltr'><strong>quiin</strong></span> <span class='ocrx_word' id='word_1_181' title='bbox 892 3702 943 3765; x_wconf 84' lang='lat' dir='ltr'><strong>ipss</strong></span> <span class='ocrx_word' id='word_1_182' title='bbox 968 3715 1020 3750; x_wconf 83' lang='lat' dir='ltr'><strong>vera</strong></span> <span class='ocrx_word' id='word_1_183' title='bbox 1045 3700 1160 3763; x_wconf 74' lang='lat' dir='ltr'><strong>religione</strong></span> <span class='ocrx_word' id='word_1_184' title='bbox 1185 3702 1351 3765; x_wconf 71' lang='lat' dir='ltr'><strong>superstitiosi</strong></span> 
     </span>
     <span class='ocr_line' id='line_1_23' title="bbox 168 3749 1350 3832; baseline 0.002 -16"><span class='ocrx_word' id='word_1_185' title='bbox 168 3749 236 3816; x_wconf 59' lang='lat' dir='ltr'><strong>dere</strong></span> <span class='ocrx_word' id='word_1_186' title='bbox 263 3778 372 3818; x_wconf 86' lang='lat' dir='ltr'><strong>mortuos</strong></span> <span class='ocrx_word' id='word_1_187' title='bbox 399 3784 454 3817; x_wconf 83' lang='lat' dir='ltr'><strong>ease</strong></span> <span class='ocrx_word' id='word_1_188' title='bbox 482 3779 670 3819; x_wconf 84' lang='lat' dir='ltr'><strong>resurrecturos.</strong></span> <span class='ocrx_word' id='word_1_189' title='bbox 704 3769 739 3819; x_wconf 71' lang='lat' dir='ltr'><strong>hd</strong></span> <span class='ocrx_word' id='word_1_190' title='bbox 790 3777 853 3818; x_wconf 87' lang='lat' dir='ltr'><strong>suut.</strong></span> <span class='ocrx_word' id='word_1_191' title='bbox 888 3769 946 3818; x_wconf 82' lang='lat' dir='ltr'><strong>Nori</strong></span> <span class='ocrx_word' id='word_1_192' title='bbox 971 3768 1059 3817; x_wconf 86' lang='lat' dir='ltr'><strong>multos</strong></span> <span class='ocrx_word' id='word_1_193' title='bbox 1084 3783 1139 3817; x_wconf 86' lang='lat' dir='ltr'><strong>esse</strong></span> <span class='ocrx_word' id='word_1_194' title='bbox 1164 3769 1350 3832; x_wconf 81' lang='lat' dir='ltr'><strong>sepulchrorum</strong></span> 
     </span>
     <span class='ocr_line' id='line_1_24' title="bbox 167 3826 1351 3900; baseline 0.001 -16"><span class='ocrx_word' id='word_1_195' title='bbox 167 3826 230 3883; x_wconf 54' lang='lat' dir='ltr'><strong>&#39;eto</strong></span> <span class='ocrx_word' id='word_1_196' title='bbox 249 3837 279 3885; x_wconf 77' lang='lat' dir='ltr'><strong>ct.</strong></span> <span class='ocrx_word' id='word_1_197' title='bbox 298 3837 401 3900; x_wconf 77' lang='lat' dir='ltr'><strong>Cyrillus</strong></span> <span class='ocrx_word' id='word_1_198' title='bbox 420 3836 514 3885; x_wconf 89' lang='lat' dir='ltr'><strong>llieros.</strong></span> <span class='ocrx_word' id='word_1_199' title='bbox 535 3838 630 3886; x_wconf 83' lang='lat' dir='ltr'><strong>Catech.</strong></span> <span class='ocrx_word' id='word_1_200' title='bbox 652 3838 690 3886; x_wconf 82' lang='lat' dir='ltr'><strong>la.</strong></span> <span class='ocrx_word' id='word_1_201' title='bbox 791 3845 814 3885; x_wconf 89' lang='lat' dir='ltr'><strong>et</strong></span> <span class='ocrx_word' id='word_1_202' title='bbox 839 3838 984 3900; x_wconf 85' lang='lat' dir='ltr'><strong>picturarum</strong></span> <span class='ocrx_word' id='word_1_203' title='bbox 1009 3835 1161 3896; x_wconf 72' lang='lat' dir='ltr'><strong>adoratores,</strong></span> <span class='ocrx_word' id='word_1_204' title='bbox 1184 3837 1237 3884; x_wconf 85' lang='lat' dir='ltr'><strong>ucri</strong></span> <span class='ocrx_word' id='word_1_205' title='bbox 1261 3836 1351 3886; x_wconf 87' lang='lat' dir='ltr'><strong>multos</strong></span> 
     </span>
    </p>

    <p class='ocr_par' dir='ltr' id='par_1_8' title="bbox 148 3900 1450 4571">
     <span class='ocr_line' id='line_1_25' title="bbox 210 3900 1351 3967; baseline 0.005 -21"><span class='ocrx_word' id='word_1_206' title='bbox 210 3900 234 3949; x_wconf 71' lang='lat' dir='ltr'><strong>lt.</strong></span> <span class='ocrx_word' id='word_1_207' title='bbox 260 3902 379 3952; x_wconf 81' lang='lat' dir='ltr'><strong>defunctis</strong></span> <span class='ocrx_word' id='word_1_208' title='bbox 404 3901 542 3967; x_wconf 85' lang='lat' dir='ltr'><strong>parentant]</strong></span> <span class='ocrx_word' id='word_1_209' title='bbox 569 3904 618 3954; x_wconf 93' lang='lat' dir='ltr'><strong>lloc</strong></span> <span class='ocrx_word' id='word_1_210' title='bbox 642 3904 739 3967; x_wconf 84' lang='lat' dir='ltr'><strong>quidem</strong></span> <span class='ocrx_word' id='word_1_211' title='bbox 791 3905 831 3967; x_wconf 84' lang='lat' dir='ltr'><strong>qui</strong></span> <span class='ocrx_word' id='word_1_212' title='bbox 850 3918 919 3966; x_wconf 88' lang='lat' dir='ltr'><strong>quam</strong></span> <span class='ocrx_word' id='word_1_213' title='bbox 939 3903 1129 3953; x_wconf 85' lang='lat' dir='ltr'><strong>luxuriosissime</strong></span> <span class='ocrx_word' id='word_1_214' title='bbox 1150 3917 1225 3965; x_wconf 85' lang='lat' dir='ltr'><strong>snper</strong></span> <span class='ocrx_word' id='word_1_215' title='bbox 1243 3910 1351 3952; x_wconf 88' lang='lat' dir='ltr'><strong>mortuos</strong></span> 
     </span>
     <span class='ocr_line' id='line_1_26' title="bbox 158 3960 1450 4034; baseline 0.002 -19"><span class='ocrx_word' id='word_1_216' title='bbox 158 3960 275 4018; x_wconf 68' lang='lat' dir='ltr'><strong>‘thulen</strong></span> <span class='ocrx_word' id='word_1_217' title='bbox 318 3971 365 4019; x_wconf 82' lang='lat' dir='ltr'><strong>Sed</strong></span> <span class='ocrx_word' id='word_1_218' title='bbox 396 3980 419 4020; x_wconf 88' lang='lat' dir='ltr'><strong>et</strong></span> <span class='ocrx_word' id='word_1_219' title='bbox 443 3971 593 4034; x_wconf 66' lang='lat' dir='ltr'><strong>Christianos</strong></span> <span class='ocrx_word' id='word_1_220' title='bbox 616 3971 739 4032; x_wconf 75' lang='lat' dir='ltr'><strong>Augustini</strong></span> <span class='ocrx_word' id='word_1_221' title='bbox 791 3971 875 4019; x_wconf 87' lang='lat' dir='ltr'><strong>hibunt</strong></span> <span class='ocrx_word' id='word_1_222' title='bbox 893 3978 916 4019; x_wconf 91' lang='lat' dir='ltr'><strong>et</strong></span> <span class='ocrx_word' id='word_1_223' title='bbox 933 3970 1018 4033; x_wconf 88' lang='lat' dir='ltr'><strong>epulas</strong></span> <span class='ocrx_word' id='word_1_224' title='bbox 1037 3971 1191 4019; x_wconf 73' lang='lat' dir='ltr'><strong>mdarerhrns</strong></span> <span class='ocrx_word' id='word_1_225' title='bbox 1209 3970 1350 4018; x_wconf 80' lang='lat' dir='ltr'><strong>exhibentes</strong></span> <span class='ocrx_word' id='word_1_226' title='bbox 1447 4027 1450 4030; x_wconf 17' lang='lat'><strong>⁴</strong></span> 
     </span>
     <span class='ocr_line' id='line_1_27' title="bbox 154 4026 1350 4101; baseline 0.001 -18"><span class='ocrx_word' id='word_1_227' title='bbox 154 4026 235 4085; x_wconf 53' lang='lat' dir='ltr'><strong>aeuo</strong></span> <span class='ocrx_word' id='word_1_228' title='bbox 253 4038 396 4101; x_wconf 85' lang='lat' dir='ltr'><strong>quibusdam</strong></span> <span class='ocrx_word' id='word_1_229' title='bbox 422 4039 444 4086; x_wconf 89' lang='lat' dir='ltr'><strong>in</strong></span> <span class='ocrx_word' id='word_1_230' title='bbox 464 4038 524 4093; x_wconf 83' lang='lat' dir='ltr'><strong>loeis</strong></span> <span class='ocrx_word' id='word_1_231' title='bbox 543 4038 598 4086; x_wconf 86' lang='lat' dir='ltr'><strong>talia</strong></span> <span class='ocrx_word' id='word_1_232' title='bbox 618 4039 740 4087; x_wconf 81' lang='lat' dir='ltr'><strong>lectitasse</strong></span> <span class='ocrx_word' id='word_1_233' title='bbox 791 4051 866 4100; x_wconf 87' lang='lat' dir='ltr'><strong>snper</strong></span> <span class='ocrx_word' id='word_1_234' title='bbox 883 4036 992 4098; x_wconf 88' lang='lat' dir='ltr'><strong>sepultos</strong></span> <span class='ocrx_word' id='word_1_235' title='bbox 1005 4051 1031 4084; x_wconf 90' lang='lat' dir='ltr'><strong>se</strong></span> <span class='ocrx_word' id='word_1_236' title='bbox 1043 4037 1265 4099; x_wconf 86' lang='lat' dir='ltr'><strong>ipsossrpeliuut.“</strong></span> <span class='ocrx_word' id='word_1_237' title='bbox 1283 4036 1350 4085; x_wconf 85' lang='lat' dir='ltr'><strong>ldeut</strong></span> 
     </span>
     <span class='ocr_line' id='line_1_28' title="bbox 155 4093 1351 4168; baseline 0 -16"><span class='ocrx_word' id='word_1_238' title='bbox 155 4093 256 4168; x_wconf 54' lang='lat' dir='ltr'><strong>asgup</strong></span> <span class='ocrx_word' id='word_1_239' title='bbox 273 4113 369 4154; x_wconf 77' lang='lat' dir='ltr'><strong>neurus</strong></span> <span class='ocrx_word' id='word_1_240' title='bbox 394 4105 540 4154; x_wconf 82' lang='lat' dir='ltr'><strong>sanctissimi</strong></span> <span class='ocrx_word' id='word_1_241' title='bbox 566 4106 608 4154; x_wconf 87' lang='lat' dir='ltr'><strong>riri</strong></span> <span class='ocrx_word' id='word_1_242' title='bbox 628 4105 688 4154; x_wconf 88' lang='lat' dir='ltr'><strong>liber</strong></span> <span class='ocrx_word' id='word_1_243' title='bbox 706 4105 741 4154; x_wconf 85' lang='lat' dir='ltr'><strong>De</strong></span> <span class='ocrx_word' id='word_1_244' title='bbox 792 4106 869 4153; x_wconf 89' lang='lat' dir='ltr'><strong>Serru.</strong></span> <span class='ocrx_word' id='word_1_245' title='bbox 889 4102 922 4151; x_wconf 77' lang='lat'><strong>43</strong></span> <span class='ocrx_word' id='word_1_246' title='bbox 950 4103 1002 4162; x_wconf 84' lang='lat' dir='ltr'><strong>„Tu</strong></span> <span class='ocrx_word' id='word_1_247' title='bbox 1022 4102 1099 4151; x_wconf 88' lang='lat' dir='ltr'><strong>demis</strong></span> <span class='ocrx_word' id='word_1_248' title='bbox 1116 4111 1140 4152; x_wconf 86' lang='lat' dir='ltr'><strong>at</strong></span> <span class='ocrx_word' id='word_1_249' title='bbox 1157 4103 1279 4151; x_wconf 81' lang='lat' dir='ltr'><strong>subtrahis</strong></span> <span class='ocrx_word' id='word_1_250' title='bbox 1296 4109 1351 4164; x_wconf 84' lang='lat' dir='ltr'><strong>gut-</strong></span> 
     </span>
     <span class='ocr_line' id='line_1_29' title="bbox 152 4146 1351 4235; baseline 0.001 -18"><span class='ocrx_word' id='word_1_251' title='bbox 152 4146 277 4223; x_wconf 73' lang='lat' dir='ltr'><strong>Clvitate</strong></span> <span class='ocrx_word' id='word_1_252' title='bbox 300 4173 341 4220; x_wconf 83' lang='lat' dir='ltr'><strong>llei</strong></span> <span class='ocrx_word' id='word_1_253' title='bbox 367 4172 470 4235; x_wconf 69' lang='lat' dir='ltr'><strong>capii.</strong></span> <span class='ocrx_word' id='word_1_254' title='bbox 517 4171 605 4234; x_wconf 80' lang='lat' dir='ltr'><strong>Epulas</strong></span> <span class='ocrx_word' id='word_1_255' title='bbox 630 4187 686 4220; x_wconf 85' lang='lat' dir='ltr'><strong>snas</strong></span> <span class='ocrx_word' id='word_1_256' title='bbox 711 4171 739 4220; x_wconf 84' lang='lat' dir='ltr'><strong>ad</strong></span> <span class='ocrx_word' id='word_1_257' title='bbox 792 4172 839 4220; x_wconf 91' lang='lat' dir='ltr'><strong>turi</strong></span> <span class='ocrx_word' id='word_1_258' title='bbox 859 4179 909 4229; x_wconf 91' lang='lat' dir='ltr'><strong>tuo,</strong></span> <span class='ocrx_word' id='word_1_259' title='bbox 928 4170 969 4217; x_wconf 90' lang='lat' dir='ltr'><strong>ille</strong></span> <span class='ocrx_word' id='word_1_260' title='bbox 988 4170 1059 4229; x_wconf 79' lang='lat' dir='ltr'><strong>loeta,</strong></span> <span class='ocrx_word' id='word_1_261' title='bbox 1074 4183 1127 4218; x_wconf 89' lang='lat' dir='ltr'><strong>eam</strong></span> <span class='ocrx_word' id='word_1_262' title='bbox 1147 4169 1351 4226; x_wconf 82' lang='lat' dir='ltr'><strong>mortuualueris.</strong></span> 
     </span>
     <span class='ocr_line' id='line_1_30' title="bbox 151 4225 1352 4300; baseline -0.002 -13"><span class='ocrx_word' id='word_1_263' title='bbox 151 4225 309 4300; x_wconf 56' lang='lat' dir='ltr'><strong>martyrum</strong></span> <span class='ocrx_word' id='word_1_264' title='bbox 327 4241 457 4289; x_wconf 88' lang='lat' dir='ltr'><strong>memorias</strong></span> <span class='ocrx_word' id='word_1_265' title='bbox 473 4239 621 4297; x_wconf 78' lang='lat' dir='ltr'><strong>deferebant,</strong></span> <span class='ocrx_word' id='word_1_266' title='bbox 641 4239 742 4288; x_wconf 85' lang='lat' dir='ltr'><strong>orabant</strong></span> <span class='ocrx_word' id='word_1_267' title='bbox 792 4238 892 4287; x_wconf 87' lang='lat' dir='ltr'><strong>calicem</strong></span> <span class='ocrx_word' id='word_1_268' title='bbox 911 4250 985 4298; x_wconf 86' lang='lat' dir='ltr'><strong>super</strong></span> <span class='ocrx_word' id='word_1_269' title='bbox 1002 4244 1025 4284; x_wconf 87' lang='lat' dir='ltr'><strong>ta</strong></span> <span class='ocrx_word' id='word_1_270' title='bbox 1044 4250 1091 4284; x_wconf 90' lang='lat' dir='ltr'><strong>nan</strong></span> <span class='ocrx_word' id='word_1_271' title='bbox 1104 4243 1186 4298; x_wconf 80' lang='lat' dir='ltr'><strong>ponet,</strong></span> <span class='ocrx_word' id='word_1_272' title='bbox 1204 4236 1274 4284; x_wconf 81' lang='lat' dir='ltr'><strong>nutsi</strong></span> <span class='ocrx_word' id='word_1_273' title='bbox 1289 4236 1352 4284; x_wconf 78' lang='lat' dir='ltr'><strong>loris</strong></span> 
     </span>
     <span class='ocr_line' id='line_1_31' title="bbox 149 4293 1351 4368; baseline -0.001 -15"><span class='ocrx_word' id='word_1_274' title='bbox 149 4293 193 4339; x_wconf 47' lang='grc' dir='ltr'>ἢ</span> <span class='ocrx_word' id='word_1_275' title='bbox 222 4307 354 4356; x_wconf 76' lang='lat' dir='ltr'><strong>offerebant</strong></span> <span class='ocrx_word' id='word_1_276' title='bbox 377 4315 402 4355; x_wconf 94' lang='lat' dir='ltr'><strong>ut</strong></span> <span class='ocrx_word' id='word_1_277' title='bbox 419 4315 581 4362; x_wconf 82' lang='lat' dir='ltr'><strong>vescerentur,</strong></span> <span class='ocrx_word' id='word_1_278' title='bbox 606 4306 640 4355; x_wconf 84' lang='lat' dir='ltr'><strong>vel</strong></span> <span class='ocrx_word' id='word_1_279' title='bbox 660 4321 687 4356; x_wconf 81' lang='lat' dir='ltr'><strong>ex</strong></span> <span class='ocrx_word' id='word_1_280' title='bbox 706 4305 741 4354; x_wconf 87' lang='lat' dir='ltr'><strong>eis</strong></span> <span class='ocrx_word' id='word_1_281' title='bbox 793 4311 867 4368; x_wconf 88' lang='lat' dir='ltr'><strong>ponet</strong></span> <span class='ocrx_word' id='word_1_282' title='bbox 893 4303 1002 4362; x_wconf 85' lang='lat' dir='ltr'><strong>calicem,</strong></span> <span class='ocrx_word' id='word_1_283' title='bbox 1035 4303 1086 4364; x_wconf 86' lang='lat' dir='ltr'><strong>ipse</strong></span> <span class='ocrx_word' id='word_1_284' title='bbox 1110 4303 1249 4360; x_wconf 81' lang='lat' dir='ltr'><strong>inebriatur,</strong></span> <span class='ocrx_word' id='word_1_285' title='bbox 1274 4301 1302 4350; x_wconf 83' lang='lat' dir='ltr'><strong>ad</strong></span> <span class='ocrx_word' id='word_1_286' title='bbox 1328 4308 1351 4353; x_wconf 77' lang='lat' dir='ltr'><strong>to</strong></span> 
     </span>
     <span class='ocr_line' id='line_1_32' title="bbox 148 4360 1352 4436; baseline -0.001 -18"><span class='ocrx_word' id='word_1_287' title='bbox 148 4360 250 4421; x_wconf 67' lang='lat' dir='ltr'><strong>etiant</strong></span> <span class='ocrx_word' id='word_1_288' title='bbox 268 4373 429 4436; x_wconf 83' lang='lat' dir='ltr'><strong>indigentibus</strong></span> <span class='ocrx_word' id='word_1_289' title='bbox 448 4374 617 4434; x_wconf 83' lang='lat' dir='ltr'><strong>largiebantur.</strong></span> <span class='ocrx_word' id='word_1_290' title='bbox 653 4373 742 4432; x_wconf 80' lang='lat' dir='ltr'><strong>„Quod</strong></span> <span class='ocrx_word' id='word_1_291' title='bbox 793 4370 942 4420; x_wconf 86' lang='lat' dir='ltr'><strong>nullastilla</strong></span> <span class='ocrx_word' id='word_1_292' title='bbox 961 4368 1116 4418; x_wconf 84' lang='lat' dir='ltr'><strong>descendet.“</strong></span> <span class='ocrx_word' id='word_1_293' title='bbox 1148 4369 1184 4418; x_wconf 85' lang='lat' dir='ltr'><strong>ct.</strong></span> <span class='ocrx_word' id='word_1_294' title='bbox 1203 4368 1283 4418; x_wconf 75' lang='lat' dir='ltr'><strong>braid.</strong></span> <span class='ocrx_word' id='word_1_295' title='bbox 1304 4367 1352 4417; x_wconf 79' lang='lat' dir='ltr'><strong>lle-</strong></span> 
     </span>
     <span class='ocr_line' id='line_1_33' title="bbox 148 4429 1352 4504; baseline -0.002 -19"><span class='ocrx_word' id='word_1_296' title='bbox 148 4429 286 4498; x_wconf 63' lang='lat' dir='ltr'><strong>quidem,</strong></span> <span class='ocrx_word' id='word_1_297' title='bbox 306 4441 390 4504; x_wconf 81' lang='lat' dir='ltr'><strong>inquit,</strong></span> <span class='ocrx_word' id='word_1_298' title='bbox 412 4441 581 4490; x_wconf 82' lang='lat' dir='ltr'><strong>aChristionis</strong></span> <span class='ocrx_word' id='word_1_299' title='bbox 601 4440 742 4489; x_wconf 88' lang='lat' dir='ltr'><strong>melioribus</strong></span> <span class='ocrx_word' id='word_1_300' title='bbox 794 4439 854 4487; x_wconf 80' lang='lat' dir='ltr'><strong>salal.</strong></span> <span class='ocrx_word' id='word_1_301' title='bbox 874 4437 993 4486; x_wconf 76' lang='lat' dir='ltr'><strong>Animadr.</strong></span> <span class='ocrx_word' id='word_1_302' title='bbox 1013 4437 1042 4485; x_wconf 87' lang='lat' dir='ltr'><strong>ad</strong></span> <span class='ocrx_word' id='word_1_303' title='bbox 1060 4435 1158 4484; x_wconf 79' lang='lat' dir='ltr'><strong>hruobii</strong></span> <span class='ocrx_word' id='word_1_304' title='bbox 1175 4433 1352 4494; x_wconf 59' lang='lat' dir='ltr'><strong>ttuvttult„</strong></span> 
     </span>
     <span class='ocr_line' id='line_1_34' title="bbox 150 4492 886 4571; baseline -0.003 -18"><span class='ocrx_word' id='word_1_305' title='bbox 150 4492 230 4553; x_wconf 66' lang='grc' dir='ltr'><strong>ιι(ὶιι</strong></span> <span class='ocrx_word' id='word_1_306' title='bbox 248 4508 282 4566; x_wconf 85' lang='lat' dir='ltr'><strong>lit,</strong></span> <span class='ocrx_word' id='word_1_307' title='bbox 307 4516 330 4558; x_wconf 85' lang='lat' dir='ltr'><strong>et</strong></span> <span class='ocrx_word' id='word_1_308' title='bbox 353 4510 376 4556; x_wconf 92' lang='lat' dir='ltr'><strong>in</strong></span> <span class='ocrx_word' id='word_1_309' title='bbox 396 4509 520 4571; x_wconf 85' lang='lat' dir='ltr'><strong>plerisque</strong></span> <span class='ocrx_word' id='word_1_310' title='bbox 538 4516 656 4556; x_wconf 85' lang='lat' dir='ltr'><strong>terrarum</strong></span> <span class='ocrx_word' id='word_1_311' title='bbox 676 4506 741 4555; x_wconf 90' lang='lat' dir='ltr'><strong>nulla</strong></span> <span class='ocrx_word' id='word_1_312' title='bbox 793 4522 817 4569; x_wconf 94' lang='lat' dir='ltr'><strong>p.</strong></span> <span class='ocrx_word' id='word_1_313' title='bbox 830 4503 886 4552; x_wconf 77' lang='lat' dir='ltr'><strong>utu.</strong></span> 
     </span>
    </p>

    <p class='ocr_par' dir='ltr' id='par_1_9' title="bbox 148 4552 1355 4840">
     <span class='ocr_line' id='line_1_35' title="bbox 148 4552 1351 4642; baseline -0.007 -22"><span class='ocrx_word' id='word_1_314' title='bbox 148 4552 237 4620; x_wconf 46' lang='lat' dir='ltr'><strong>“lis</strong></span> <span class='ocrx_word' id='word_1_315' title='bbox 254 4582 291 4624; x_wconf 86' lang='lat' dir='ltr'><strong>est</strong></span> <span class='ocrx_word' id='word_1_316' title='bbox 309 4576 486 4624; x_wconf 78' lang='lat' dir='ltr'><strong>consuetudo.“</strong></span> <span class='ocrx_word' id='word_1_317' title='bbox 505 4574 610 4635; x_wconf 77' lang='lat' dir='ltr'><strong>(Rigalt.)</strong></span> <span class='ocrx_word' id='word_1_318' title='bbox 638 4574 674 4623; x_wconf 87' lang='lat' dir='ltr'><strong>ct.</strong></span> <span class='ocrx_word' id='word_1_319' title='bbox 687 4573 742 4623; x_wconf 81' lang='lat' dir='ltr'><strong>lde.</strong></span> <span class='ocrx_word' id='word_1_320' title='bbox 829 4584 911 4620; x_wconf 83' lang='lat' dir='ltr'><strong>ccum</strong></span> <span class='ocrx_word' id='word_1_321' title='bbox 923 4570 1034 4619; x_wconf 84' lang='lat' dir='ltr'><strong>crematis</strong></span> <span class='ocrx_word' id='word_1_322' title='bbox 1045 4563 1351 4642; x_wconf 75' lang='lat' dir='ltr'><strong>cremat?]llccestqunm</strong></span> 
     </span>
     <span class='ocr_line' id='line_1_36' title="bbox 149 4611 1355 4706; baseline -0.002 -21"><span class='ocrx_word' id='word_1_323' title='bbox 149 4611 254 4688; x_wconf 62' lang='lat' dir='ltr'><strong>¹⁴sire.</strong></span> <span class='ocrx_word' id='word_1_324' title='bbox 272 4641 329 4699; x_wconf 68' lang='lat' dir='ltr'><strong>uu.</strong></span> <span class='ocrx_word' id='word_1_325' title='bbox 365 4642 515 4692; x_wconf 80' lang='lat' dir='ltr'><strong>belestim.</strong></span> <span class='ocrx_word' id='word_1_326' title='bbox 534 4640 631 4690; x_wconf 70' lang='lat' dir='ltr'><strong>Animae</strong></span> <span class='ocrx_word' id='word_1_327' title='bbox 650 4641 741 4703; x_wconf 74' lang='lat' dir='ltr'><strong>capi.</strong></span> <span class='ocrx_word' id='word_1_328' title='bbox 795 4640 896 4687; x_wconf 87' lang='lat' dir='ltr'><strong>mortuis</strong></span> <span class='ocrx_word' id='word_1_329' title='bbox 924 4637 1049 4686; x_wconf 78' lang='lat' dir='ltr'><strong>seminant.</strong></span> <span class='ocrx_word' id='word_1_330' title='bbox 1086 4635 1164 4686; x_wconf 87' lang='lat' dir='ltr'><strong>Utitur</strong></span> <span class='ocrx_word' id='word_1_331' title='bbox 1190 4633 1267 4684; x_wconf 86' lang='lat' dir='ltr'><strong>rerhrs</strong></span> <span class='ocrx_word' id='word_1_332' title='bbox 1290 4645 1355 4706; x_wconf 69' lang='lat' dir='ltr'><strong>quta</strong></span> 
     </span>
     <span class='ocr_line' id='line_1_37' title="bbox 150 4686 1354 4772; baseline -0.007 -19"><span class='ocrx_word' id='word_1_333' title='bbox 150 4686 248 4755; x_wconf 59' lang='lat' dir='ltr'><strong>Adds</strong></span> <span class='ocrx_word' id='word_1_334' title='bbox 265 4710 387 4770; x_wconf 78' lang='lat' dir='ltr'><strong>Angustia.</strong></span> <span class='ocrx_word' id='word_1_335' title='bbox 406 4709 439 4758; x_wconf 85' lang='lat' dir='ltr'><strong>De</strong></span> <span class='ocrx_word' id='word_1_336' title='bbox 451 4709 556 4758; x_wconf 82' lang='lat' dir='ltr'><strong>Moribus</strong></span> <span class='ocrx_word' id='word_1_337' title='bbox 566 4708 629 4756; x_wconf 83' lang='lat' dir='ltr'><strong>Eecl.</strong></span> <span class='ocrx_word' id='word_1_338' title='bbox 650 4707 744 4772; x_wconf 73' lang='lat' dir='ltr'><strong>eapbi</strong></span> <span class='ocrx_word' id='word_1_339' title='bbox 795 4718 886 4754; x_wconf 87' lang='lat' dir='ltr'><strong>morem</strong></span> <span class='ocrx_word' id='word_1_340' title='bbox 905 4702 1120 4766; x_wconf 81' lang='lat' dir='ltr'><strong>ostenduntmagis</strong></span> <span class='ocrx_word' id='word_1_341' title='bbox 1136 4696 1354 4759; x_wconf 76' lang='lat' dir='ltr'><strong>ridiculumlllrg.)</strong></span> 
     </span>
     <span class='ocr_line' id='line_1_38' title="bbox 153 4761 1355 4840; baseline 0.001 -24"><span class='ocrx_word' id='word_1_342' title='bbox 153 4762 280 4824; x_wconf 58' lang='lat' dir='ltr'><strong>„tutte</strong></span> <span class='ocrx_word' id='word_1_343' title='bbox 306 4778 440 4827; x_wconf 88' lang='lat' dir='ltr'><strong>consectari</strong></span> <span class='ocrx_word' id='word_1_344' title='bbox 465 4777 548 4826; x_wconf 87' lang='lat' dir='ltr'><strong>turbas</strong></span> <span class='ocrx_word' id='word_1_345' title='bbox 567 4776 742 4840; x_wconf 87' lang='lat' dir='ltr'><strong>imperitorum,</strong></span> <span class='ocrx_word' id='word_1_346' title='bbox 829 4766 1137 4837; x_wconf 81' lang='lat' dir='ltr'><strong>rl.etiarnipsata.]Seneca</strong></span> <span class='ocrx_word' id='word_1_347' title='bbox 1147 4761 1355 4829; x_wconf 75' lang='lat' dir='ltr'><strong>tragicus‘lroado</strong></span> 
     </span>
    </p>
   </div>
   <div class='ocr_carea' id='block_1_8' title="bbox 1142 4845 1200 4900">
    <p class='ocr_par' dir='ltr' id='par_1_10' title="bbox 1142 4845 1200 4900">
     <span class='ocr_line' id='line_1_39' title="bbox 1142 4845 1200 4900; baseline -0.017 0"><span class='ocrx_word' id='word_1_348' title='bbox 1142 4845 1200 4900; x_wconf 75' lang='grc'><strong>30*</strong></span> 
     </span>
    </p>
   </div>
   <div class='ocr_carea' id='block_1_9' title="bbox 0 0 1638 5775">
    <p class='ocr_par' dir='ltr' id='par_1_11' title="bbox 0 0 1638 5775">
     <span class='ocr_line' id='line_1_40' title="bbox 0 0 1638 5775; baseline 0 0"><span class='ocrx_word' id='word_1_349' title='bbox 0 0 1638 5775; x_wconf 95' lang='lat' dir='ltr'><strong> </strong></span> 
     </span>
    </p>
   </div>
  </div>
 </body>
</html>
