3242 5775
548 680 695 724 ADVERSUS
717 681 891 726 ltttcttttttt!
912 684 970 728 ttn.
986 685 1024 728 IV.
1313 678 1377 743 265

198 829 328 891 reuma
352 829 412 903 illi,
434 839 471 891 et*
485 838 621 910 potestas
644 831 709 893 eius
731 841 867 906 aeterna,
896 851 971 911 quae
993 852 1054 896 non
1077 838 1243 910 auferetur,
1272 848 1302 901 et
1323 860 1375 905 re·

197 949 278 1010 με·
300 932 388 1005 eius,
411 932 490 1011 quod
513 949 575 993 non
597 941 822 1010 corrumpetur,
845 933 912 1012 quia
934 952 990 996 nec
1003 936 1170 998 morientur
1183 938 1214 999 in
1230 939 1297 1013 illo,
1320 926 1496 1033 neclffib

197 1031 318 1103 sient,
344 1032 399 1094 sm
421 1040 510 1094 erunt
531 1032 610 1094 sicut
630 1032 737 1110 angeli.
777 1032 819 1094 lle
841 1034 948 1096 eodem
969 1036 1095 1128 adreptu
1118 1038 1168 1099 lilii
1191 1039 1324 1102 hominis
1346 1053 1376 1105 et

196 1135 314 1197 'buda
340 1134 409 1194 eius
430 1134 508 1213 apud
523 1132 683 1195 5³hbacuc:
706 1129 808 1195 linisti'
821 1135 853 1196 in
874 1135 1029 1198 “salutem
1040 1138 1145 1216 populi
1161 1138 1203 1199 tui
1220 1140 1255 1200 ad
1272 1141 1371 1203 salros
1386 1142 1472 1236 flffilgg·

197 1235 341 1299 edendos
353 1234 492 1296 Christos
508 1241 593 1308 tuos3
614 1234 796 1296 “erecturos
820 1235 933 1298 scilicet
953 1236 1016 1298 “se
1038 1246 1068 1300 et
1082 1239 1178 1317 capita
1192 1238 1371 1303 ⁴⁷levaturos
1427 1223 1434 1244 ’
1467 1223 1473 1237 ’

197 1346 381 1416 stempore
404 1334 489 1413 regni
511 1334 723 1413 ⁴’redemptos
756 1335 849 1414 igitur
870 1355 937 1398 cum
960 1345 990 1398 et
1011 1339 1085 1399 haec
1106 1358 1182 1418 quae
1204 1349 1275 1401 sunt
1295 1358 1370 1420 pro-

197 1439 372 1500 nissionum
395 1436 523 1516 proinde
543 1438 721 1497 conveniant
743 1435 821 1498 sicut
836 1445 866 1499 et
880 1438 929 1499 illa
943 1456 1018 1518 quae
1040 1448 1112 1501 suut
1125 1440 1370 1517 concussionum,

198 1538 440 1601 soensonantia
454 1537 693 1617 propheticarum
710 1546 739 1597 et
754 1537 968 1599 dominicarum
983 1538 1275 1619 pronuntiationum,
1298 1542 1369 1603 nul·

197 1659 238 1702 n
260 1639 347 1700 'hic
367 1638 485 1717 poteris
507 1639 701 1699 interstruere
723 1637 962 1712 distinctionem,
996 1649 1029 1701 ut
1055 1640 1272 1702 concussiones
1300 1642 1370 1721 qni·

197 1744 250 1803 ban
272 1742 397 1802 referas
418 1738 455 1800 ad
478 1746 658 1812 creatorem,
681 1738 821 1800 saevitiae
843 1739 956 1800 scilicet
970 1740 1076 1812 deum,
1099 1758 1172 1819 quas
1189 1758 1245 1801 nec
1259 1740 1368 1816 sinere,

197 1843 326 1904 'unm
350 1847 508 1919 expectare
541 1837 664 1918 deberet
691 1840 765 1901 deus
798 1840 946 1919 optimus,
979 1839 1197 1919 promissiones
1219 1858 1290 1902 vero
1312 1842 1369 1905 deo

197 1943 298 2024 ptimo
324 1941 472 2020 deputes,
494 1959 569 2019 quas
591 1949 707 2001 creator
727 1939 868 2019 ignorans
891 1940 974 2001 illum
989 1959 1049 2002 non
1063 1940 1285 2020 prophetasset
1312 1943 1370 2005 hut

197 2043 308 2106 imas
338 2041 546 2122 prophetarit,
580 2058 641 2102 non
668 2041 814 2103 distantes
844 2060 859 2102 a
888 2040 1139 2120 promissionibus
1163 2040 1288 2114 Christi,
1315 2061 1370 2122 par

197 2145 243 2206 uit
262 2144 296 2205 in
318 2142 459 2204 libertate
482 2143 596 2221 optimo
619 2141 692 2215 deo,
726 2160 782 2204 nec
802 2142 870 2222 plus
893 2141 1041 2204 videbitur
1062 2160 1079 2203 a
1101 2141 1219 2204 Christo
1243 2150 1294 2205 tuo
1316 2161 1368 2205 re-

197 2244 324 2325 mitti
345 2261 436 2323 quam
465 2261 482 2303 a
508 2259 577 2303 meo
605 2242 666 2303 lilio
694 2242 837 2304 hominis.
885 2243 988 2322 ipsum
1017 2244 1176 2305 decursum
1205 2243 1369 2322 scripturae
1444 2323 1453 2328 -

198 2345 375 2425 angelicae
397 2343 435 2404 ab
457 2342 692 2422 interrogatione
714 2343 929 2424 discipulorum
952 2362 1048 2423 usque
1070 2344 1106 2405 ad
1128 2343 1299 2422 parabolam
1321 2344 1369 2405 lici

199 2445 233 2508 'sa
249 2445 387 2508 harenies
410 2453 550 2505 cantexm
573 2462 682 2505 sensus
704 2444 764 2505 tilio
780 2439 913 2506 hominis
926 2444 997 2506 hinc
1010 2454 1097 2524 atque
1112 2444 1192 2510 illinc
1206 2445 1368 2506 adhaerere

202 2555 229 2608 1
244 2547 275 2609 'm
295 2546 381 2609 illum
403 2544 574 2625 compingat
594 2554 624 2605 et
644 2545 740 2606 tristia
762 2555 792 2606 et
814 2546 889 2606 laeta
911 2553 940 2607 et
954 2545 1169 2607 concussiones
1190 2555 1221 2606 et
1234 2544 1368 2624 promis·

205 2645 313 2719 danes,
342 2646 525 2723 necpossis
548 2664 687 2722 separare
711 2645 820 2706 abillo
848 2646 971 2706 alteram
999 2654 1122 2723 partem.
1167 2645 1260 2707 Unius
1288 2646 1368 2707 enim

208 2743 249 2808 fl
264 2743 396 2806 hominis
418 2743 547 2833 adventu
569 2746 730 2806 constituto
759 2744 838 2805 inter
864 2743 940 2806 duos
968 2745 1064 2805 exitus
1086 2745 1317 2808 concussionum
1339 2754 1369 2807 et

210 2846 427 2925 pemissionum
456 2863 581 2907 necesse
608 2854 656 2907 est
682 2845 718 2907 ad
747 2862 838 2908 unum
866 2845 1034 2925 pertineant
1060 2845 1150 2907 tilium
1180 2846 1310 2909 bominis
1339 2857 1369 2910 et

215 2945 380 3009 'ncommoda
402 2946 556 3007 nationum
579 2955 608 3008 et
628 2956 697 3007 rota
720 2954 906 3018 sanctorum,
943 2946 1022 3025 ”qui
1052 2948 1092 3008 ita
1120 2948 1238 3025 positus
1267 2948 1368 3009 estin

218 3048 295 3109 satio
316 3056 347 3110 ut
368 3047 536 3108 eommunis
558 3047 685 3108 exitibus
707 3047 868 3120 ambobus,
891 3047 1016 3108 alterum
1031 3048 1226 3109 conclusurus
1241 3049 1368 3110 adventu

198 3150 277 3219 ἰο,
299 3149 327 3209 id
349 3157 397 3210 est
417 3149 605 3209 incommoda
627 3148 796 3220 nationum,
830 3149 954 3209 alterum
982 3148 1143 3226 incipiens,
1175 3149 1204 3208 id
1234 3156 1280 3211 est
1301 3159 1368 3210 vota

225 3256 380 3321 monam,
402 3259 450 3322 ut,
475 3250 538 3310 sive
560 3250 617 3309 mei
633 3249 742 3311 Christi
764 3250 951 3310 concesseris
974 3249 1130 3309 adventum
1153 3248 1204 3308 tilii
1226 3249 1367 3321 hominis,

229 3361 269 3422 μ
285 3349 351 3410 mala
373 3349 556 3412 imminentia
579 3351 605 3410 ei
627 3351 797 3429 “deputem
818 3369 893 3429 quae
916 3350 1072 3409 adventum
1095 3348 1160 3409 eius
1182 3348 1368 3421 antecedunt,

234 3448 316 3524 mis
337 3452 421 3512 etiam
442 3451 524 3512 bona
551 3451 578 3512 ei
606 3451 776 3512 adscribere
804 3469 879 3530 quae
910 3450 945 3509 ab
974 3449 1100 3509 adventu
1127 3447 1192 3507 eius
1222 3448 1368 3520 criuntur,
1450 3494 1453 3499 .

236 3541 300 3609 'tire
317 3552 355 3612 tui
375 3552 532 3626 malueris,
566 3571 624 3631 quo
651 3553 728 3613 bona
758 3553 785 3613 ei
813 3551 966 3613 adscribas
995 3568 1069 3628 qnae
1091 3547 1128 3609 ab
1150 3547 1277 3608 adventu
1304 3548 1369 3610 eius

241 3646 352 3723 riatur,
372 3653 487 3732 cogaris
509 3653 584 3714 mala
607 3673 724 3733 quoque
745 3654 772 3713 ei
786 3653 928 3732 deputare
951 3670 1025 3731 quae
1048 3650 1203 3711 adventum
1227 3650 1292 3710 eius
1313 3668 1369 3710 an-

198 3798 202 3809 .
243 3749 348 3812 uuae
385 3753 457 3814 Tam
481 3754 559 3815 enim
582 3755 656 3815 mala
679 3755 841 3815 cohaerent
861 3754 997 3814 adventui
1020 3751 1071 3812 lilii
1093 3750 1224 3811 bominis
1247 3758 1370 3811 antece·

197 3872 207 3913 r
246 3840 308 3910 hle
325 3870 402 3931 quam
426 3863 456 3916 et
479 3854 555 3915 bona
577 3855 798 3933 subsequendo.
832 3855 949 3926 Quaere
972 3853 1062 3932 igitur
1084 3871 1172 3932 quem
1194 3872 1230 3913 ex
1252 3850 1369 3913 duobus

198 3978 210 4013 a
249 3938 330 4012 stitia
347 3956 507 4016 constituas
529 3953 559 4015 in
581 3973 711 4033 persona
733 3955 822 4016 unius
845 3955 895 4015 lilii
918 3954 1048 4015 hominis
1064 3955 1095 4014 in
1115 3954 1230 4032 “quam
1246 3962 1371 4032 duaque

198 4118 212 4145 ,-
251 4038 361 4127 hesitio
381 4057 534 4117 referatur.
565 4056 622 4116 hut
643 4064 672 4116 et
692 4065 857 4117 creatorem
873 4055 1016 4134 optimum
1039 4062 1089 4114 aut
1109 4054 1169 4114 ⁵³et
1184 4054 1270 4114 deum
1288 4062 1371 4115 tuum

198 4188 213 4249 ³,
254 4156 343 4223 *un
372 4155 477 4217 dedisti
512 4165 624 4218 natura.
678 4157 711 4216 ln
746 4175 861 4217 summa
897 4155 992 4234 ipsius
1024 4154 1182 4233 parabolae
1214 4155 1371 4215 considera

207 4322 419 4391 'distasset
471 4341 511 4391 ts.
530 4343 633 4391 Abacum
654 4342 676 4391 G.
713 4343 827 4391 ambitam
847 4343 872 4390 ll.
922 4341 961 4389 44.
981 4338 1058 4388 salute
1078 4340 1101 4387 C.
1143 4339 1183 4388 45.
1204 4348 1328 4388 erecturus
1347 4340 1370 4389 C.

198 4458 215 4477 Ἴ
253 4402 371 4459 ΨΜ.
421 4408 462 4458 to.
481 4418 547 4459 etse
566 4420 588 4458 et
607 4411 631 4458 tt.
684 4409 725 4458 47.
744 4411 880 4458 elevaturus
898 4409 921 4456 tt.
958 4408 1077 4455 levaturus
1097 4406 1119 4456 G.
1172 4404 1213 4455 48.
1232 4407 1372 4470 redemptos

254 4454 522 4539 'elihninspoteris
544 4479 711 4527 ineoustruere
736 4477 760 4526 e.
814 4476 854 4525 bil.
880 4476 981 4525 necdum
1001 4476 1074 4524 scat.
1127 4474 1168 4523 51.
1188 4474 1242 4537 quia
1262 4476 1285 4524 d.
1329 4471 1371 4522 52.

199 4522 215 4549 ⁴
254 4536 361 4606 ἘΜ
410 4543 711 4603 5³.st=aeatmatue1·a,
736 4560 783 4607 qrro
802 4545 865 4592 bona
885 4545 905 4591 ei
925 4543 1048 4592 adscribas
1073 4557 1134 4606 quae
1152 4542 1182 4589 ab
1200 4541 1301 4591 adventu
1320 4542 1373 4588 eiua

253 4606 322 4655 Ut
336 4611 434 4691 0⁸.th
480 4612 520 4661 54.
538 4627 609 4676 quem
628 4614 660 4671 d,
680 4628 731 4661 cam
749 4613 830 4662 Fulvio
851 4612 940 4660 braiao.
993 4610 1035 4660 bb.
1053 4618 1077 4660 et
1094 4625 1137 4660 om.
1151 4611 1175 4658 d.

204 4750 214 4789 t
268 4736 388 4807 ξῶριιοι]
407 4743 529 4794 Leideasis
545 4747 606 4794 liber
621 4746 759 4794 etlihenani
812 4743 1014 4809 quemadmodum
1034 4745 1149 4808 deputare.
1174 4741 1373 4804 l'.quaeenem-

198 4816 214 4861 tt
251 4804 372 4859 nette
389 4811 505 4873 praebent
521 4821 619 4878 reputes.
652 4815 683 4862 lc
701 4828 759 4861 sane
812 4814 853 4877 pla
871 4811 989 4876 adscripsi
1007 4811 1038 4861 ad
1056 4811 1089 4860 lle
1107 4811 1173 4860 Orat.
1193 4806 1282 4871 capi.

250 4872 316 4928 Μ
329 4876 487 4929 Tertullianus
513 4895 560 4931 non
584 4881 660 4931 semel
679 4882 762 4945 posuit
