3242 5775
561 651 728 731 'nemaeus
750 681 886 731 numos.
1253 645 1320 740 rau

152 839 310 920 patientur.
347 835 484 924 “nauti
507 846 577 898 tunc
597 835 655 899 lilia
678 835 753 899 Sion
773 835 981 917 relinquenda,
1006 853 1082 919 qnae
1102 831 1207 903 ¹‘nuda
1227 839 1317 905 lindie

152 939 223 1002 est?
245 939 294 1001 ubi
317 939 446 1001 civitates
468 937 643 1011 exurendae,
665 955 741 1019 quae
755 938 864 1000 iamin
879 938 1002 1002 tumulis
1014 937 1247 1012 musuclsudt?
1265 927 1317 1008 nbi

152 1041 302 1120 dispersio
324 1040 435 1121 gentis,
458 1059 533 1121 quae
554 1040 613 1102 iam
634 1036 787 1103 extorris?
822 1039 927 1103 liedda
943 1039 1207 1119 sunmtladaeae,
1229 1051 1318 1125 wem

154 1143 290 1206 Chrisms
312 1142 457 1216 inveniet,
480 1151 510 1203 et
531 1141 619 1204 alium
641 1140 817 1204 'contende
837 1141 950 1205 venire
1147 1141 1151 1150 '

238 1243 348 1306 Discite
369 1261 449 1306 nunc
469 1262 504 1305 ex
526 1242 718 1306 ¹abundantia
730 1243 853 1306 erroris
867 1243 958 1307 vestri
972 1243 1120 1306 ducatum.
1146 1243 1229 1307 boos
1243 1244 1319 1310 dici·-
1336 1245 1452 1310 ctrdtl‘·

153 1365 221 1408 mus
237 1345 345 1407 Christi
366 1345 483 1407 habitus
498 1364 514 1406 a
529 1345 685 1426 prophetis
707 1344 927 1408 demonstratos
950 1343 1072 1408 totidem
1094 1343 1236 1408 adleuare
1253 1343 1325 1410 cion·

154 1448 373 1528 'praenotatos
416 1446 511 1509 Unum
533 1445 563 1508 in
585 1446 765 1520 humilitate,
792 1447 894 1528 utique
914 1445 1059 1529 primum,
1086 1461 1153 1510 mm
1180 1455 1326 1530 tanquam·

161 1550 224 1611 oris
246 1549 282 1611 ad
304 1548 451 1611 victimam
473 1548 538 1610 duci
560 1547 701 1622 habebat,
732 1557 763 1610 et
790 1557 927 1629 tanquam
948 1561 1045 1628 agnus
1062 1543 1322 1616 moneodanum

155 1651 221 1713 eine
243 1670 330 1725 voce,
353 1650 397 1711 sic
418 1668 478 1711 non
500 1650 615 1729 aperuit
635 1649 688 1711 ’cs
710 1667 812 1724 suum,
835 1668 873 1711 ne
893 1657 1015 1730 aspectu
1029 1647 1148 1732 quidem
1161 1649 1319 1718 uorans.

154 1753 400 1816 Annuntiavimus
421 1752 516 1824 enim,
539 1751 650 1831 lnquit,
673 1750 710 1813 de
731 1751 781 1813 illo
803 1751 880 1814 sicat
900 1751 1058 1834 puerulus,
1086 1749 1167 1815 sicut'
1181 1751 1266 1816 radix
1285 1733 1432 1844 in¹⁸¹2·,¹,',¹‚¹¹’

155 1866 234 1918 terra
257 1853 383 1927 sitienti,
406 1862 435 1916 et
457 1871 517 1916 nou
540 1860 602 1915 erat
623 1853 650 1915 ei
671 1852 786 1933 species
800 1871 897 1933 neque
911 1851 1015 1934 gloria.
1050 1851 1088 1916 lit
1101 1851 1228 1916 viduus
1243 1869 1322 1932 anm,

157 1966 186 2019 et
208 1974 269 2017 non
289 1955 416 2017 habebat
438 1955 566 2035 speciem
588 1973 684 2034 neque
705 1954 859 2029 decorem,
891 1954 944 2017 sed
965 1954 1081 2036 species
1103 1955 1168 2018 eius
1190 1953 1321 2020 inbono·

156 2067 235 2130 rata,
258 2057 397 2119 deliciens
419 2056 492 2119 citra
513 2057 590 2118 lilios
613 2056 781 2130 bominum,
803 2055 895 2118 borno
920 2057 953 2120 iu
966 2057 1066 2140 plaga,
1089 2057 1230 2121 coedent
1245 2057 1324 2122 inne

156 2159 372 2232 infirmitatem,
405 2157 517 2220 seilicet
537 2167 568 2220 ut
589 2158 707 2238 posinna
729 2176 746 2219 a
763 2165 851 2238 patre
871 2157 901 2242 ¹¹¹
922 2157 1048 2239 lapidem
1071 2155 1474 2235 offensionis,'et1n.nu,n.

156 2262 322 2324 minoratus
343 2258 379 2322 ab
402 2279 438 2321 eo
460 2259 608 2322 modicum
631 2260 703 2322 citra
717 2259 855 2340 angelos,
875 2271 1006 2322 vermem
1028 2278 1062 2322 se
1083 2255 1270 2340 pronuntiat,
1292 2265 1479 2332 etr·.vm‚e..‘

156 2381 219 2425 nou
240 2362 407 2436 bominem,
434 2361 624 2441 ignominiam
645 2360 776 2423 hominis
798 2370 830 2423 et
849 2353 1048 2424 abiectionem
1063 2361 1176 2443 populi.
1217 2359 1461 2436 masmanna.
1485 2379 1488 2384 ’

157 2463 350 2544 ignobilitatis
372 2471 542 2543 argumenta
563 2463 661 2543 primo
682 2461 819 2525 adventui
834 2471 1021 2544 competunt,
1044 2463 1120 2527 siccat
1134 2461 1324 2528 sublimitatis
1349 2529 1352 2534 .

159 2566 308 2640 secunde,
337 2583 404 2627 cum
426 2565 491 2639 liet,
520 2566 577 2626 iam
599 2582 659 2626 nou
680 2564 755 2646 lapis
778 2564 970 2641 offensionis,
1001 2581 1065 2629 nec·
1078 2571 1162 2648 petra
1184 2565 1332 2644 scandali,

157 2669 212 2730 sed
233 2667 307 2748 lapis
329 2685 463 2729 summus
477 2666 626 2746 angularis
640 2676 710 2748 post
724 2666 963 2747 reprobationum
978 2667 1151 2749 adsumptus
1173 2675 1210 2732 et'
1228 2665 1325 2732 subli-

158 2777 257 2831 matus
279 2769 309 2830 in
332 2769 632 2842 consummationem,
665 2774 696 2830 et
724 2777 808 2849 petra
836 2785 908 2832 eane
934 2767 983 2831 illa
1010 2769 1088 2850 apud
1108 2765 1258 2834 binielem
1285 2767 1470 2836 dionaeum.

159 2878 263 2933 moute
283 2870 432 2952 praecisa,
464 2889 539 2951 quae
566 2870 722 2952 imaginem
750 2869 944 2934 saecularium
966 2888 1124 2952 regnorum
1146 2869 1332 2935 comminuet

160 2982 191 3034 et
212 2981 354 3034 conteret
403 2972 446 3034 lle
473 2991 532 3052 quc
561 2972 692 3069 secundp
721 2973 846 3036 adventu
873 2972 1026 3037 ¹eiusdem
1046 2972 1148 3036 Daniel
1169 2974 1256 3038 dixit:
1288 2969 1444 3076 Εἴθ’,ξζιξῑ

160 3092 229 3135 ecce
251 3083 316 3136 nrm
337 3073 466 3136 nubibus
488 3074 559 3137 caeli
581 3083 718 3154 tanquam
741 3075 819 3137 lilius
841 3073 971 3137 bominis
992 3075 1115 3137 veniens
1130 3076 1211 3139 veuit
1230 3095 1327 3158 usque

158 3175 196 3237 ad
218 3185 347 3237 veterem
370 3176 494 3248 dierum,
518 3185 549 3237 et
569 3176 668 3237 aderat
684 3177 719 3237 in
741 3184 903 3255 conspectu
925 3176 1000 3249 eius,
1024 3176 1116 3256 etqui
1135 3176 1326 3251 adsistebant,

161 3276 346 3338 adduxerunt
366 3276 463 3351 illum,
486 3286 516 3337 et
537 3276 602 3338 data
624 3285 673 3338 est
693 3277 719 3338 ei
741 3285 875 3357 potestas
893 3276 989 3357 regia,
1013 3286 1043 3338 et
1065 3294 1169 3339 omnes
1192 3276 1328 3340 nationes

161 3386 261 3439 terrae
284 3378 445 3440 secundum
468 3395 561 3456 genus
590 3385 619 3438 et
646 3377 744 3439 omnia
770 3378 863 3457 gloria
885 3376 1035 3439 ‘sennem
1055 3376 1112 3448 illl,
1143 3385 1173 3438 et
1193 3384 1332 3456 potestas

163 3479 243 3541 illius
265 3488 399 3552 aeterna,
423 3497 497 3559 quae
519 3497 579 3540 non
601 3480 765 3553 auferetur,
788 3489 819 3541 et
832 3494 954 3558 regnum
970 3478 1051 3550 eius,
1074 3476 1154 3558 quod
1175 3496 1235 3540 non
1258 3496 1328 3540 cor-

161 3589 326 3660 rumpetur.
347 3582 448 3655 ¹'lunc
470 3581 580 3642 scilicet
601 3580 729 3660 speciem
751 3578 956 3643 honorabilem
979 3587 1008 3640 et
1022 3578 1159 3641 decorem
1174 3578 1328 3642 babituros

162 3691 213 3746 est
233 3683 447 3745 indeficientem
468 3683 561 3744 ⁷ultra
590 3682 666 3743 lilios
694 3681 863 3756 bominum,
896 3679 1088 3761 tempestivus
1116 3680 1194 3742 enim
1220 3682 1328 3743 decore

161 3787 236 3849 citra
258 3785 335 3845 lilios
357 3787 520 3847 hominum.
553 3784 655 3845 Effusa
670 3792 716 3845 est
730 3766 837 3863 gracia,
860 3781 970 3863 inquit,
993 3783 1023 3844 in
1045 3780 1130 3845 labiis
1152 3781 1228 3856 tuis,
1250 3765 1324 3863 pross
1337 3775 1441 3884 Ρῇξᾳιζν

161 3897 266 3968 pterea
287 3885 437 3949 benedixit
459 3896 486 3948 te
508 3885 580 3947 deus
595 3885 625 3946 in
640 3885 820 3947 'aeternum
851 3884 1008 3965 accingere
1023 3901 1124 3947 ensem
1138 3892 1222 3946 tuum
1235 3882 1329 3946 'circa

163 3990 263 4049 lemur
283 3997 380 4058 tuum,
403 3987 638 4068 ¹⁰potentissime
654 3987 882 4067 tempestivitate
897 3995 925 4048 et
939 3986 1155 4067 pulchritudine
1176 3994 1242 4061 tua3
1264 4002 1330 4049 cum

164 4100 196 4152 et
217 4099 301 4167 pater
322 4099 442 4170 postea,
470 4109 535 4152 cum
558 4088 694 4151 diminuit
714 4088 795 4150 illum
819 4086 965 4149 modicum
989 4086 1085 4169 ¹¹quid
1106 4088 1178 4149 cina
1201 4087 1330 4169 angelos,

165 4192 261 4272 gloria
283 4192 448 4254 ethonore
470 4192 623 4253 coronavit
650 4191 749 4264 illum,
782 4199 812 4252 et
839 4188 968 4252 subiecit¹
996 4189 1094 4251 omnia
1123 4186 1177 4251 sub
1205 4189 1330 4268 pedibus

165 4295 244 4356 eius.
287 4293 324 4355 Et
346 4304 415 4356 tunc
435 4304 616 4373 cognoscent
638 4312 721 4365 eum,
744 4312 831 4372 quem
853 4299 1057 4371 pupugerunt,
1081 4297 1111 4351 et
1131 4289 1254 4353 caedem
1273 4299 1481 4372 ponteseram.

165 4404 250 4457 ctera
272 4414 326 4456 sua
348 4395 442 4457 tribus
465 4395 500 4455 ad
522 4395 648 4467 tribum,
671 4395 771 4473 utique
792 4393 870 4474 quod
893 4403 1056 4485 retronea
1078 4390 1249 4471 agnoverint
1263 4410 1330 4454 eum

167 4515 210 4566 87.
230 4523 253 4564 et
271 4519 364 4566 oman
416 4515 456 4566 88.
476 4516 540 4565 nulla
559 4516 631 4565 bodie
648 4525 685 4565 est
702 4515 768 4567 obed.
803 4514 864 4563 invia
883 4512 954 4563 bodie
972 4518 1009 4561 ast
1026 4512 1143 4562 Garnae.
1180 4512 1213 4577 δι’.
1231 4512 1331 4563 elenen

167 4586 199 4634 ed
218 4583 306 4633 libili
322 4585 458 4634 idnllorc.
477 4601 525 4647 cup.
537 4583 576 4634 23.
613 4584 696 4632 insidia
715 4582 786 4632 bodie
804 4589 843 4632 est
858 4581 951 4645 religni.
993 4577 1034 4630 80.
1052 4579 1196 4630 contendere
1214 4581 1292 4630 uenire
1305 4582 1332 4630 Δ.

238 4651 296 4714 Cap.
316 4652 370 4700 llll.
408 4655 429 4701 l.
448 4652 576 4701 abundanti
595 4653 627 4713 d,
647 4667 697 4701 coar
715 4652 813 4700 tolete.
865 4646 889 4697 2.
908 4654 1063 4712 praenotasse
1080 4649 1117 4700 cd.
1162 4646 1332 4706 decenum,

167 4734 214 4768 nec
232 4718 272 4775 (ne
292 4720 324 4771 dt
342 4722 395 4769 iad.
418 4722 485 4769 Votis.
522 4734 549 4768 os
569 4734 597 4767 ne
614 4720 706 4783 reliqui.
753 4717 777 4767 i.
796 4715 868 4766 lunt!
886 4715 925 4764 ltu
943 4714 1079 4765 SECVNDO
1097 4714 1231 4766 tntssnlv
1248 4714 1332 4764 ctlltl·
1440 4764 1445 4775 ,

168 4786 226 4835 sil.
255 4789 321 4844 Quae
340 4789 394 4837 naa.
436 4788 473 4836 DE
493 4786 628 4836 SECVNDO
646 4784 788 4835 lnvnnnll.
819 4787 884 4843 Quae
902 4786 935 4833 l:
987 4783 1010 4832 5.
1034 4783 1097 4833 idem
1120 4784 1174 4834 Acti.
1195 4784 1264 4833 vnn.
1307 4780 1332 4830 ii.

168 4855 257 4904 serviet
274 4857 298 4904 l.
342 4855 366 4904 l.
384 4856 445 4905 ultra
463 4850 485 4904 l.
521 4854 702 4923 saprasrellprn'.
743 4851 767 4902 8.
785 4860 909 4902 aeteruum
925 4845 966 4901 ll.
1000 4850 1096 4903 saccula
1113 4851 1204 4916 reliqui.
1248 4848 1272 4900 n.
1290 4863 1334 4901 sa·

167 4936 215 4988 per
232 4924 256 4971 t.
310 4922 350 4972 10.
368 4925 535 4988 potentissine
551 4918 574 4972 λ.
609 4928 695 4986 potans
712 4921 804 4985 reliqui.
857 4918 897 4970 ll.
916 4917 1012 4984 quidem
1028 4912 1070 4970 tl.
1196 4912 1203 4925 ‘

1128 4997 1184 5052 tl*
