3242 5775
476 618 517 661 ns
538 618 796 666 summarum
818 625 1058 676 nmasmcoson.
1321 627 1361 690 l‘l

104 837 106 860 Ε
165 766 394 848 correptionem
418 767 615 844 'convenire,
647 788 710 833 non
737 782 810 853 post
838 775 1079 857 disputationem.
1135 782 1235 847 'Adeo
1263 788 1360 852 inter·

164 867 239 929 dixit
252 866 524 949 'disputationem
547 872 769 951 correptionem
791 875 952 956 designans
967 879 1104 944 ⁴causam
1120 885 1260 948 baeretici
1283 907 1359 950 con-

105 983 107 1036 ;
164 969 322 1043 vmimdi,
345 976 377 1030 et
398 969 459 1030 boe
480 989 569 1032 unam
593 973 720 1046 scilicet,
744 975 813 1054 quia
836 996 896 1038 non
920 987 968 1041 est
991 981 1190 1057 Christianus,
1212 1006 1250 1048 ne
1272 1007 1357 1052 more
1383 1007 1457 1053 avenn.

164 1068 327 1132 misnam
350 1070 448 1132 semel
469 1079 501 1132 et
522 1071 630 1135 iterum
653 1082 684 1135 et
705 1074 763 1136 sub
784 1076 903 1138 duobus
919 1078 986 1142 'aut
1007 1082 1102 1145 tribus
1120 1086 1246 1148 testibus
1263 1056 1511 1151 casti-”mm

166 1171 285 1251 gabelus
313 1171 482 1246 videretur,
515 1191 582 1235 cum
614 1174 653 1235 ob
681 1174 741 1237 boc
763 1176 803 1238 sit
824 1179 1011 1258 castigandus
1040 1193 1166 1264 propter
1192 1189 1271 1266 quod
1294 1207 1357 1252 non

167 1272 208 1334 sit
238 1290 309 1334 mm
335 1272 389 1333 illo
418 1272 648 1353 disputandum,
679 1274 807 1339 “debinc
834 1277 993 1357 'quoniam
1020 1284 1094 1346 nibil
1122 1288 1257 1364 prollciat
1279 1307 1354 1350 con-

168 1373 290 1452 gressio
365 1373 550 1453 ‘pturarum,
580 1376 639 1437 nisi
660 1376 748 1457 plane
769 1377 821 1439 'ut
843 1382 986 1443 stomachi
1014 1401 1071 1462 qua
1100 1386 1180 1447 ineat
1201 1386 1353 1450 'eversio-

169 1491 238 1536 nem
261 1492 301 1535 au
337 1474 511 1536 ”cerebrilt

252 1574 319 1637 Ista
340 1575 478 1637 haeresis
500 1594 562 1638 non
584 1578 689 1657 recipit
711 1578 854 1659 quasdam
883 1581 1063 1661 scripturas,
1093 1592 1124 1645 et
1150 1585 1178 1646 si
1207 1604 1281 1665 quas
1303 1606 1355 1649 re·
1373 1612 1498 1671 cavan.

174 1675 258 1757 dpit,
291 1677 336 1737 ¹et
358 1675 577 1738 adiectionibus
601 1688 630 1739 ct
652 1679 885 1741 detractionibus
913 1681 950 1742 ad
973 1682 1202 1762 dispositionem
1225 1686 1354 1760 instituti

175 1778 218 1837 sui
240 1778 426 1850 intervertit,
457 1776 537 1839 etsi
559 1778 682 1858 recipit,
709 1800 770 1841 non
799 1781 905 1860 recipit
927 1779 1094 1862 ”integram
1121 1784 1198 1846 etsi
1221 1784 1353 1864 'aliqua-

176 1887 257 1939 tenus
280 1878 413 1957 integras
435 1884 584 1957 praestat,
607 1879 799 1942 nihilominus
816 1881 950 1942 divorsas
973 1882 1177 1962 expositiones
1200 1904 1354 1948 commen-

176 1987 229 2039 tata
244 1979 404 2040 convertit
439 1978 566 2039 Tantum
589 1980 704 2041 veritati
724 1981 872 2061 obstrepit
892 1983 1006 2045 adulter
1029 2002 1138 2046 sensus
1161 1993 1302 2064 quantum
1325 1994 1355 2047 et

178 2077 350 2159 ‘corruptor
364 2079 460 2139 stilus.
500 2078 615 2140 ‘Vanae
635 2077 896 2162 praesumptiones
918 2084 1090 2146 necessario
1112 2084 1237 2146 ‘nolunt
1258 2104 1352 2164 agno·

181 2197 257 2242 scere
280 2199 313 2240 ea
336 2198 393 2260 per
416 2198 491 2259 quae
514 2180 715 2243 revincuntur.
767 2182 823 2243 llis
850 2183 985 2246 nituntur
1014 2203 1090 2264 quae
1112 2204 1147 2246 ex
1170 2184 1244 2246 lalso
1266 2203 1353 2247 eom-

179 2289 340 2360 posuerunt
363 2288 395 2341 et
417 2299 490 2360 quae
513 2280 570 2341 'de
592 2281 779 2361 ambiguitate
801 2293 973 2364 ceperunt·.
1026 2284 1105 2355 Quid
1132 2283 1353 2363 promovebisl,

182 2381 422 2443 uescimissime
443 2380 674 2461 seripturarum,
704 2402 770 2445 cum
799 2384 826 2445 si
855 2384 925 2464 quid
949 2383 1134 2458 defenderis,
1167 2394 1291 2463 negetur
1318 2402 1355 2445 ex

183 2477 358 2556 liverso‚'si
381 2482 454 2560 quid
477 2484 650 2561 negaveris,
673 2483 871 2547 delendaturl
918 2485 955 2546 Et
983 2491 1014 2544 tu
1041 2485 1159 2563 quidem
1188 2484 1261 2545 nihil
1282 2501 1353 2564 per·
1395 2559 1397 2574 Ι
1487 2541 1494 2554 ,

185 2582 230 2643 des
248 2584 305 2644 nisi
329 2601 440 2643 vocem
462 2582 492 2643 in
517 2583 740 2658 'contentione,
770 2585 843 2646 nihil
872 2584 1065 2664 consequeris
1093 2586 1151 2647 nisi
1181 2584 1288 2647 'bilem
1316 2583 1354 2646 de

188 2681 445 2764 bhspbematione.

256 2786 306 2846 llle
328 2803 423 2856 vero,
452 2785 479 2844 si
509 2783 577 2863 quis
606 2791 651 2845 est
682 2784 765 2846 cuius
787 2803 876 2847 causa
899 2785 944 2847 'in
973 2804 1169 2865 congressum
1196 2785 1354 2847 descendis
1373 2798 1507 2857 caprini.

185 2888 403 2966 scripturarum,
426 2894 461 2946 ut
483 2904 552 2946 eum
575 2884 757 2948 dubitantem
773 2889 941 2963 confirmes
965 2890 1001 2951 ad
1017 2888 1179 2960 veritatem,
1202 2907 1238 2948 an
1261 2886 1355 2966 magis

184 2987 213 3047 ad
240 2989 386 3049 haereses
419 2985 583 3064 deverget?
636 2986 701 3048 Hoc
729 2988 795 3068 ipso
824 2987 957 3061 'motum
991 2989 1070 3068 quod
1099 2998 1127 3049 te
1161 2989 1257 3049 videat
1283 2985 1357 3048 nibil

182 3091 383 3167 promovisse,
422 3105 520 3165 aequo
553 3087 646 3165 gradu
676 3088 802 3165 negandi
831 3096 861 3148 et
887 3089 1063 3150 defendendi
1091 3088 1232 3149 ’adversa
1261 3096 1357 3166 parte,

181 3189 263 3251 ‘statu
293 3199 381 3255 certe
411 3188 494 3266 pari,
528 3186 718 3248 altereatione
751 3172 892 3248 incertior
919 3190 1067 3262 discedet,
1099 3189 1238 3250 nesciens
1269 3205 1357 3266 quam

179 3289 324 3353 'haeresin
357 3290 483 3351 iudicet.
540 3287 622 3347 llaec
647 3288 748 3366 utique
771 3297 801 3349 et
822 3288 879 3367 ipsi
903 3289 1013 3351 habent
1040 3290 1071 3350 in
1093 3308 1150 3350 nos
1172 3299 1357 3365 retorquere.

230 3447 290 3507 [ap.
311 3443 375 3492 ΠΙ.
415 3440 440 3486 l.
461 3454 512 3485 non
531 3440 658 3483 tonnenire
677 3455 698 3485 o.
739 3438 762 3484 ².
783 3439 841 3485 ldeo
860 3455 919 3499 nmg.
962 3439 985 3484 3.
1005 3440 1168 3496 disputatione
1182 3438 1360 3486 fututtntnos.

170 3510 304 3559 brassam
324 3508 403 3557 noct.
445 3519 519 3552 causa
539 3505 632 3565 reliqui.
683 3503 706 3550 b.
725 3504 905 3562 sensibusne.
955 3504 977 3552 6.
998 3503 1127 3550 ἀοΙιὶιιοΔ.
1163 3502 1360 3565 demdereliqass'.

169 3578 187 3626 i.
204 3578 330 3642 quomodo
353 3574 474 3637 proticiat
495 3571 520 3618 B.
569 3568 593 3618 8.
613 3578 637 3617 ut
655 3572 771 3618 stomachi
791 3570 1031 3631 ultroneumque
1051 3570 1114 3616 ineat
1131 3571 1172 3618 Ad.
1209 3575 1234 3616 ut
1253 3577 1292 3616 aut
1308 3577 1360 3617 sto-

165 3650 235 3696 rmbi
255 3661 312 3710 quis
334 3645 406 3691 ineat
428 3639 521 3687 scone.
565 3646 589 3684 ut
608 3637 725 3685 stomachi
743 3639 798 3701 quis
818 3639 881 3685 ineat
900 3639 958 3685 liber
976 3638 1130 3685 divionensis.
1182 3635 1206 3686 9.
1225 3637 1360 3685 versionem

163 3715 213 3764 itu
232 3717 294 3763 liber
314 3708 490 3762 Ditionensis.
549 3703 587 3751 l0.
607 3705 685 3753 crebri
703 3707 728 3753 Δ.
764 3705 854 3753 celebri
875 3704 898 3752 B.

221 3784 279 3846 (329,
302 3779 378 3830 ΗΝ.
425 3775 446 3822 1.
470 3771 721 3820 eradtecnoninusn.
756 3773 932 3820 adiectionibus
951 3773 1044 3835 reliqui.
1080 3786 1127 3819 non
1142 3771 1228 3834 recipit
1241 3772 1359 3831 integras:

158 3851 332 3900 ediettionibus
354 3849 380 3896 d.
434 3841 461 3890 2.
483 3840 593 3899 integras
611 3854 653 3887 om.
665 3840 689 3887 il.
717 3839 792 3889 Verbo
811 3847 835 3886 et
852 3840 872 3887 ai
891 3840 985 3901 recipit,
1005 3853 1052 3886 non
1073 3839 1157 3901 recipit
1176 3843 1281 3897 integras
1299 3841 1324 3886 in
1336 3838 1360 3887 d.

155 3921 332 3981 legaturum
353 3923 380 3963 ct
403 3905 602 3959 adiectionibus.
648 3903 898 3968 &aliqnatinusdll
944 3906 967 3954 4.
988 3913 1190 3968 correptoromp.
1239 3905 1262 3952 5.
1282 3903 1359 3952 llansa

154 3988 180 4037 fv
195 3990 284 4045 lanies,
308 3983 403 4034 Desid.
416 3976 545 4027 Herbidus
557 3974 656 4032 Dioren.
666 3989 689 4034 p.
701 3971 758 4021 261.
795 3972 877 4021 Variae
896 3974 950 4022 non
969 3988 1054 4022 omnes.
1099 3973 1122 4021 6.
1141 3972 1281 4021 ιοΙιιηιΑΰ.
1302 3972 1361 4020 liber

152 4057 299 4104 Mami„
374 4049 403 4097 7.
428 4045 463 4091 de
486 4056 514 4088 ea
536 4040 732 4100 ambignitated.
783 4038 806 4088 8.
836 4042 990 4089 contentione
1012 4041 1082 4089 ntea.
1124 4039 1301 4087 contentionem
1322 4038 1360 4086 Ca.

149 4140 256 4172 „mm
277 4137 347 4182 amq,
394 4108 620 4170 contemptionem
639 4107 663 4155 B.
700 4107 723 4156 9.
743 4107 816 4155 bilem
842 4107 871 4155 de
890 4108 1098 4170 blasphematione
1115 4106 1310 4163 (blastematione
1324 4103 1361 4164 Δ.)

146 4196 208 4242 pm,
243 4193 320 4240 „nem
344 4187 383 4235 de
409 4176 637 4239 blasphematione
656 4174 750 4222 laudem
771 4175 810 4223 Co.
846 4174 915 4222 vilem
935 4176 1109 4238 blasphemiam
1129 4174 1153 4222 B.

203 4262 250 4323 (ψ
281 4254 380 4308 xpm,
433 4248 458 4295 1.
482 4245 507 4291 in
529 4256 661 4302 congressu
681 4241 784 4290 dissides
803 4243 976 4303 scripturarum
994 4243 1020 4291 Α.
1057 4243 1079 4288 in
1091 4255 1222 4301 congressu
1236 4237 1361 4287 distendi..

144 4298 312 4393 mmm'mm
336 4323 369 4372 Β,
441 4312 473 4362 2.
495 4317 565 4357 πιοιιι
585 4311 626 4367 Ali.
679 4307 702 4357 3.
722 4309 821 4357 adversa
839 4311 881 4357 nd.
917 4310 1009 4358 diversa
1028 4309 1121 4372 religni.
1173 4308 1362 4356 nonnemo

142 4401 232 4458 perita
280 4398 429 4445 statutum
456 4385 532 4428 certe
551 4384 573 4423 et
593 4378 644 4437 pari
663 4376 720 4425 nea.
755 4384 843 4424 statum
864 4385 928 4425 certe
946 4378 976 4426 de
995 4377 1047 4440 pari
1065 4377 1152 4438 amobe.
1208 4374 1231 4422 5.
1250 4372 1362 4421 haeresin

142 4468 202 4516 tm
224 4435 372 4515 turstanus
397 4460 424 4503 et
448 4449 519 4497 liber
539 4444 666 4492 Clenventis.
702 4444 822 4492 baeresim
840 4443 895 4493 Bul.

163 4571 176 4618 ι
199 4546 745 4623 mmmm]Explicantvcrbacapl'l
798 4544 1039 4609 praesumptionibus
1064 4543 1171 4589 nituntur
1194 4553 1256 4603 quoe
1282 4536 1316 4585 illi
1336 4551 1364 4586 ex

134 4609 206 4695 ,n'n
246 4611 347 4688 uidem
385 4618 465 4673 nihil
489 4615 746 4678 perdesnisivocem
800 4614 862 4661 laiso
881 4618 1104 4675 composneruntet
1116 4623 1177 4671 qrvoe
1190 4613 1293 4671 propter
1306 4617 1363 4652 scu·

131 4708 148 4755 iv
170 4657 368 4758 ωηιὲῃιῑοῃο,
406 4684 486 4738 nihil
516 4683 673 4744 consequeris
701 4683 747 4730 nisi
799 4695 842 4730 sus
861 4679 1039 4741 ambiguitatem
1059 4677 1208 4752 delegerunt.

129 4776 184 4828 litem
205 4782 237 4828 de
260 4748 562 4831 blasphcm¹¹¹⁰⁰0·“
834 4749 858 4797 b.
877 4740 1043 4813 promovebis]
1061 4745 1087 4793 ld
1106 4752 1143 4792 est
1161 4755 1263 4792 evinces.

151 4847 192 4913 cap
224 4842 309 4897 xviv.
353 4848 385 4880 a.
413 4810 574 4882 eruerunt]
593 4815 643 4875 flio
661 4817 748 4879 inquii,

151 4935 335 4982 Ῑιιιιιιμιιι
359 4925 434 4962 orr-
458 4913 611 4948 ΙΜΙΙιῑι.
647 4902 749 4947 tonuit.
1195 4893 1210 4942 2
