3242 5775
526 606 565 650 ns
587 605 833 649 assumserunt
855 605 966 649 curuis.
1271 591 1335 657 trs

158 776 235 838 quae
263 755 430 829 intercidit,
465 754 523 817 ¹³ut
551 756 672 817 claudus
702 764 731 816 et
759 755 860 817 luscus
888 755 946 817 ¹⁴et
967 773 1072 818 caecus
1095 739 1126 817 et
1146 740 1284 835 leprosus
1307 764 1337 819 et

158 857 338 939 paralyticus
363 857 590 929 ¹'revertantur,
626 868 657 917 ut
684 856 802 918 redisse
831 875 890 917 non
912 856 1001 933 libeat
1022 857 1058 917 ad
1068 855 1266 936 pristinum?
1298 875 1336 919 an
1392 907 1399 916 .
1446 923 1449 929 ,
1508 845 1517 853 ’

160 960 284 1039 integri,
313 967 346 1019 ut
368 958 474 1019 iterum
500 958 566 1018 talia
588 958 650 1038 pati
673 955 817 1018 timeant?
865 957 944 1030 Quid
966 966 1027 1018 tuin
1051 958 1088 1018 de
1114 957 1337 1038 consequentiis

160 1057 296 1123 ernist?
334 1060 489 1121 Rursusne
512 1058 610 1120 omnia
633 1058 801 1120 necessaria
824 1058 883 1132 illi,
906 1067 936 1120 et
956 1058 1094 1138 inprimis
1116 1057 1224 1139 pabule
1248 1066 1337 1138 atque

146 1160 330 1242 'potacula,-
346 1169 377 1221 et
397 1159 589 1239 pulmonibus
616 1160 806 1231 natandumt,
840 1166 870 1220 et
897 1159 1049 1221 intestinis
1072 1159 1285 1234 aestuandum,
1307 1166 1338 1221 et

163 1262 307 1342 pudendis
329 1280 390 1322 nou
406 1261 593 1340 pudendum,
618 1269 648 1321 et
662 1260 801 1321 omnibus
817 1259 958 1322 membris
974 1259 1193 1322 laborandum?
1220 1260 1336 1323 Rursus
1406 1339 1410 1350 Ι

165 1364 257 1425 dcere
280 1370 311 1425 et
333 1361 452 1423 vulnera
476 1372 506 1424 et
527 1362 620 1424 feltris
644 1362 701 1422 ¹⁰et
721 1361 852 1441 podagra
875 1370 905 1422 et
926 1380 1009 1422 mors
1033 1361 1248 1441 ¹'reoptaudai
1281 1361 1336 1423 Ni·
1506 1350 1513 1357 ’

166 1465 267 1525 uirum
292 1462 366 1524 haec
387 1472 475 1532 erunt
496 1471 562 1523 rota
585 1464 682 1552 carnis
705 1462 941 1541 recuperandae.
975 1462 1081 1524 iterum
1112 1481 1221 1543 cupere
1243 1464 1280 1525 de
1303 1482 1336 1526 es

168 1565 296 1626 eradere.
328 1564 366 1624 Et
387 1583 444 1625 uos
467 1565 585 1643 quidem
609 1566 681 1625 hacc
702 1563 850 1642 aliquanto
872 1562 1028 1624 honestius
1050 1581 1107 1642 pro
1128 1564 1189 1625 stili
1209 1564 1336 1645 pudore.

169 1664 300 1726 Ceterum
323 1673 464 1743 quantum
488 1665 575 1726 etiarn
600 1665 828 1744 ¹'spurciloquio
844 1663 930 1725 liceat
943 1663 1062 1724 illorum
1076 1663 1108 1725 in
1124 1664 1336 1744 congressibus

171 1763 343 1846 ¹’experire,
366 1773 425 1826 tam
448 1766 633 1827 ethnicorum
646 1784 742 1845 quam
766 1765 993 1826 haereticorum.
1035 1775 1040 1780 ’

247 1865 341 1945 igitur
362 1866 502 1944 quoniam
525 1876 555 1928 et
576 1867 667 1928 rudes
690 1867 799 1946 quique
828 1867 864 1927 de
887 1864 1093 1927 communibus
1115 1864 1211 1927 adhue
1227 1865 1334 1927 sensi·
1354 1872 1445 1931 capt.

173 1962 219 2028 lus
241 1966 380 2045 sapiunt,
408 1974 439 2027 et
460 1967 540 2028 dubii
565 1976 594 2028 et
616 1967 766 2046 simplices
793 1985 849 2047 per
871 1967 993 2027 eosdem
1015 1984 1124 2028 sensus
1148 1965 1263 2028 'denuo
1286 1965 1334 2029 in-

174 2064 346 2143 quietantur,
379 2075 410 2127 ct
431 2067 540 2146 ubique
561 2067 692 2147 'primus
720 2068 778 2127 iste
807 2068 837 2128 in
866 2086 922 2129 nos
950 2068 1028 2129 aries
1057 2056 1255 2146 ³temperatur
1275 2086 1335 2147 quo

174 2166 258 2228 cunis
281 2165 417 2227 condicio
440 2167 629 2246 ‘quassatum
662 2168 834 2230 necessario
862 2177 892 2228 et
919 2187 935 2229 a
963 2167 1050 2229 nobis
1078 2168 1176 2230 carnis
1207 2168 1336 2247 primum

175 2267 298 2329 condicio
320 2267 485 2341 munietur,
508 2269 725 2348 vituperatione
747 2267 915 2330 laudatione
937 2268 1070 2348 depulsa.
1100 2268 1142 2331 lta
1157 2286 1216 2329 nos
1231 2270 1336 2330 rheto-

175 2367 248 2430 ricari
271 2386 391 2448 quoque
412 2378 576 2447 provocant
597 2367 751 2441 haeretici,
775 2370 852 2429 sieut
874 2368 979 2428 letiam
994 2368 1211 2449 philosophari.
1241 2369 1337 2431 Futile

177 2476 200 2528 et
217 2470 356 2531 frivolum
377 2469 455 2530 istud
479 2470 705 2550 corpusculum,
729 2469 807 2548 quod
832 2468 939 2530 malum
962 2469 1091 2548 denique
1113 2470 1261 2549 appellare
1275 2488 1336 2531 non

106 2622 108 2628 ,
176 2564 304 2644 horrent,
328 2571 578 2652 etsi-angelorum
602 2571 709 2633 luisset
731 2569 883 2649 operatio,
912 2580 945 2630 ut
966 2570 1127 2632 Menandro
1150 2579 1180 2632 et
1201 2570 1336 2633 ‘Marco'
1443 2612 1445 2616 -

176 2669 272 2744 ltlroet,
296 2670 355 2732 etsi
377 2670 455 2749 ignei
478 2671 602 2733 alicuius
619 2672 781 2732 exstructio
797 2688 890 2749 aeque
906 2670 1018 2749 augeli,
1042 2681 1073 2733 ut
1084 2671 1203 2751 Apelles
1218 2669 1352 2747 dooet⁸,'

106 2823 107 2826 ,
178 2772 316 2860 sultioeret
337 2771 374 2831 ad
396 2772 599 2833 auctoritatem
622 2772 719 2832 carnis
740 2770 925 2832 'secundae‘
947 2772 1108 2834 divinitatis
1128 2772 1337 2853 patrocinium.
1406 2824 1411 2830 .

177 2869 290 2953 lnqelos
312 2880 384 2953 post
406 2872 493 2934 deum
517 2872 661 2934 novimus.
699 2873 759 2934 lain
782 2892 861 2933 nunc
882 2871 1034 2952 'quisquis
1049 2874 1097 2936 ille
1113 2893 1248 2936 summus
1263 2873 1336 2937 deus

126 3042 128 3047 Ι
176 2967 301 3037 haeretici
332 2973 474 3052 cuiusque
504 2982 566 3046 est,
600 2992 660 3033 non
689 2974 837 3050 immerito
865 2974 902 3035 ab
934 2974 999 3053 ips‘o
1023 2992 1141 3053 quoque
1162 2974 1340 3038 deducerem

176 3077 261 3136 arnis
285 3074 475 3154 dignitatern,
498 3094 513 3135 a
536 3094 595 3153 quo
618 3075 755 3136 voluntas
777 3075 986 3153 producendae
1003 3075 1030 3136 ei
1045 3075 1199 3137 adfuisset.
1230 3076 1340 3156 Utique

175 3176 242 3238 enim
265 3175 472 3256 prohinuisset
493 3175 557 3235 lieri
580 3194 666 3253 quam
690 3175 755 3235 lteri
778 3175 901 3246 scisset,
926 3175 952 3234 si
975 3175 1038 3235 lieri
1060 3175 1219 3237 noluisset.
1251 3176 1295 3236 lta
1310 3184 1341 3238 et

175 3277 330 3338 sectrndum
354 3276 422 3337 illos
446 3295 538 3355 aeque
561 3295 630 3336 caro
654 3276 700 3336 dei
723 3294 781 3335 res.
815 3273 911 3335 ⁹Nihil
934 3274 1034 3353 operis
1058 3293 1119 3336 uon
1135 3275 1207 3336 'eius
1227 3275 1340 3354 estqui
1388 3308 1395 3317 ⁷

173 3462 207 3512 ts.
225 3471 248 3512 et
265 3462 348 3522 (illic.
404 3462 441 3511 ll.
460 3470 483 3510 et
501 3462 632 3512 omllldo.
688 3461 725 3510 15.
745 3467 894 3510 revertentur
911 3460 936 3509 l.
990 3459 1030 3509 16.
1050 3460 1073 3508 'rt
1091 3459 1197 3521 podagra
1216 3473 1261 3508 om.
1276 3455 1339 3508 tec.

168 3532 260 3580 Addidit
284 3532 385 3594 primam
409 3532 437 3578 de
460 3532 509 3578 sois
532 3532 599 3579 tidrir
619 3531 756 3591 despuetur.
818 3527 857 3575 Π.
882 3526 1014 3589 reoptauda
1042 3526 1067 3576 ll.
1085 3527 1262 3576 tres-Vaticani.
1299 3539 1340 3573 re·

167 3599 252 3662 ptaada
271 3599 297 3646 t.
334 3598 482 3661 redoptanda
500 3599 593 3660 reliqui.
640 3596 678 3645 18.
698 3594 865 3659 spurciloquio
883 3593 954 3643 liceat
965 3593 1021 3645 dds.
1039 3601 1086 3644 tres
1099 3594 1209 3644 Vaticani.
1243 3592 1341 3655 spurei-

106 3659 108 3668 '
167 3667 273 3730 loquium
293 3666 364 3713 liceat
382 3681 403 3714 a.
439 3665 596 3726 spurciloquii
617 3664 686 3712 liceat
704 3665 743 3713 rt.
789 3661 948 3725 spurciloquii
968 3661 1023 3710 licet
1041 3662 1073 3722 d,
1093 3677 1144 3711 eom
1161 3659 1339 3710 Fuloiollrsioo

165 3741 187 3783 rt
205 3734 273 3797 Gotp.
292 3733 410 3796 sumpto.
466 3731 504 3780 ts.
523 3731 632 3794 experire
650 3731 714 3793 eqo.
735 3730 838 3793 experiri
857 3730 912 3778 tttrt
929 3745 1015 3779 omnes.

234 3801 294 3864 Cap.
312 3799 338 3847 l.
383 3798 406 3849 l.
425 3799 588 3862 inquietantur
606 3800 685 3847 denuo
704 3801 729 3848 l.
782 3795 805 3845 2.
825 3797 1004 3859 primoslled.
1041 3797 1064 3846 in
1083 3794 1168 3860 primis
1185 3794 1279 3858 reliqui.
1315 3791 1342 3845 3.

164 3876 321 3930 eomperatur
339 3866 378 3929 qui
396 3868 421 3915 t.
474 3867 498 3915 l.
517 3874 645 3929 quassetur
661 3868 686 3915 t.
745 3865 769 3912 5.
788 3864 961 3927 vituperatione
984 3863 1122 3913 laudatione
1145 3860 1247 3926 depulsa
1264 3860 1343 3913 tuta.

163 3943 211 3984 tm
233 3935 343 3985 turmas.
378 3934 576 3997 vituperationem
597 3933 733 3981 laudatione
751 3931 861 3994 depellas
880 3933 931 3982 ted.
978 3931 1000 3981 5.
1020 3932 1092 3981 etiam
1111 3930 1190 3980 amu.
1232 3927 1256 3978 6.
1275 3942 1342 3978 tnar·

162 4004 202 4053 eio
220 4001 247 4051 tt.
282 4001 396 4050 ltareioai
416 4004 461 4051 duo
473 4003 582 4050 Vaticani.
636 4000 659 4048 l.
678 4000 761 4048 sedem
780 3998 805 4047 B.
840 3998 972 4048 secuudum
990 3999 1034 4049 tc.
1094 3997 1119 4047 8.
1136 3997 1240 4061 quisque
1258 3995 1300 4052 itta
1318 4003 1343 4046 at

162 4083 275 4119 narnus
294 4073 319 4118 t.
363 4068 387 4117 9.
408 4068 464 4116 nihil
485 4084 532 4116 non
552 4076 597 4127 est,
616 4069 667 4116 eins
686 4070 755 4116 estd.
791 4066 854 4116 ttttitt
874 4067 956 4135 operis
976 4080 1024 4115 non
1042 4074 1087 4126 est,
1106 4064 1158 4114 eius
1169 4072 1206 4114 est
1223 4064 1247 4114 G.
1282 4061 1342 4115 atttt

163 4136 250 4201 operis
266 4151 315 4185 non
334 4144 371 4185 est
388 4137 412 4185 li.
448 4136 510 4185 Nilril
530 4137 612 4198 operis
631 4150 679 4184 non
698 4142 735 4184 est
752 4134 804 4182 eius
823 4151 844 4183 o.

198 4272 216 4319 l.
237 4269 266 4318 de
284 4270 464 4333 consequentiis
491 4265 583 4334 caruis]
611 4269 648 4319 Cl.
667 4268 729 4318 inira
781 4267 953 4316 Tertullianus.
996 4263 1126 4314 Menander
1150 4262 1209 4313 tttad
1227 4262 1343 4314 habuit·

167 4353 221 4403 esp.
234 4336 274 4386 Ml.
294 4345 318 4385 et
336 4352 388 4399 cap.
399 4337 440 4386 61,
781 4335 889 4393 Simone,
908 4334 976 4382 cuins
994 4331 1128 4395 discipulus
1146 4332 1198 4381 luit.
1230 4330 1268 4382 ct.
1285 4330 1343 4381 dds.

199 4422 223 4468 ς.
243 4405 399 4467 pulmonibus
425 4399 567 4468 natandum]
592 4402 730 4465 Metaplrors
782 4402 872 4451 Omnes
892 4402 961 4451 llaer.
980 4414 1033 4463 cap.
1049 4398 1073 4448 l.
1361 4428 1367 4439 ·

166 4474 197 4522 de
236 4472 373 4530 branchiis,
408 4471 612 4534 quemadmodum
641 4470 730 4548 ludov.
816 4502 840 4552 b·
865 4509 889 4550 u,
912 4500 1009 4561 mu„
1032 4495 1116 4562 pomp]
1143 4500 1179 4550 cp,
1207 4492 1244 4549 00'
1264 4499 1343 4550 ems

166 4541 198 4590 de
216 4539 241 4588 la
260 4538 336 4588 Cerdt
355 4547 447 4598 censet,
471 4539 508 4587 vel
526 4539 556 4587 de
574 4538 688 4595 brachus,
707 4535 731 4586 td
784 4569 841 4619 Chr.
865 4584 918 4631 up·
935 4567 959 4617 3·
996 4567 1029 4616 Ι),
1052 4567 1215 4632 mmm,
1232 4566 1273 4617 23,
1309 4565 1343 4615 υ,

167 4607 314 4685 ειιιριίυηίο,
342 4607 600 4683 ρίεείυωιάεευωριιι,
629 4617 732 4667 quorum
785 4636 894 4685 prum
913 4635 1006 4684 Hm
1026 4632 1127 4698 mn

168 4674 258 4724 srmrlrs
267 4681 305 4723 est
318 4684 398 4723 motus
408 4681 568 4737 reciprocatur
581 4673 732 4737 pulmonum.

203 4742 264 4804 cap.
283 4741 307 4788 ll.
352 4757 374 4790 a.
399 4749 425 4789 ut
452 4741 581 4790 Menandro
606 4747 630 4788 et
651 4739 732 4788 llsrcu
818 4752 838 4786 c.
857 4733 990 4800 secundae]
1016 4734 1043 4786 ld
1060 4743 1099 4786 est
1114 4733 1281 4792 secundarius,
1299 4745 1345 4781 aa·

169 4803 263 4875 placet]
282 4808 361 4859 llarco
380 4808 448 4857 solus
467 4809 538 4858 tradit
556 4808 602 4856 lico
617 4807 731 4871 placitum
782 4805 902 4868 pelorum.
