3242 5775
260 521 296 598 θ

168 1107 220 1161 Cep.
231 1105 284 1149 xxt.

301 611 374 685 358¹
560 636 662 686 ournrr
684 632 817 681 serrtmt
838 631 1002 677 rnonnnms
1025 629 1221 674 rnnronuunr

301 787 328 847 si
350 804 385 847 ex
407 784 505 865 aliquo
528 785 603 847 lacta
624 784 750 848 essenti
779 784 824 845 lta
845 781 925 863 quod
948 797 1009 842 non
1031 779 1101 854 luit,
1123 796 1185 841 non
1207 778 1307 859 potuit
1328 780 1483 861 scriptura

300 886 451 968 profiteri,
480 894 510 947 et
530 904 592 948 non
612 885 780 967 profitendo
804 883 877 946 satis
899 881 1052 963 'probarit
1077 898 1138 944 non
1165 879 1276 956 luisse,
1309 881 1379 962 quia
1402 900 1479 962 pro·

301 988 451 1059 literetnr,
475 986 501 1047 si
524 986 640 1050 luisset

386 1087 484 1165 Ergo,
515 1087 628 1167 inquis,
664 1088 690 1149 si
713 1096 744 1149 tn
776 1086 845 1148 ideo
873 1082 1057 1165 praeiudicas
1087 1101 1123 1145 ex
1152 1082 1244 1145 nihilo
1272 1083 1348 1145 tacu
1377 1084 1479 1145 omnia

224 1222 228 1230 ·
303 1188 371 1269 quia
393 1206 453 1249 non
476 1188 517 1249 sit
538 1188 693 1251 manilesto
713 1188 837 1250 relatum
860 1187 898 1247 de
919 1186 1041 1247 materia
1062 1184 1251 1264 praecedenti
1265 1184 1375 1246 lactum
1390 1185 1473 1263 quid,

301 1287 368 1350 ride
391 1307 429 1350 ne
450 1288 566 1350 diverse
587 1306 658 1368 pars
680 1287 748 1350 idco
771 1287 933 1349 contendat
959 1305 993 1347 ex
1022 1286 1143 1347 materia
1166 1285 1266 1347 omnia
1287 1286 1375 1360 lacta,
1403 1285 1474 1364 qnia

302 1389 429 1470 proinde
450 1407 510 1450 non
533 1397 634 1468 aperte
655 1389 851 1469 significatum
882 1388 923 1449 sit
950 1406 986 1449 ex
1014 1386 1107 1448 nihilo
1129 1388 1200 1468 quid
1221 1388 1341 1449 laetum.
1386 1386 1475 1447 Plane

302 1490 469 1569 retorqueri
491 1489 634 1570 quaedam
655 1489 740 1551 lacile
761 1497 905 1570 possunt,
928 1507 989 1550 non
1010 1489 1108 1550 statim
1131 1498 1218 1550 etex
1240 1505 1335 1567 aequo
1350 1486 1476 1562 admitti,

302 1589 354 1652 nbi
376 1590 532 1653 diversitas
555 1609 661 1653 causae
687 1598 744 1651 eat.
793 1590 864 1652 llico
894 1589 989 1664 enim,
1024 1590 1080 1651 etsi
1109 1607 1170 1650 non
1198 1596 1300 1670 aperte
1329 1589 1476 1669 scriptura

302 1691 506 1770 pronuntiavit
528 1710 564 1753 ex
585 1691 678 1752 nihilo
701 1691 774 1753 lacta
797 1691 912 1764 omnia,
935 1691 1011 1753 sicut
1032 1709 1088 1752 nec
1109 1708 1145 1752 ex
1159 1692 1299 1765 materia,
1322 1708 1385 1752 non
1409 1699 1475 1751 tan-

304 1801 362 1853 tam
385 1791 481 1853 luisse
502 1791 711 1853 necessitatem
733 1800 835 1873 aperte
863 1791 1048 1871 significandi
1076 1792 1114 1853 de
1140 1791 1233 1853 nihilo
1261 1793 1336 1854 lacta
1366 1791 1477 1866 omnia,

192 1971 198 1980 ,
303 1900 411 1971 quanm
433 1901 531 1965 esset,
565 1893 591 1953 si
613 1910 649 1953 ex
670 1892 792 1954 materia
820 1895 894 1954 lacta
922 1892 1066 1966 luissent,
1094 1893 1250 1972 quoniam,
1283 1892 1364 1973 quod
1385 1891 1419 1953 lit
1440 1910 1485 1958 ex.

164 3327 290 3385 oapxxu.

206 3507 261 3550 Gen.

191 3557 292 3611 tuasqq.

303 1992 424 2078 nihilo,
437 2012 474 2054 eo
490 1994 573 2072 ipso,
595 1992 666 2054 dum
680 2011 741 2054 nou
757 1994 927 2055 ostenditur
941 2012 976 2055 ex
992 1993 1090 2074 aliquo
1106 1995 1231 2067 lactum,
1255 1993 1480 2055 ¹manilestatur

305 2112 340 2155 ex
359 2093 455 2155 nihilo
477 2095 601 2168 lactum,
624 2100 655 2155 et
675 2112 737 2155 non
758 2093 941 2173 periclitatur
962 2113 1000 2156 ne
1022 2113 1056 2156 ex
1079 2095 1177 2175 aliquo
1198 2096 1308 2157 lactum
1324 2094 1478 2156 existime-

305 2203 368 2267 tur,
391 2195 508 2274 quondo
530 2213 592 2257 non
614 2194 837 2257 demonstretur
858 2213 893 2256 ex
914 2214 975 2275 quo
997 2196 1037 2257 sit
1054 2196 1173 2258 lactuhr.
1210 2196 1297 2270 Quod
1320 2203 1419 2279 autem
1442 2214 1479 2258 ex

304 2295 403 2376 aliquo
429 2296 476 2364 ht,
511 2296 570 2357 nisi
597 2296 655 2358 hoo
676 2296 792 2375 ipsum·
822 2303 924 2376 aperte
952 2295 1134 2372 declaratur,
1168 2317 1203 2358 cx
1231 2297 1330 2377 aliquo
1357 2297 1480 2370 lactum,

300 2395 408 2468 ¹’illud,
442 2384 515 2457 dum
541 2414 577 2458 ex
603 2415 662 2476 quo
690 2399 798 2460 laetum
827 2397 867 2460 sit
888 2397 1104 2471 ³ostenditnrl,
1136 2398 1352 2478 periclitabitur
1378 2397 1479 2477 primo

304 2495 397 2558 videri
420 2515 456 2558 cx
477 2497 570 2558 nihilo
591 2496 735 2572 ⁴lactum,
758 2499 844 2578 'quia
866 2517 926 2560 non
950 2498 1047 2561 editur
1068 2516 1105 2559 ex
1126 2518 1186 2579 quo
1212 2500 1253 2560 sit
1274 2501 1400 2574 lactum,
1422 2499 1480 2561 de·
1519 2490 1523 2503 ’

305 2596 390 2669 hino,
425 2597 481 2658 etsi
509 2616 543 2657 ea
566 2598 606 2659 sit
627 2598 802 2661 condicione
829 2599 881 2660 ‘ut
908 2599 1029 2661 omniuo
1058 2601 1156 2678 possit
1176 2599 1270 2662 videri
1292 2618 1327 2661 ex
1349 2600 1482 2680 aliqum,

305 2698 431 2778 proinde
451 2697 665 2777 periclitabitur
685 2718 722 2760 ex
743 2700 801 2762 alio
823 2699 1040 2778 longolarium
1061 2701 1155 2762 videri
1177 2719 1265 2781 quam
1292 2719 1327 2762 ex
1349 2719 1410 2780 quo
1432 2702 1481 2763 la·

306 2808 385 2860 otum
408 2807 470 2873 est,
493 2799 562 2859 dnm
584 2817 646 2861 non
667 2802 847 2881 proponitur
868 2800 947 2863 unde
967 2801 1007 2863 sit
1028 2801 1145 2863 lectum.
1189 2801 1232 2863 lta
1253 2801 1299 2863 'si
1327 2821 1361 2863 ex
1383 2801 1481 2864 nihilo

306 2901 379 2963 deus
401 2909 505 2965 cuncta
526 2902 634 2964 lesisse
655 2902 733 2964 ⁸non
755 2903 868 2982 potuit,
901 2902 1064 2983 ⁹scriptura
1092 2921 1154 2964 non
1181 2903 1341 2966 adiecisset
1368 2904 1482 2966 ¹lillum

307 3020 343 3064 ex
357 3001 450 3064 nihilo
465 3002 582 3066 lecisse.
615 3003 659 3064 Ex
674 3004 795 3066 materia
810 3021 879 3065 eum
893 3003 1003 3065 fecisse
1018 3004 1099 3065 omni
1114 3004 1204 3066 modo
1220 3004 1322 3068 dehuit
1336 3005 1482 3080 edixisse,

306 3104 362 3165 ¹‘si
385 3112 415 3165 et
435 3121 471 3165 ex
493 3104 774 3178 materialecisse13
796 3104 866 3185 quia
888 3103 985 3166 ¹²illud
1009 3103 1064 3165 ¹⁸in
1086 3112 1180 3167 totum
1197 3105 1323 3168 habehat
1337 3106 1483 3187 intellegi,

306 3212 337 3265 et
358 3206 385 3265 si
406 3222 467 3266 non
490 3205 722 3284 significaretur,
745 3213 775 3266 at
796 3204 876 3266 istud
899 3206 929 3265 in
952 3204 1059 3278 dubio,
1087 3205 1145 3266 nisi
1166 3205 1393 3285 significaretur.

392 3305 488 3385 Atque
515 3305 589 3367 adeo
619 3306 742 3386 spiritus
774 3313 894 3367 sanctus
925 3307 1002 3368 hanc
1034 3306 1198 3386 scripturae
1229 3326 1300 3368 suae
1332 3309 1484 3372 rationem

306 3406 474 3479 constitnit,
498 3414 545 3481 ut,
569 3424 635 3467 cum
658 3406 728 3485 quid
750 3425 787 3468 ex
810 3406 924 3486 ¹aliquo
947 3407 996 3480 fit,
1020 3415 1050 3470 et
1071 3409 1151 3487 quod
1171 3409 1207 3469 ¹fit
1227 3417 1257 3470 et
1272 3408 1351 3469 unde
1373 3410 1408 3471 tit
1428 3427 1482 3473 re-

307 3509 390 3569 lerat.
434 3506 632 3581 ’Fructificet,
655 3507 765 3586 inquit,
789 3515 868 3569 terra
889 3506 1011 3568 herbam
1034 3508 1130 3582 loeni,
1153 3508 1350 3571 seminantem
1374 3528 1484 3574 semen

307 3608 470 3670 semndum
491 3625 586 3686 genus
608 3616 638 3668 et
660 3609 823 3670 secundum
845 3607 1082 3682 similitudinem,
1109 3617 1138 3670 et
1160 3609 1272 3688 lignum
1293 3611 1484 3674 lructuosnm

307 3709 417 3770 taciens
441 3710 582 3779 fructum,
607 3709 690 3770 euius
713 3727 816 3771 semen
838 3710 869 3770 in
890 3709 959 3789 ipso
980 3710 1011 3770 in
1035 3709 1266 3773 similitudinem.
1310 3710 1348 3772 Et
1371 3713 1492 3776 lactum·

307 3819 354 3871 est
375 3810 426 3870 sic.
461 3809 498 3870 Et
518 3809 658 3888 produxit
677 3820 756 3872 terra
779 3809 900 3872 herbam
922 3810 1004 3872 loeni
1026 3811 1220 3873 seminantem
1241 3829 1344 3874 semen
1369 3831 1484 3876 secern-

306 3926 330 3978 8.
349 3926 519 3991 pronunciohit
535 3929 561 3978 l.

375 3994 433 4058 Cap.
451 3994 510 4044 xxl.
557 3995 578 4044 l.
598 3997 751 4046 manilestom
774 4004 811 4046 est
837 4011 866 4047 ex
890 3996 966 4046 nihilo
983 3999 1010 4048 t.
1068 3996 1092 4047 2.
1110 3997 1133 4047 id
1159 3996 1215 4047 dum
1233 3998 1259 4049 Δ.
1300 3999 1357 4049 dom
1377 3999 1439 4051 illod
1457 4002 1484 4051 d.

307 4061 330 4112 3.
350 4077 398 4111 non
416 4062 551 4112 ostenditur
568 4065 592 4113 d.
644 4062 668 4115 4.
688 4066 775 4114 iactum
793 4065 874 4115 omd.
926 4065 948 4113 ὅ.
969 4078 1015 4128 qna
1034 4066 1058 4115 t.
1105 4063 1128 4115 6.
1148 4073 1174 4114 ut
1191 4065 1290 4123 omnino
1310 4067 1390 4131 possit
1407 4067 1482 4118 rideri

307 4145 334 4179 er
353 4129 433 4193 aliquo
452 4144 501 4192 epo.
546 4138 570 4178 ut
594 4144 642 4180 ooo
668 4133 746 4195 possit
768 4131 841 4182 rideri
865 4147 912 4182 uon
937 4146 965 4181 ex
989 4131 1112 4196 aliquod.
1153 4140 1245 4182 utnon
1263 4135 1342 4196 possit
1360 4132 1435 4184 rideri
1454 4149 1482 4186 ex

305 4198 387 4261 aliquo
404 4197 472 4247 Bohc.
516 4205 541 4246 nt
559 4212 622 4248 nuno
639 4201 718 4262 possit
743 4199 815 4249 rideri
839 4214 866 4249 ex
890 4200 970 4264 aliquo
989 4200 1125 4250 Folooioe.
1168 4201 1194 4250 lo
1210 4203 1234 4250 Α.
1252 4203 1322 4251 certo
1346 4214 1375 4251 ex
1398 4202 1483 4266 aliquo

306 4291 339 4300 -
356 4290 390 4298 —
409 4266 497 4313 lartum
516 4265 590 4314 rideri
609 4270 774 4328 omisissent,
794 4267 1127 4318 sollemniioeeeriolidrerii.
1168 4267 1192 4316 l.
1211 4268 1231 4317 si
1251 4270 1334 4319 com.
1389 4268 1414 4320 8.
1433 4285 1481 4319 oon

306 4337 385 4382 om.t.
438 4331 462 4381 9.
481 4333 525 4381 etsi
543 4335 764 4396 scripture—-
782 4335 879 4394 iecisse,
904 4349 931 4384 ex
950 4336 1048 4386 materia
1067 4336 1091 4385 d.
1146 4334 1185 4384 lll.
1203 4334 1296 4386 itttot.
1360 4335 1401 4387 ll.
1419 4338 1441 4387 ei
1458 4345 1482 4387 et

307 4414 334 4448 ex
353 4402 385 4460 d.,
405 4415 435 4448 eo
452 4401 563 4449 emendet.
582 4401 658 4451 Fulvii
667 4401 753 4451 dreini.
794 4401 851 4451 lieet
869 4417 897 4453 ex
913 4403 1000 4454 Allobo.
1060 4401 1100 4452 12.
1119 4401 1142 4452 id
1160 4403 1187 4453 d.
1248 4401 1288 4452 13.
1307 4403 1332 4454 in
1350 4412 1429 4456 totum
1446 4405 1480 4467 d,

307 4482 337 4517 ex
354 4468 464 4517 emendat.
483 4467 558 4516 Fulvii
569 4467 654 4517 Ursini.
691 4469 714 4516 in
734 4477 784 4519 toto
801 4471 890 4521 stote.

375 4534 433 4597 Cep.
452 4533 521 4583 xxti.
560 4535 582 4583 l.
600 4536 648 4583 elio
667 4550 715 4600 qno
732 4539 757 4588 t.
810 4536 834 4587 2.
853 4537 958 4589 Fruticet
977 4539 1022 4599 cd,
1042 4553 1071 4587 ec
1088 4540 1219 4590 coniectore
1237 4536 1332 4589 Lotimi.

341 4635 399 4699 Cap.
418 4634 476 4683 lxt.
505 4650 525 4684 a.
541 4633 690 4702 hocipsnml
707 4637 822 4688 Videlicet
840 4652 868 4688 ex
920 4639 962 4689 sis.
982 4639 1089 4701 (Rigalt.)

223 4730 225 4734 .
306 4703 388 4766 aliquo
407 4703 495 4752 lecturo
515 4718 579 4753 esse.
953 4723 973 4757 e.
993 4715 1018 4755 ut
1036 4708 1135 4756 omnino
1153 4706 1231 4771 possit
1248 4706 1323 4757 rideri
1341 4721 1370 4757 ex
1388 4699 1482 4772 aliquo]

341 4772 363 4819 h.
383 4771 440 4820 dom
458 4785 486 4819 er
504 4785 552 4835 quo
570 4772 658 4820 laetum
677 4772 709 4821 eit
720 4768 867 4838 ostenditur]
920 4774 954 4824 lte
973 4775 1096 4825 emendari
1115 4775 1197 4826 recole
1215 4787 1264 4825 ooo
1280 4780 1372 4826 mntete
1390 4775 1414 4825 iu
1432 4788 1484 4825 oee-

305 4838 332 4889 ld
352 4849 388 4888 est
406 4839 649 4902 donecostendetor;
668 4841 868 4905 ambigua'phre·
920 4844 984 4892 sino.
