3242 5775
260 708 280 771 6
518 722 619 774 ouini
641 720 772 764 stertuit
794 717 958 762 recitantis
981 715 1178 759 rssntuttttnt

260 872 352 936 ceteri
379 890 498 952 quoque
526 870 738 933 discedendum
768 888 785 931 a
815 868 947 947 vestigiis
981 866 1045 928 eius
1073 873 1265 945 putaverunt,
1302 866 1357 927 sed
1386 866 1440 945 qui

259 972 419 1035 ”scierunt
439 973 521 1035 illum
543 974 620 1034 ritae
642 989 712 1033 esse
733 969 855 1032 verbum
883 976 950 1030 eta
972 967 1028 1029 deo
1051 966 1185 1039 venisse,
1219 985 1437 1046 perseverave-

258 1082 329 1135 runt
350 1074 381 1135 in
402 1073 543 1136 munitatu
565 1072 630 1134 eius
652 1089 749 1150 usque
775 1070 811 1132 ad
841 1070 945 1141 ῆιιειιι,
979 1086 1045 1129 cum
1073 1066 1177 1140 ”illis,
1214 1068 1240 1128 si
1267 1068 1376 1129 vellent
1403 1078 1438 1130 et

257 1173 345 1256 ²‘ipsi
367 1169 537 1248 discedere,
558 1171 864 1255 placidcobtulisset.
918 1169 1015 1231 blinus
1044 1176 1108 1239 est,
1134 1168 1190 1229 ²‘si
1213 1178 1243 1231 et
1264 1170 1437 1249 apostolum
1461 1192 1464 1196 ·

104 1252 325 1357 ”illidium
352 1275 440 1356 aliqui
462 1275 637 1356 ”Phygelus
665 1281 696 1334 et
715 1271 948 1350 ”Hermogenes
977 1277 1007 1331 et
1027 1268 1160 1331 Philetus
1189 1277 1219 1331 et
1246 1270 1438 1350 Hymenaeus

109 1355 245 1409 mm·
258 1376 466 1456 reliquerunt:
492 1377 558 1455 ipse
585 1373 712 1436 traditor
733 1372 843 1434 Christi
871 1371 908 1434 de
937 1370 1081 1451 apostolis
1110 1370 1174 1431 tuit.
1228 1371 1370 1432 Miramur
1397 1372 1439 1433 de

258 1476 393 1539 ecclesiis
415 1476 497 1550 eius,
520 1476 547 1538 si
568 1493 585 1537 a
606 1473 783 1553 quibusdam
805 1462 999 1543 deseruntur,
1022 1490 1090 1533 cum
1112 1490 1146 1532 ea
1168 1489 1225 1533 nos
1241 1471 1438 1534 ²''ostendunt

105 1577 449 1643 troen.u‚n.Cbristianos
471 1594 546 1655 quae
566 1574 697 1655 patimur
716 1576 754 1636 ad
776 1574 943 1655 exemplum
970 1572 1066 1653 ipsius
1088 1572 1207 1634 Christi.
1260 1572 1304 1633 Ex
1332 1572 1437 1647 nobis,

258 1677 369 1756 inquit,
392 1676 584 1757 prodierunt,
607 1676 661 1738 sed
683 1694 745 1737 nou
766 1676 886 1737 luerunt
907 1693 942 1736 ex
957 1673 1055 1736 uobis.
1092 1672 1124 1734 si
1139 1673 1268 1735 luissent
1281 1692 1317 1735 ex
1332 1674 1437 1749 nobis,

258 1778 496 1858 permansissent
517 1776 619 1857 utique
639 1776 807 1838 nobiscum.

141 1897 195 1955 cap.
205 1897 240 1943 rr.
345 1878 424 1952 Quin
445 1878 545 1959 potius
568 1895 717 1940 memores
747 1877 841 1939 simus
868 1885 928 1937 tarn
957 1875 1172 1937 dominicarum
1194 1875 1437 1955 ¹prouuntiatio-

259 1996 331 2039 num
353 1996 440 2057 quam
462 1978 691 2059 apostolicarum
712 1978 893 2050 litterarum,
928 1986 1004 2056 quae
1025 1975 1113 2038 nobis
1136 1984 1167 2037 et
1188 1977 1301 2037 iuturus
1323 1978 1437 2038 haere·

260 2097 311 2141 ses
332 2077 631 2158 'praenuntiaverunt
651 2087 681 2141 et
702 2078 856 2159 lugiendas
878 2078 1107 2158 praefinierunt,
1129 2076 1178 2138 'et
1192 2076 1270 2137 sicut
1283 2096 1353 2138 esse
1368 2078 1438 2140 illas

258 2195 321 2240 nou
342 2180 575 2259 expavescimus,
599 2179 639 2241 ita
661 2179 709 2241 ⁴et
729 2196 822 2259 posse
837 2178 876 2252 id,
900 2186 1024 2259 propter
1039 2177 1118 2258 quod
1134 2178 1336 2257 ‘effugiendae
1352 2187 1437 2253 suut,

104 2291 323 2350 ιιιιιι.ιιι,ιι.ιιοιι
345 2281 495 2342 miremur.
536 2280 659 2342 Instruit
679 2280 839 2341 domiuus·
860 2280 971 2341 multos
994 2298 1063 2341 esse
1084 2288 1226 2341 venturos
1249 2279 1305 2341 sub
1327 2279 1438 2360 ‘pelli-

256 2382 315 2443 bus
338 2382 436 2443 orium
461 2400 581 2463 rapaces
604 2382 703 2462 lupos.
744 2382 896 2453 Quaenam
918 2380 993 2442 istae
1015 2379 1103 2441 'sunt
1122 2380 1216 2460 pelles
1239 2379 1348 2454 orium,
1373 2381 1436 2442 nisi

258 2482 389 2542 nominis
421 2482 579 2544 Christiani
607 2482 792 2543 extrinsecus
819 2480 1057 2562 ibsuperficies?
1115 2480 1172 2553 Qui
1205 2480 1266 2562 lupi
1297 2499 1436 2561 rapaces,

257 2580 319 2642 nisi
351 2598 459 2643 sensus
488 2591 517 2643 et
545 2582 668 2662 spiritus
698 2582 832 2655 subdoli,
865 2580 900 2642 ad
929 2581 1144 2643 ⁸infestandum
1173 2600 1292 2661 gregem
1321 2581 1436 2643 Christi

257 2681 436 2743 intrinsecus
470 2681 703 2744 delitescentes?
753 2682 812 2755 Qui
840 2681 1120 2763 pseudoprophetae
1155 2691 1241 2756 sunt,
1276 2682 1336 2743 nisi
1368 2683 1436 2744 salsi

257 2781 503 2862 praedicatores?
547 2782 604 2855 Qui
626 2781 889 2863 pseudoapostoli,
917 2782 978 2843 nisi
1005 2782 1131 2845 adulteri
1159 2781 1435 2862 evangelizatores?

260 2881 317 2955 Qui
346 2882 511 2946 antichristi
539 2882 657 2946 interim
690 2893 719 2946 et
752 2902 886 2965 semper,
923 2883 983 2945 nisi
1012 2882 1122 2946 Christi
1150 2882 1301 2964 rebelles?
1349 2883 1438 2947 ”lloc

258 2991 346 3045 eruut
376 2985 515 3046 haereses
553 2985 641 3046 10ιιοιι
673 2985 772 3047 minus
805 2985 1008 3047 doctrinarum
1047 2986 1241 3066 perversitate
1277 2984 1434 3048 ecclesiam

258 3083 467 3148 ¹¹lacessentes
495 3104 582 3166 quam
610 3085 892 3148 tunc-antichristus
923 3086 1163 3166 persecutionem
1184 3085 1338 3148 atrocitate
1360 3104 1437 3165 per-

257 3193 416 3265 sequetur3
438 3186 496 3249 nisi
518 3186 599 3266 quod
620 3186 790 3267 persecutio
813 3195 844 3248 et
866 3187 1035 3267 ¹¹martyras
1058 3187 1142 3262 lacit,
1172 3187 1332 3249 ¹³haeresis
1356 3205 1435 3267 apo-

103 3306 247 3364 {caeram
257 3293 350 3348 statas
371 3294 496 3349 tantum.
532 3287 570 3349 Et
590 3287 658 3349 ideo
680 3287 823 3348 haereses
845 3307 963 3368 quoque
985 3287 1142 3368 oportebat
1163 3307 1243 3361 esse,
1265 3294 1299 3348 ut
1319 3287 1435 3368 proba-

255 3385 330 3448 biles
352 3387 459 3466 quique
482 3389 757 3458 manifestarentur,
789 3396 849 3446 tam
871 3389 921 3465 qui
948 3389 979 3446 in
1006 3388 1266 3464 persecutionibus
1294 3389 1437 3450 steterint

256 3504 344 3566 quam
371 3486 422 3566 qui
449 3487 486 3549 ad
514 3487 683 3548 ¹'haereses
716 3503 778 3546 non
809 3484 1048 3547 exorbitaverint.
1100 3485 1203 3565 Neque
1237 3485 1344 3546 ¹⁸enim
1377 3505 1435 3548 eos

256 3585 453 3666 ¹“probabiles
483 3587 611 3665 intellegi
640 3587 660 3619 ¹⁷
670 3587 750 3648 iuvat
781 3586 833 3666 qui
865 3585 897 3646 in
925 3585 1091 3647 ¹‘haeresin
1118 3584 1207 3646 fldem
1236 3583 1436 3663 ¹⁹demutant;

255 3734 297 3787 22.
315 3737 435 3787 sciverunt
452 3738 477 3787 B.
530 3736 571 3786 23.
590 3738 638 3787 illis
654 3738 813 3800 Addaqabcd.
848 3737 882 3786 illi
903 3737 927 3787 0.
962 3737 1003 3786 ἰΙΙι
1023 3739 1084 3802 detq.
1136 3737 1177 3788 24.
1195 3738 1348 3802 iperandas.
1391 3739 1434 3790 25.

256 3813 281 3855 et
297 3805 319 3854 si
336 3804 474 3869 apostolum
492 3806 535 3867 16.
593 3805 634 3854 26.
659 3804 785 3868 Phygellus
804 3806 842 3857 ed.
883 3803 984 3869 phyalae
1001 3806 1028 3854 ll.
1074 3805 1181 3856 Philetas
1204 3807 1263 3857 liler
1291 3807 1434 3858 Goraieuris.

255 3870 297 3922 tt.
315 3873 464 3934 hermoglnis
481 3872 507 3921 ll.
559 3870 600 3921 28.
618 3873 787 3922 ostendaatd

324 3939 383 4003 Cap.
401 3939 438 3988 ill.
474 3939 497 3988 1.
515 3941 755 4003 praenunciationam
774 3942 798 3990 d.
839 3937 863 3988 2.
881 3938 1068 4003 pronuntiarunt
1078 3940 1120 4002 ip.
1156 3938 1434 4006 pronuntiaverumlq.

255 4004 279 4057 3.
298 4013 322 4056 et
338 4007 380 4057 lo.
416 4015 441 4055 ιιι
463 4008 556 4071 reliqui.
608 4007 633 4057 d.
657 4014 681 4056 et
703 4009 782 4057 ont.d.
836 4007 859 4057 5.
879 4007 1029 4070 effugiendae
1051 4010 1077 4056 1.
1120 4006 1246 4069 lugieudae
1269 4008 1364 4072 reliqui.
1405 4009 1430 4059 6.

252 4072 319 4138 pelle
336 4075 363 4124 l.
404 4073 428 4123 'l.
446 4082 502 4123 sum
519 4075 617 4136 ouidii.
662 4075 707 4123 lb.
726 4075 869 4139 superficies
886 4099 919 4111 -
936 4100 971 4110 ·-
988 4075 1134 4124 intrinsecus
1152 4075 1232 4125 anull.
1274 4073 1297 4124 8.
1317 4076 1430 4126 intestam

254 4142 312 4204 dam
329 4141 379 4206 1φ.
431 4141 735 4192 strennuitate.
771 4143 963 4206 Haesintamq.
1005 4142 1074 4192 Nunc
1097 4145 1194 4192 suntd.
1255 4142 1293 4192 10.
1313 4157 1429 4192 u....aam

252 4209 296 4270 Δρ.
331 4215 456 4257 ιιο...ιιιιιι
473 4211 522 4273 lp.
558 4209 730 4260 hildebrandus
746 4211 795 4259 uult
814 4224 861 4259 non
879 4217 979 4260 tantum.
1015 4210 1093 4259 llalim
1115 4222 1224 4259 suarum.
1253 4210 1350 4274 lilliprir
1368 4215 1431 4261 enim

256 4277 405 4339 comparativi
422 4276 499 4336 magis
515 4276 669 4326 usitatissima
686 4284 720 4326 ert
733 4278 881 4327 Tertulliano.
917 4279 943 4327 la
960 4278 985 4327 ll.
1004 4283 1066 4326 estat
1084 4276 1249 4328 nibilominus.
1292 4277 1331 4326 11.
1351 4277 1431 4327 laces-

256 4342 346 4392 sientes
363 4343 389 4393 l.
443 4341 482 4392 12.
508 4350 625 4406 martyras
649 4344 703 4393 led.
721 4345 780 4394 liler
799 4345 928 4395 Clementis.
968 4351 1085 4408 martyres
1109 4346 1203 4409 reliqui.
1257 4342 1296 4394 13.
1321 4343 1432 4394 haeresis

254 4409 327 4459 laea.
349 4410 478 4460 Vaticanus.
515 4409 629 4460 haereses
645 4411 738 4475 reliqui.
781 4411 820 4461 11.
840 4413 933 4462 heresis
949 4414 999 4477 lq.
1047 4412 1085 4461 16.
1106 4413 1170 4461 euim
1188 4414 1268 4462 anal⁸
1311 4412 1351 4462 16.
1369 4428 1430 4477 pro·

255 4476 349 4526 babiles
367 4478 421 4527 led.
458 4477 574 4541 probatos
591 4479 684 4542 reliqui.
738 4477 777 4527 l'l.
796 4481 858 4530 iurat
877 4480 951 4544 Cinge.
985 4481 1051 4530 iuuet
1070 4479 1094 4529 l'.
1136 4477 1175 4528 ts.
1194 4479 1290 4529 heresin
1308 4482 1333 4530 l.
1371 4481 1432 4530 bae-

256 4544 329 4593 resim
347 4546 439 4608 reliqui.
494 4544 533 4594 19.
552 4545 703 4595 demetentes
719 4547 770 4610 lq.
806 4547 944 4598 demutetur
961 4548 986 4597 ll.

291 4644 349 4709 Cap.
368 4644 404 4695 lv.
453 4660 474 4694 s.
502 4645 602 4695 instruit
627 4642 751 4712 domiuus]
780 4647 814 4697 ld
866 4656 934 4698 turos
952 4647 997 4696 sub
1015 4645 1120 4709 pellibus
1138 4646 1329 4711 oriumrrpaees
1346 4647 1430 4711 lupos.

255 4713 354 4762 verbum
372 4713 423 4761 iere
442 4714 505 4763 bunc
523 4713 602 4763 locum
621 4714 817 4779 imitatoritth·
867 4716 911 4774 oui
930 4720 986 4763 sunt
1008 4714 1047 4762 isti
1071 4727 1172 4775 rapaces
1197 4713 1256 4777 lupi,
1283 4715 1329 4763 nisi
1353 4729 1428 4764 sensu

274 4781 355 4829 rianas
380 4780 421 4829 lib.
440 4780 469 4829 ad
487 4781 642 4831 lloratiauam
668 4783 816 4833 haereticum
866 4781 970 4831 subdolo
1002 4781 1169 4842 conspirantes
1202 4782 1232 4831 ad
1263 4782 1430 4832 infestandum

270 4847 359 4909 pals.
377 4848 414 4897 ed.
429 4844 535 4913 natael:
562 4849 734 4910 „Praedixerat
760 4851 816 4914 qui·
867 4862 963 4912 gregem
981 4847 1068 4910 Christi
1077 4842 1109 4896 ?“
1128 4847 1239 4909 (lumel.)

255 4913 320 4976 dem,
338 4915 423 4980 inquit,
446 4915 559 4967 domiuus
577 4917 667 4968 multos
686 4931 741 4968 erse
758 4931 817 4967 rea·
