3242 5775
525 425 564 506 un
585 461 829 508 assentiemur
851 461 966 543 murra.
1267 455 1347 520 ltu.

149 613 326 677 bonoratur
346 612 486 692 quotiens
507 630 614 673 manus
636 611 685 673 dei
706 612 833 692 petitur,
862 613 932 676 dum
955 595 1101 695 ungitur,
1133 615 1204 678 dum
1225 618 1331 681 deom-
1441 687 1444 692 ,

152 714 253 794 pitur,
286 707 356 775 dum
385 703 556 785 deducitur,
592 712 663 773 dum
686 713 845 792 effingitur.
894 713 1033 795 Recogita
1063 722 1158 778 totum
1178 715 1221 779 illi
1241 718 1330 781 deum

156 822 333 894 occupatum
355 832 390 875 ac
409 812 576 886 ⁴·deditum,
598 831 703 884 mauu,
727 832 835 887 seusu,
857 827 967 894 oriere,
1001 816 1145 890 oonsilio,
1175 817 1332 897 sapientia,

157 914 359 997 prouidentia,
383 924 412 976 et
433 914 497 993 ipsa
514 913 651 991 inprimis
667 914 848 988 adlectione,
872 935 946 995 quae
968 916 1155 979 ‘liniamenta
1177 917 1333 983 ‘neuim
1372 899 1376 904 ’

160 1016 364 1095 Quodcunque
386 1015 465 1077 enim
487 1013 576 1075 limus
600 1014 832 1092 exprimebatur,
867 1016 1000 1079 Christus
1023 1017 1214 1097 uogmbator
1240 1019 1332 1083 bomo

106 1169 107 1202 ι
162 1119 291 1189 iuturus,
314 1115 394 1196 quod
415 1116 464 1176 ⁷et
484 1114 573 1176 limus
596 1115 642 1175 'et
665 1133 733 1176 earo
756 1129 887 1189 sermo·‚
908 1118 988 1196 quod
1010 1126 1040 1180 et
1055 1126 1133 1180 terra
1149 1127 1227 1182 tuno
1263 1120 1333 1202 {Sic

106 1207 108 1220 '
164 1218 234 1279 enim
256 1216 401 1299 praelatio
423 1215 516 1295 patris
539 1215 575 1276 ad
599 1215 706 1276 filium:
736 1217 918 1278 ¹'Faciamus
941 1219 1091 1280 hominem
1114 1220 1150 1281 ad
1172 1220 1330 1302 imaginem
1344 1237 1460 1291 uentu.

166 1316 433 1379 dsimilitudiuem
456 1325 599 1377 nostram.
635 1315 672 1376 Et
694 1317 789 1378 ”feeit
810 1317 962 1381 hominem
977 1320 1068 1392 deus,
1091 1320 1120 1381 id
1136 1321 1331 1401 titiquequod

106 1420 111 1454 '-
167 1418 257 1491 luxit,
291 1418 328 1479 ad
358 1416 513 1496 imaginem
543 1416 589 1477 dei
619 1417 687 1477 lenit
714 1417 813 1490 illum,
848 1418 960 1479 scilieet
981 1419 1127 1481 ¹²Christi.
1171 1421 1209 1483 Et
1230 1439 1330 1486 sermo

106 1525 114 1558 l
169 1518 235 1581 euim
262 1519 355 1585 deus,
386 1518 436 1597 qui
459 1516 489 1577 in
512 1517 608 1596 effigie
630 1518 678 1579 dei
700 1519 882 1579 constitutus
911 1537 970 1580 non
989 1501 1132 1600 'rapinam
1154 1520 1458 1593 existimabimus

106 1620 116 1656 “·
169 1618 285 1700 ”parem
308 1637 376 1680 esse
398 1618 465 1679 deo.
502 1618 546 1679 lta
567 1618 653 1679 limus
674 1617 724 1679 ille
739 1619 797 1680 iam
814 1629 885 1681 tune
904 1620 1061 1699 imaginem
1078 1620 1204 1684 indueus
1220 1622 1332 1687 Gbristi

106 1723 118 1757 ³
170 1719 246 1781 loturi
269 1721 300 1781 in
323 1737 411 1780 carue
432 1737 493 1779 non
516 1727 629 1780 unium
652 1708 805 1799 dei'opus
834 1729 914 1793 erat,
949 1721 1003 1782 sed
1032 1729 1062 1782 et
1088 1722 1208 1802 pignus.
1261 1724 1330 1798 Quo

105 1820 119 1854 '-
171 1835 237 1882 rane
256 1820 337 1882 lacit·
350 1820 386 1880 ad
408 1820 641 1881 ¹‘infuscandam
664 1819 809 1898 originem
839 1821 936 1882 earnis
958 1820 1094 1884 '‘uomen
1115 1830 1213 1885 terrae
1233 1825 1332 1888 renti-

106 1917 121 1954 *
168 1917 235 1996 irre,
269 1936 303 1984 ιιι
322 1920 488 1993 sordentis,
521 1929 554 1982 nt
575 1920 697 1982 iacentis
721 1920 883 1982 elementi?
914 1940 997 1994 eum,
1026 1930 1057 1983 et
1084 1924 1110 1984 si
1132 1924 1189 1985 alia
1210 1926 1333 1989 materia

106 2017 121 2054 r:
172 2020 378 2085 ¹⁸excudendol
400 2022 513 2082 homini
536 2021 743 2100 competisset,
765 2021 886 2083 artificis
900 2022 1050 2102 fastigium
1065 2024 1221 2103 recogitari
1237 2043 1330 2106 opor-

110 2121 121 2212 J
171 2128 247 2196 uret,
265 2121 321 2202 'qui
345 2122 422 2182 illam
446 2129 475 2182 et
496 2121 660 2200 ‘'eligendo
682 2121 986 2200 dignamjudieasset
1011 2131 1041 2184 et
1062 2125 1214 2187 tractando
1237 2126 1330 2189 reds-

106 2219 121 2246 l
171 2232 214 2284 tet.
247 2222 372 2285 Phidiae
393 2238 498 2284 manus
521 2223 620 2283 lovem
644 2223 811 2302 Olympium
835 2242 868 2284 ex
893 2223 984 2285 ebore
1006 2224 1169 2298 ¹⁸molitur‚
1203 2234 1233 2288 et
1254 2228 1328 2289 ado·

106 2320 118 2355 ᾗ
169 2333 253 2397 ntur,
288 2342 345 2385 nec
370 2324 429 2384 iam
457 2323 570 2385 bestiae
593 2324 762 2402 etquidem
790 2322 1026 2385 insulsissimae·
1054 2317 1127 2387 delas
1149 2335 1212 2400 est,
1249 2327 1330 2400 ”uod

106 2417 119 2454 l'
169 2440 302 2487 summum
325 2424 436 2486 saeculi
459 2443 584 2495 numen,
616 2423 705 2483 ”uon
727 2424 794 2500 quia
825 2423 1015 2502 elephantus,
1045 2426 1098 2487 sed
1120 2427 1188 2506 quia
1210 2406 1330 2492 eblum

105 2515 116 2552 “’
170 2530 270 2587 unus:
303 2525 379 2587 deus
406 2525 507 2598 virus,
539 2524 641 2585 ²¹deus
670 2541 758 2584 verus
786 2541 994 2605 quameunque
1022 2526 1162 2588 meuriss
1188 2527 1329 2592 ubuum

106 2607 111 2649 ³
168 2641 217 2688 nou
238 2627 277 2688 de
298 2644 351 2687 sua
375 2627 547 2705 operatione
569 2633 729 2704 purgasset
758 2632 787 2685 et
816 2624 851 2685 ab
875 2626 955 2689 omni
978 2626 1147 2689 infirmitate
1168 2627 1330 2694 sanassetl

167 2725 201 2788 lu
220 2728 279 2789 boe
301 2727 465 2808 supererit,
497 2735 530 2787 ut
551 2726 707 2787 honestius
734 2725 826 2785 homo
856 2726 945 2787 deum
964 2744 1054 2806 quani
1076 2727 1227 2791 homiuem
1254 2730 1329 2793 deun
1424 2769 1436 2780 .

164 2826 295 2890 dixerit?
337 2827 423 2897 Nune
444 2828 500 2889 etsi
522 2826 690 2889 spondulum
713 2825 818 2900 limus,
852 2826 907 2888 alia
935 2827 992 2889 iam
1023 2845 1073 2891 res
1103 2839 1160 2892 est.
1204 2829 1329 2894 Oaruem

106 2890 110 2994 l
164 2926 242 2992 ¹²iam
265 2939 372 3002 teneo,
401 2948 459 2990 nou
484 2939 608 3001 terram;
640 2928 708 2988 lieet
729 2927 788 2987 ”et
809 2945 877 2988 earo
900 2929 1016 2990 audiat:
1046 2929 1140 2992 Terra
1167 2948 1218 3006 es,
1248 2942 1278 2994 et
1297 2932 1478 3014 iumagu,

162 3037 264 3092 terram
286 3030 357 3092 ibis.
402 3030 493 3108 Origo
515 3037 705 3101 recensetur,
729 3046 789 3088 uon
812 3027 978 3090 substantia
999 3031 1187 3092 revoceturl.
1223 3030 1328 3096 Datum

161 3182 333 3233 teudinum
354 3181 393 3232 Gn.
445 3183 467 3231 5.
489 3183 670 3231 noemenias.
718 3179 742 3228 6.
761 3180 866 3228 dictabit
883 3183 957 3243 ampl.
992 3179 1141 3232 ductabat'e.
1160 3183 1327 3245 resitetiam)

160 3250 328 3300 lulletririus.
364 3251 466 3299 ducebat
484 3252 554 3309 (lid,
574 3251 639 3298 futu.
652 3249 756 3296 Ursinus.
798 3247 899 3295 decubat
917 3247 974 3297 nco.
1027 3248 1053 3297 t.
1071 3256 1094 3298 at
1111 3248 1210 3297 emus.
1262 3247 1286 3298 8.
1305 3257 1329 3300 et

159 3332 312 3366 termuearo
332 3320 366 3367 be.
418 3317 442 3367 9.
461 3319 485 3366 st
505 3320 568 3365 enim
587 3324 611 3365 Α.
647 3313 841 3363 stcuienimu.
889 3314 925 3363 lt).
945 3323 968 3364 et
986 3315 1102 3364 liniamus
1120 3316 1144 3364 n.
1191 3313 1329 3365 ll.bomi·

159 3398 210 3433 κω
228 3385 288 3434 deus
306 3384 406 3434 ieritd.
450 3384 487 3433 tt.
508 3385 629 3433 Christum
649 3398 708 3443 amp.
754 3380 793 3428 1³.
812 3394 894 3443 parem
914 3396 968 3430 esse
980 3380 1041 3443 carp.
1075 3382 1173 3445 partu.
1207 3382 1327 3447 pariud

158 3453 243 3514 pariari
260 3454 356 3517 reliqui,
377 3468 406 3500 ea
423 3454 533 3501 emordet.
553 3453 662 3501 liberiori.
705 3446 743 3495 ll.
763 3447 930 3496 intereundum
948 3448 992 3499 Ab.
1010 3455 1056 3498 tres
1068 3449 1177 3499 Vaticani.
1219 3449 1260 3502 15.
1278 3462 1327 3500 uon

157 3519 200 3568 tu:
240 3519 280 3568 ib.
298 3520 448 3568 excludendo
467 3521 622 3568 editPriorr'i.
669 3516 706 3564 ll.
724 3515 842 3575 elegendo
862 3516 912 3564 eod.
931 3517 964 3566 lo.
980 3516 1108 3565 Clementia.
1163 3515 1202 3565 18.
1221 3516 1328 3578 noliter,

158 3593 181 3635 et
197 3586 312 3636 odoratur
328 3587 418 3637 incar.
434 3588 603 3636 uesl'uticoui.
639 3585 737 3633 molitae
755 3583 887 3631 odorantur
906 3584 944 3634 tu.
988 3582 1159 3634 19.seateu.
1194 3591 1218 3633 et
1235 3585 1328 3648 reliqui

159 3651 197 3702 20.
215 3669 263 3703 nor
281 3655 337 3717 quir
356 3654 508 3717 elephantus,
533 3654 575 3701 sed
594 3653 648 3715 quio
668 3649 764 3699 Pbidiss
782 3658 863 3698 tentus
881 3653 946 3700 ebed.
988 3650 1132 3714 elepbautis,
1156 3664 1203 3700 nou
1221 3650 1276 3712 (sed
1292 3651 1329 3712 P.)

158 3721 211 3785 qaia
230 3720 325 3784 phidits
344 3730 424 3770 tantus
442 3723 484 3771 ΑΒ.
521 3721 673 3784 elephantus,
690 3718 733 3765 sed
752 3717 806 3781 qaia
827 3716 922 3766 Phidias
940 3725 1020 3768 tantus
1039 3718 1063 3768 G.
1104 3717 1144 3768 21.
1161 3726 1187 3768 et
1204 3718 1264 3769 deus
1281 3710 1327 3781 od,

159 3802 188 3837 re
204 3791 255 3840 eod.
273 3789 449 3839 ludimur.
502 3787 542 3836 22.
562 3789 607 3837 iam
626 3784 725 3835 south.
778 3784 818 3834 23.
838 3793 859 3835 et
879 3801 922 3834 om.
938 3789 960 3836 b.
1207 3794 1210 3799 ’

190 3921 292 3985 Capiti.
316 3938 338 3972 ι.
348 3919 442 3988 sermo]
455 3923 492 3971 Pr.
502 3922 582 3970 lunius
592 3918 717 3980 distinguit
766 3918 852 3966 simam
872 3917 973 3968 bestiam
998 3917 1105 3982 appellat
1127 3926 1239 3982 respectu
1263 3926 1329 3970 eata·

159 3990 238 4052 „qnod
256 3997 280 4038 et
297 3990 380 4049 limus,
399 4000 422 4039 et
439 4006 495 4039 caro
506 4003 596 4046 sermo,
616 3988 716 4050 enodet
767 3986 848 4045 rionis,
867 4001 928 4049 quie
946 3987 1005 4034 risui
1024 3987 1117 4035 insulse
1127 3986 1219 4035 ridetur
1236 3994 1260 4037 et
1277 3993 1328 4036 iur-

158 4063 218 4105 terra
237 4058 329 4117 tunu“‚
348 4066 371 4105 et
386 4060 569 4120 iuterpretatur:
589 4054 716 4113 „Christus
768 4066 838 4116 pens,
856 4054 946 4115 speciei
965 4061 989 4102 et
1008 4052 1078 4102 molis
1094 4053 1216 4117 elephanti
1234 4052 1263 4102 id
1283 4067 1327 4117 po·

160 4122 716 4187 eogitabaturbomoiuturus,quodetluturus
768 4120 906 4169 litiasimum
930 4118 990 4168 illud
1016 4119 1120 4169 Phidiaci
1146 4119 1235 4182 ingenii
1253 4120 1328 4169 artili-

158 4189 236 4249 linus,
254 4200 367 4241 etserrno
381 4193 530 4253 cogitabatur
543 4192 638 4239 lutrirus
650 4201 716 4245 earo,
768 4187 840 4235 nium.
868 4188 904 4237 Ci.
924 4188 991 4238 Gisb.
1010 4187 1119 4250 cuperus
1138 4187 1171 4236 lle
1188 4186 1329 4250 Elephantis
1398 4202 1400 4207 ·

159 4258 220 4320 guod
238 4267 261 4308 et
279 4267 343 4308 terra
362 4269 419 4309 tune
438 4259 544 4307 lutura.“
580 4256 656 4306 liieol.
675 4256 715 4304 iii·
770 4253 833 4310 itt.
859 4256 881 4302 in
907 4255 1032 4315 Selieugre
1057 4253 1113 4303 Nor.
1136 4253 1209 4304 Ther.
1233 4255 1327 4318 budae.

159 4326 242 4387 guttim
267 4327 316 4375 ruit
344 4327 475 4387 distingui,
504 4335 528 4374 ut
554 4333 591 4373 est
613 4325 637 4372 in
662 4322 716 4372 cod.
768 4321 837 4370 nom.
857 4321 968 4379 tertulli,
987 4334 1010 4384 p.
1022 4320 1078 4371 ΠΒ.

153 4391 300 4443 Pithoeauo:
327 4410 412 4455 „euro
430 4408 511 4442 sermo
529 4392 593 4455 quod
610 4400 634 4440 et
653 4398 716 4440 terre
802 4388 826 4437 d.
846 4403 892 4437 nou
912 4389 1043 4438 substantii
1063 4381 1208 4451 resumtum]
1232 4386 1329 4436 scilieet

158 4461 238 4509 taar.“
768 4468 816 4504 uon
836 4457 950 4504 revocavit
969 4456 1029 4504 deus
1046 4455 1168 4518 opificium
1183 4464 1254 4503 saum
1269 4464 1328 4502 cou-

189 4528 212 4576 b.
232 4523 385 4589 excudendo]
403 4527 428 4574 v.
449 4528 539 4575 aduou.
559 4524 588 4575 ad
606 4525 648 4575 lib.
661 4524 715 4574 idr.
766 4524 1022 4572 summouentium
1047 4523 1071 4572 iu
1096 4530 1164 4572 term'
1184 4532 1238 4571 uum
1263 4518 1328 4578 dixit,

157 4592 244 4643 lalett.
264 4595 368 4657 tap.il.
768 4589 843 4640 teus
861 4605 896 4640 es.
915 4591 1014 4650 (Ludos,
1030 4590 1062 4640 do
1080 4590 1102 4639 la
1121 4589 1218 4647 Corda.)

189 4678 208 4711 ε.
229 4670 251 4711 ιι
270 4664 367 4726 quidem
387 4655 576 4724 insulsissimae]
601 4658 715 4708 insulsis·
