<?xml version="1.0" encoding="UTF-8"?>
<!DOCTYPE html PUBLIC "-//W3C//DTD XHTML 1.0 Transitional//EN"
    "http://www.w3.org/TR/xhtml1/DTD/xhtml1-transitional.dtd">
<html xmlns="http://www.w3.org/1999/xhtml" xml:lang="en" lang="en">
 <head>
  <title>
</title>
<meta http-equiv="Content-Type" content="text/html;charset=utf-8" />
  <meta name='ocr-system' content='tesseract 3.04.00' />
  <meta name='ocr-capabilities' content='ocr_page ocr_carea ocr_par ocr_line ocrx_word'/>
</head>
<body>
  <div class='ocr_page' id='page_1' title='image "./quaesupersuntom00oehlgoog_0066.png"; bbox 0 0 3242 5775; ppageno 0'>
   <div class='ocr_carea' id='block_1_1' title="bbox 515 619 1451 702">
    <p class='ocr_par' dir='ltr' id='par_1_1' title="bbox 515 619 1451 702">
     <span class='ocr_line' id='line_1_1' title="bbox 515 619 1451 702; baseline 0.015 -36"><span class='ocrx_word' id='word_1_1' title='bbox 515 622 664 667; x_wconf 75' lang='lat' dir='ltr'><strong>sommus</strong></span> <span class='ocrx_word' id='word_1_2' title='bbox 686 621 860 667; x_wconf 75' lang='grc' dir='ltr'>ιιιιοιοιιιιιι</span> <span class='ocrx_word' id='word_1_3' title='bbox 883 625 939 669; x_wconf 83' lang='lat' dir='ltr'><strong>nin.</strong></span> <span class='ocrx_word' id='word_1_4' title='bbox 956 627 976 669; x_wconf 93' lang='grc' dir='ltr'>ι.</span> <span class='ocrx_word' id='word_1_5' title='bbox 1298 619 1340 681; x_wconf 77' lang='lat' dir='ltr'><strong>bl</strong></span> <span class='ocrx_word' id='word_1_6' title='bbox 1443 683 1451 702; x_wconf 26' lang='lat' dir='ltr'>x</span> 
     </span>
    </p>
   </div>
   <div class='ocr_carea' id='block_1_2' title="bbox 140 772 1344 4095">
    <p class='ocr_par' dir='ltr' id='par_1_2' title="bbox 140 772 1344 4095">
     <span class='ocr_line' id='line_1_2' title="bbox 149 772 1341 861; baseline 0.005 -22"><span class='ocrx_word' id='word_1_7' title='bbox 149 787 178 839; x_wconf 81' lang='lat' dir='ltr'><strong>et</strong></span> <span class='ocrx_word' id='word_1_8' title='bbox 196 784 277 838; x_wconf 89' lang='lat' dir='ltr'><strong>retro</strong></span> <span class='ocrx_word' id='word_1_9' title='bbox 300 774 406 854; x_wconf 75' lang='lat' dir='ltr'><strong>ignoti</strong></span> <span class='ocrx_word' id='word_1_10' title='bbox 427 772 656 854; x_wconf 79' lang='lat' dir='ltr'><strong>probationem,</strong></span> <span class='ocrx_word' id='word_1_11' title='bbox 678 773 736 835; x_wconf 92' lang='lat' dir='ltr'><strong>boc</strong></span> <span class='ocrx_word' id='word_1_12' title='bbox 757 773 857 854; x_wconf 89' lang='lat' dir='ltr'><strong>ipsum</strong></span> <span class='ocrx_word' id='word_1_13' title='bbox 879 775 996 838; x_wconf 87' lang='lat' dir='ltr'><strong>ratione</strong></span> <span class='ocrx_word' id='word_1_14' title='bbox 1018 777 1082 839; x_wconf 86' lang='lat' dir='ltr'><strong>lieri</strong></span> <span class='ocrx_word' id='word_1_15' title='bbox 1105 797 1122 839; x_wconf 95' lang='lat' dir='ltr'><strong>a</strong></span> <span class='ocrx_word' id='word_1_16' title='bbox 1144 779 1234 841; x_wconf 91' lang='lat' dir='ltr'><strong>nobis</strong></span> <span class='ocrx_word' id='word_1_17' title='bbox 1255 777 1341 861; x_wconf 83' lang='lat' dir='ltr'><strong>prius</strong></span> 
     </span>
     <span class='ocr_line' id='line_1_3' title="bbox 147 872 1338 961; baseline 0.003 -21"><span class='ocrx_word' id='word_1_18' title='bbox 147 875 358 940; x_wconf 75' lang='lat' dir='ltr'><strong>conmudare</strong></span> <span class='ocrx_word' id='word_1_19' title='bbox 379 874 518 946; x_wconf 78' lang='lat' dir='ltr'>debebo,</span> <span class='ocrx_word' id='word_1_20' title='bbox 551 892 612 952; x_wconf 94' lang='lat' dir='ltr'><strong>quo</strong></span> <span class='ocrx_word' id='word_1_21' title='bbox 634 872 838 935; x_wconf 79' lang='lat' dir='ltr'><strong>constantius‘</strong></span> <span class='ocrx_word' id='word_1_22' title='bbox 856 884 932 937; x_wconf 88' lang='lat' dir='ltr'><strong>utar</strong></span> <span class='ocrx_word' id='word_1_23' title='bbox 959 878 1084 940; x_wconf 88' lang='lat' dir='ltr'><strong>rationis</strong></span> <span class='ocrx_word' id='word_1_24' title='bbox 1115 879 1211 941; x_wconf 88' lang='lat' dir='ltr'><strong>editae</strong></span> <span class='ocrx_word' id='word_1_25' title='bbox 1232 890 1338 961; x_wconf 91' lang='lat' dir='ltr'><strong>patro-</strong></span> 
     </span>
     <span class='ocr_line' id='line_1_4' title="bbox 149 973 1335 1059; baseline 0.002 -18"><span class='ocrx_word' id='word_1_26' title='bbox 149 979 233 1041; x_wconf 86' lang='lat' dir='ltr'><strong>cinio.</strong></span> <span class='ocrx_word' id='word_1_27' title='bbox 265 977 353 1058; x_wconf 69' lang='lat' dir='ltr'><strong>{Ante</strong></span> <span class='ocrx_word' id='word_1_28' title='bbox 375 976 480 1038; x_wconf 89' lang='lat' dir='ltr'><strong>omnia</strong></span> <span class='ocrx_word' id='word_1_29' title='bbox 502 974 622 1055; x_wconf 87' lang='lat' dir='ltr'><strong>quidem</strong></span> <span class='ocrx_word' id='word_1_30' title='bbox 645 973 730 1054; x_wconf 83' lang='lat' dir='ltr'><strong>quale</strong></span> <span class='ocrx_word' id='word_1_31' title='bbox 751 984 800 1037; x_wconf 86' lang='lat' dir='ltr'><strong>est</strong></span> <span class='ocrx_word' id='word_1_32' title='bbox 822 983 854 1037; x_wconf 89' lang='lat' dir='ltr'><strong>ut</strong></span> <span class='ocrx_word' id='word_1_33' title='bbox 882 977 934 1055; x_wconf 92' lang='lat' dir='ltr'><strong>qui</strong></span> <span class='ocrx_word' id='word_1_34' title='bbox 956 977 1044 1040; x_wconf 92' lang='lat' dir='ltr'><strong>deum</strong></span> <span class='ocrx_word' id='word_1_35' title='bbox 1070 979 1224 1059; x_wconf 76' lang='lat' dir='ltr'><strong>‘agnoscis</strong></span> <span class='ocrx_word' id='word_1_36' title='bbox 1250 991 1335 1044; x_wconf 85' lang='lat' dir='ltr'><strong>crea-</strong></span> 
     </span>
     <span class='ocr_line' id='line_1_5' title="bbox 151 1074 1335 1158; baseline 0.003 -16"><span class='ocrx_word' id='word_1_37' title='bbox 151 1091 243 1142; x_wconf 80' lang='lat' dir='ltr'><strong>torem</strong></span> <span class='ocrx_word' id='word_1_38' title='bbox 265 1087 296 1140; x_wconf 85' lang='lat' dir='ltr'><strong>et</strong></span> <span class='ocrx_word' id='word_1_39' title='bbox 317 1078 456 1158; x_wconf 80' lang='lat' dir='ltr'><strong>priorem</strong></span> <span class='ocrx_word' id='word_1_40' title='bbox 480 1075 518 1137; x_wconf 86' lang='lat' dir='ltr'><strong>de</strong></span> <span class='ocrx_word' id='word_1_41' title='bbox 539 1074 644 1136; x_wconf 87' lang='lat' dir='ltr'><strong>notitia</strong></span> <span class='ocrx_word' id='word_1_42' title='bbox 660 1076 830 1150; x_wconf 87' lang='lat' dir='ltr'><strong>confiteris,</strong></span> <span class='ocrx_word' id='word_1_43' title='bbox 853 1095 915 1138; x_wconf 94' lang='lat' dir='ltr'><strong>non</strong></span> <span class='ocrx_word' id='word_1_44' title='bbox 937 1077 1050 1140; x_wconf 90' lang='lat' dir='ltr'><strong>eisdem</strong></span> <span class='ocrx_word' id='word_1_45' title='bbox 1073 1080 1171 1141; x_wconf 89' lang='lat' dir='ltr'><strong>modis</strong></span> <span class='ocrx_word' id='word_1_46' title='bbox 1194 1088 1224 1142; x_wconf 91' lang='lat' dir='ltr'><strong>et</strong></span> <span class='ocrx_word' id='word_1_47' title='bbox 1245 1081 1335 1146; x_wconf 87' lang='lat' dir='ltr'><strong>alium</strong></span> 
     </span>
     <span class='ocr_line' id='line_1_6' title="bbox 151 1176 1336 1255; baseline 0 -11"><span class='ocrx_word' id='word_1_48' title='bbox 151 1181 224 1244; x_wconf 77' lang='lat' dir='ltr'><strong>sciar</strong></span> <span class='ocrx_word' id='word_1_49' title='bbox 246 1179 301 1241; x_wconf 92' lang='lat' dir='ltr'><strong>tibi</strong></span> <span class='ocrx_word' id='word_1_50' title='bbox 323 1177 556 1240; x_wconf 79' lang='lat' dir='ltr'><strong>examinandum</strong></span> <span class='ocrx_word' id='word_1_51' title='bbox 580 1176 686 1255; x_wconf 90' lang='lat' dir='ltr'><strong>quibus</strong></span> <span class='ocrx_word' id='word_1_52' title='bbox 714 1177 772 1237; x_wconf 88' lang='lat' dir='ltr'><strong>iam</strong></span> <span class='ocrx_word' id='word_1_53' title='bbox 801 1177 833 1237; x_wconf 94' lang='lat' dir='ltr'><strong>in</strong></span> <span class='ocrx_word' id='word_1_54' title='bbox 862 1176 919 1238; x_wconf 87' lang='lat' dir='ltr'><strong>alio</strong></span> <span class='ocrx_word' id='word_1_55' title='bbox 941 1177 1085 1240; x_wconf 72' lang='lat' dir='ltr'><strong>‘didicisti</strong></span> <span class='ocrx_word' id='word_1_56' title='bbox 1107 1180 1195 1242; x_wconf 87' lang='lat' dir='ltr'><strong>deum</strong></span> <span class='ocrx_word' id='word_1_57' title='bbox 1216 1180 1336 1245; x_wconf 73' lang='lat' dir='ltr'><strong>nosse?</strong></span> 
     </span>
     <span class='ocr_line' id='line_1_7' title="bbox 152 1277 1336 1358; baseline 0.002 -14"><span class='ocrx_word' id='word_1_58' title='bbox 152 1281 255 1344; x_wconf 78' lang='lat' dir='ltr'><strong>onan</strong></span> <span class='ocrx_word' id='word_1_59' title='bbox 277 1299 329 1342; x_wconf 79' lang='lat' dir='ltr'><strong>rer</strong></span> <span class='ocrx_word' id='word_1_60' title='bbox 352 1279 489 1340; x_wconf 85' lang='lat' dir='ltr'><strong>anterior</strong></span> <span class='ocrx_word' id='word_1_61' title='bbox 509 1277 671 1358; x_wconf 77' lang='lat' dir='ltr'><strong>posteriori</strong></span> <span class='ocrx_word' id='word_1_62' title='bbox 701 1295 836 1339; x_wconf 88' lang='lat' dir='ltr'><strong>normam</strong></span> <span class='ocrx_word' id='word_1_63' title='bbox 865 1279 1125 1356; x_wconf 78' lang='lat' dir='ltr'><strong>praeministravit.</strong></span> <span class='ocrx_word' id='word_1_64' title='bbox 1169 1279 1233 1341; x_wconf 88' lang='lat' dir='ltr'><strong>Duo</strong></span> <span class='ocrx_word' id='word_1_65' title='bbox 1256 1300 1336 1346; x_wconf 88' lang='lat' dir='ltr'><strong>nunc</strong></span> 
     </span>
     <span class='ocr_line' id='line_1_8' title="bbox 153 1377 1334 1462; baseline 0.001 -18"><span class='ocrx_word' id='word_1_66' title='bbox 153 1383 196 1444; x_wconf 84' lang='lat' dir='ltr'><strong>dei</strong></span> <span class='ocrx_word' id='word_1_67' title='bbox 216 1388 449 1462; x_wconf 89' lang='lat' dir='ltr'><strong>proponuntur,</strong></span> <span class='ocrx_word' id='word_1_68' title='bbox 472 1379 594 1458; x_wconf 76' lang='lat' dir='ltr'><strong>ignotus</strong></span> <span class='ocrx_word' id='word_1_69' title='bbox 615 1387 646 1439; x_wconf 91' lang='lat' dir='ltr'><strong>et</strong></span> <span class='ocrx_word' id='word_1_70' title='bbox 666 1386 765 1440; x_wconf 91' lang='lat' dir='ltr'><strong>notus.</strong></span> <span class='ocrx_word' id='word_1_71' title='bbox 797 1377 841 1439; x_wconf 88' lang='lat' dir='ltr'><strong>De</strong></span> <span class='ocrx_word' id='word_1_72' title='bbox 863 1385 936 1439; x_wconf 90' lang='lat' dir='ltr'><strong>noto</strong></span> <span class='ocrx_word' id='word_1_73' title='bbox 959 1387 1042 1440; x_wconf 84' lang='lat' dir='ltr'><strong>vacat</strong></span> <span class='ocrx_word' id='word_1_74' title='bbox 1062 1380 1227 1460; x_wconf 73' lang='lat' dir='ltr'><strong>&#39;quaestio</strong></span> <span class='ocrx_word' id='word_1_75' title='bbox 1257 1381 1334 1445; x_wconf 84' lang='lat' dir='ltr'><strong>Esse</strong></span> 
     </span>
     <span class='ocr_line' id='line_1_9' title="bbox 154 1478 1335 1559; baseline 0 -15"><span class='ocrx_word' id='word_1_76' title='bbox 154 1502 215 1544; x_wconf 77' lang='lat' dir='ltr'><strong>eun</strong></span> <span class='ocrx_word' id='word_1_77' title='bbox 237 1490 376 1548; x_wconf 81' lang='lat' dir='ltr'><strong>constat.</strong></span> <span class='ocrx_word' id='word_1_78' title='bbox 399 1480 470 1559; x_wconf 82' lang='lat' dir='ltr'><strong>quia</strong></span> <span class='ocrx_word' id='word_1_79' title='bbox 491 1488 584 1541; x_wconf 89' lang='lat' dir='ltr'><strong>notus</strong></span> <span class='ocrx_word' id='word_1_80' title='bbox 606 1497 666 1540; x_wconf 93' lang='lat' dir='ltr'><strong>non</strong></span> <span class='ocrx_word' id='word_1_81' title='bbox 688 1478 810 1552; x_wconf 87' lang='lat' dir='ltr'><strong>luisset,</strong></span> <span class='ocrx_word' id='word_1_82' title='bbox 838 1478 899 1539; x_wconf 91' lang='lat' dir='ltr'><strong>nisi</strong></span> <span class='ocrx_word' id='word_1_83' title='bbox 921 1486 1011 1540; x_wconf 83' lang='lat' dir='ltr'><strong>esset.</strong></span> <span class='ocrx_word' id='word_1_84' title='bbox 1054 1479 1097 1541; x_wconf 85' lang='lat' dir='ltr'><strong>lle</strong></span> <span class='ocrx_word' id='word_1_85' title='bbox 1119 1479 1221 1558; x_wconf 80' lang='lat' dir='ltr'><strong>ignoto</strong></span> <span class='ocrx_word' id='word_1_86' title='bbox 1244 1482 1335 1545; x_wconf 87' lang='lat' dir='ltr'><strong>instat</strong></span> 
     </span>
     <span class='ocr_line' id='line_1_10' title="bbox 157 1579 1334 1659; baseline -0.002 -13"><span class='ocrx_word' id='word_1_87' title='bbox 157 1584 313 1646; x_wconf 69' lang='lat' dir='ltr'><strong>mantio.</strong></span> <span class='ocrx_word' id='word_1_88' title='bbox 359 1581 467 1644; x_wconf 86' lang='lat' dir='ltr'><strong>Potest</strong></span> <span class='ocrx_word' id='word_1_89' title='bbox 488 1580 568 1641; x_wconf 88' lang='lat' dir='ltr'><strong>enim</strong></span> <span class='ocrx_word' id='word_1_90' title='bbox 591 1588 621 1640; x_wconf 88' lang='lat' dir='ltr'><strong>et</strong></span> <span class='ocrx_word' id='word_1_91' title='bbox 642 1597 701 1640; x_wconf 86' lang='lat' dir='ltr'><strong>nou</strong></span> <span class='ocrx_word' id='word_1_92' title='bbox 724 1598 808 1652; x_wconf 92' lang='lat' dir='ltr'><strong>esse,</strong></span> <span class='ocrx_word' id='word_1_93' title='bbox 837 1581 905 1659; x_wconf 90' lang='lat' dir='ltr'><strong>quia</strong></span> <span class='ocrx_word' id='word_1_94' title='bbox 928 1579 954 1639; x_wconf 91' lang='lat' dir='ltr'><strong>si</strong></span> <span class='ocrx_word' id='word_1_95' title='bbox 976 1591 1075 1653; x_wconf 88' lang='lat' dir='ltr'><strong>esset,</strong></span> <span class='ocrx_word' id='word_1_96' title='bbox 1103 1589 1191 1642; x_wconf 88' lang='lat' dir='ltr'><strong>notus</strong></span> <span class='ocrx_word' id='word_1_97' title='bbox 1215 1581 1334 1645; x_wconf 79' lang='lat' dir='ltr'><strong>luisset.</strong></span> 
     </span>
     <span class='ocr_line' id='line_1_11' title="bbox 159 1679 1334 1763; baseline 0 -18"><span class='ocrx_word' id='word_1_98' title='bbox 159 1684 236 1757; x_wconf 69' lang='lat' dir='ltr'><strong>Quod</strong></span> <span class='ocrx_word' id='word_1_99' title='bbox 264 1702 342 1763; x_wconf 74' lang='lat' dir='ltr'><strong>erqo</strong></span> <span class='ocrx_word' id='word_1_100' title='bbox 371 1681 527 1763; x_wconf 83' lang='lat' dir='ltr'><strong>quaeriurr</strong></span> <span class='ocrx_word' id='word_1_101' title='bbox 553 1679 692 1760; x_wconf 81' lang='lat' dir='ltr'><strong>quamdiu</strong></span> <span class='ocrx_word' id='word_1_102' title='bbox 720 1679 889 1759; x_wconf 79' lang='lat' dir='ltr'><strong>ignoratur,</strong></span> <span class='ocrx_word' id='word_1_103' title='bbox 923 1679 1085 1741; x_wconf 80' lang='lat' dir='ltr'><strong>&#39;incertum</strong></span> <span class='ocrx_word' id='word_1_104' title='bbox 1121 1689 1168 1742; x_wconf 91' lang='lat' dir='ltr'><strong>est</strong></span> <span class='ocrx_word' id='word_1_105' title='bbox 1194 1681 1334 1759; x_wconf 79' lang='lat' dir='ltr'><strong>quamdiu</strong></span> 
     </span>
     <span class='ocr_line' id='line_1_12' title="bbox 160 1780 1332 1865; baseline -0.002 -19"><span class='ocrx_word' id='word_1_106' title='bbox 160 1786 316 1865; x_wconf 67' lang='lat' dir='ltr'><strong>quaeritur,</strong></span> <span class='ocrx_word' id='word_1_107' title='bbox 341 1794 374 1845; x_wconf 89' lang='lat' dir='ltr'><strong>et</strong></span> <span class='ocrx_word' id='word_1_108' title='bbox 395 1790 500 1863; x_wconf 91' lang='lat' dir='ltr'><strong>potest</strong></span> <span class='ocrx_word' id='word_1_109' title='bbox 521 1800 582 1843; x_wconf 90' lang='lat' dir='ltr'><strong>non</strong></span> <span class='ocrx_word' id='word_1_110' title='bbox 605 1799 672 1842; x_wconf 87' lang='lat' dir='ltr'><strong>esse</strong></span> <span class='ocrx_word' id='word_1_111' title='bbox 694 1781 835 1860; x_wconf 87' lang='lat' dir='ltr'><strong>quamdiu</strong></span> <span class='ocrx_word' id='word_1_112' title='bbox 855 1781 903 1842; x_wconf 73' lang='lat' dir='ltr'><strong>⁹iu</strong></span> <span class='ocrx_word' id='word_1_113' title='bbox 919 1780 1032 1841; x_wconf 84' lang='lat' dir='ltr'><strong>incerto</strong></span> <span class='ocrx_word' id='word_1_114' title='bbox 1047 1789 1101 1843; x_wconf 81' lang='lat' dir='ltr'><strong>est</strong></span> <span class='ocrx_word' id='word_1_115' title='bbox 1131 1780 1231 1843; x_wconf 89' lang='lat' dir='ltr'><strong>llabes</strong></span> <span class='ocrx_word' id='word_1_116' title='bbox 1246 1782 1332 1844; x_wconf 86' lang='lat' dir='ltr'><strong>deum</strong></span> 
     </span>
     <span class='ocr_line' id='line_1_13' title="bbox 161 1881 1333 1964; baseline -0.002 -16"><span class='ocrx_word' id='word_1_117' title='bbox 161 1896 276 1956; x_wconf 78' lang='grc' dir='ltr'>ιιιιιιιιι,</span> <span class='ocrx_word' id='word_1_118' title='bbox 300 1903 361 1964; x_wconf 89' lang='lat' dir='ltr'><strong>qua</strong></span> <span class='ocrx_word' id='word_1_119' title='bbox 386 1892 512 1954; x_wconf 90' lang='lat' dir='ltr'><strong>notum,</strong></span> <span class='ocrx_word' id='word_1_120' title='bbox 535 1889 566 1944; x_wconf 93' lang='lat' dir='ltr'><strong>et</strong></span> <span class='ocrx_word' id='word_1_121' title='bbox 578 1882 741 1954; x_wconf 88' lang='lat' dir='ltr'><strong>incertum,</strong></span> <span class='ocrx_word' id='word_1_122' title='bbox 764 1901 821 1962; x_wconf 92' lang='lat' dir='ltr'><strong>qua</strong></span> <span class='ocrx_word' id='word_1_123' title='bbox 836 1882 981 1962; x_wconf 80' lang='lat' dir='ltr'><strong>ignotum.</strong></span> <span class='ocrx_word' id='word_1_124' title='bbox 1015 1881 1048 1942; x_wconf 92' lang='lat' dir='ltr'><strong>Si</strong></span> <span class='ocrx_word' id='word_1_125' title='bbox 1063 1882 1102 1943; x_wconf 92' lang='lat' dir='ltr'><strong>ita</strong></span> <span class='ocrx_word' id='word_1_126' title='bbox 1118 1889 1176 1954; x_wconf 87' lang='lat' dir='ltr'><strong>est,</strong></span> <span class='ocrx_word' id='word_1_127' title='bbox 1199 1882 1333 1962; x_wconf 82' lang='lat' dir='ltr'><strong>¹⁰ecquid</strong></span> 
     </span>
     <span class='ocr_line' id='line_1_14' title="bbox 163 1982 1332 2055; baseline -0.002 -7"><span class='ocrx_word' id='word_1_128' title='bbox 163 1988 204 2048; x_wconf 85' lang='lat' dir='ltr'><strong>ubi</strong></span> <span class='ocrx_word' id='word_1_129' title='bbox 224 1987 345 2048; x_wconf 79' lang='lat' dir='ltr'><strong>ridetur</strong></span> <span class='ocrx_word' id='word_1_130' title='bbox 367 1987 449 2047; x_wconf 89' lang='lat' dir='ltr'><strong>iusta</strong></span> <span class='ocrx_word' id='word_1_131' title='bbox 472 1983 588 2046; x_wconf 89' lang='lat' dir='ltr'><strong>ratione</strong></span> <span class='ocrx_word' id='word_1_132' title='bbox 610 1982 745 2055; x_wconf 88' lang='lat' dir='ltr'><strong>delendi,</strong></span> <span class='ocrx_word' id='word_1_133' title='bbox 767 1993 800 2045; x_wconf 90' lang='lat' dir='ltr'><strong>ut</strong></span> <span class='ocrx_word' id='word_1_134' title='bbox 821 1983 857 2046; x_wconf 89' lang='lat' dir='ltr'><strong>ad</strong></span> <span class='ocrx_word' id='word_1_135' title='bbox 880 2001 1016 2044; x_wconf 85' lang='lat' dir='ltr'><strong>normam</strong></span> <span class='ocrx_word' id='word_1_136' title='bbox 1039 1990 1069 2045; x_wconf 91' lang='lat' dir='ltr'><strong>et</strong></span> <span class='ocrx_word' id='word_1_137' title='bbox 1083 1982 1209 2044; x_wconf 82' lang='lat' dir='ltr'><strong>formam</strong></span> <span class='ocrx_word' id='word_1_138' title='bbox 1230 1991 1260 2044; x_wconf 93' lang='lat' dir='ltr'><strong>et</strong></span> <span class='ocrx_word' id='word_1_139' title='bbox 1280 2002 1332 2046; x_wconf 91' lang='lat' dir='ltr'><strong>re-</strong></span> 
     </span>
     <span class='ocr_line' id='line_1_15' title="bbox 161 2082 1334 2167; baseline -0.003 -16"><span class='ocrx_word' id='word_1_140' title='bbox 161 2089 241 2167; x_wconf 70' lang='lat' dir='ltr'><strong>gulam</strong></span> <span class='ocrx_word' id='word_1_141' title='bbox 263 2097 424 2150; x_wconf 62' lang='lat' dir='ltr'><strong>catorum</strong></span> <span class='ocrx_word' id='word_1_142' title='bbox 447 2083 613 2164; x_wconf 77' lang='lat' dir='ltr'><strong>probentur</strong></span> <span class='ocrx_word' id='word_1_143' title='bbox 633 2082 769 2145; x_wconf 80' lang='lat' dir='ltr'><strong>incerta?</strong></span> <span class='ocrx_word' id='word_1_144' title='bbox 800 2083 938 2146; x_wconf 87' lang='lat' dir='ltr'><strong>Ceterum</strong></span> <span class='ocrx_word' id='word_1_145' title='bbox 960 2083 987 2145; x_wconf 91' lang='lat' dir='ltr'><strong>si</strong></span> <span class='ocrx_word' id='word_1_146' title='bbox 1008 2085 1045 2146; x_wconf 91' lang='lat' dir='ltr'><strong>ad</strong></span> <span class='ocrx_word' id='word_1_147' title='bbox 1067 2083 1143 2146; x_wconf 88' lang='lat' dir='ltr'><strong>banc</strong></span> <span class='ocrx_word' id='word_1_148' title='bbox 1164 2104 1282 2147; x_wconf 88' lang='lat' dir='ltr'><strong>oausam</strong></span> <span class='ocrx_word' id='word_1_149' title='bbox 1304 2094 1334 2149; x_wconf 84' lang='lat' dir='ltr'><strong>et</strong></span> 
     </span>
     <span class='ocr_line' id='line_1_16' title="bbox 160 2184 1333 2269; baseline -0.003 -18"><span class='ocrx_word' id='word_1_150' title='bbox 160 2189 237 2269; x_wconf 78' lang='lat' dir='ltr'><strong>ipsam</strong></span> <span class='ocrx_word' id='word_1_151' title='bbox 259 2190 365 2251; x_wconf 85' lang='lat' dir='ltr'><strong>adbuc</strong></span> <span class='ocrx_word' id='word_1_152' title='bbox 389 2187 535 2248; x_wconf 89' lang='lat' dir='ltr'><strong>incertam</strong></span> <span class='ocrx_word' id='word_1_153' title='bbox 558 2186 643 2247; x_wconf 88' lang='lat' dir='ltr'><strong>etiam</strong></span> <span class='ocrx_word' id='word_1_154' title='bbox 665 2193 836 2263; x_wconf 82' lang='lat' dir='ltr'><strong>argumenta</strong></span> <span class='ocrx_word' id='word_1_155' title='bbox 859 2185 896 2246; x_wconf 89' lang='lat' dir='ltr'><strong>de</strong></span> <span class='ocrx_word' id='word_1_156' title='bbox 911 2185 1033 2247; x_wconf 88' lang='lat' dir='ltr'><strong>incertis</strong></span> <span class='ocrx_word' id='word_1_157' title='bbox 1048 2184 1259 2260; x_wconf 85' lang='lat' dir='ltr'><strong>adhibeantur,</strong></span> <span class='ocrx_word' id='word_1_158' title='bbox 1282 2205 1333 2248; x_wconf 91' lang='lat' dir='ltr'><strong>se·</strong></span> 
     </span>
     <span class='ocr_line' id='line_1_17' title="bbox 159 2286 1335 2371; baseline -0.001 -21"><span class='ocrx_word' id='word_1_159' title='bbox 159 2292 206 2350; x_wconf 79' lang='lat' dir='ltr'><strong>iias</strong></span> <span class='ocrx_word' id='word_1_160' title='bbox 228 2289 443 2371; x_wconf 81' lang='lat' dir='ltr'><strong>implicabitur</strong></span> <span class='ocrx_word' id='word_1_161' title='bbox 470 2286 676 2366; x_wconf 83' lang='lat' dir='ltr'><strong>quaestionum</strong></span> <span class='ocrx_word' id='word_1_162' title='bbox 709 2305 745 2347; x_wconf 84' lang='lat' dir='ltr'><strong>er</strong></span> <span class='ocrx_word' id='word_1_163' title='bbox 772 2286 908 2366; x_wconf 88' lang='lat' dir='ltr'><strong>ipsorum</strong></span> <span class='ocrx_word' id='word_1_164' title='bbox 941 2304 1061 2365; x_wconf 87' lang='lat' dir='ltr'><strong>quoque</strong></span> <span class='ocrx_word' id='word_1_165' title='bbox 1092 2294 1335 2364; x_wconf 76' lang='lat' dir='ltr'><strong>argumentorum</strong></span> 
     </span>
     <span class='ocr_line' id='line_1_18' title="bbox 158 2385 1336 2471; baseline -0.003 -18"><span class='ocrx_word' id='word_1_166' title='bbox 158 2409 232 2471; x_wconf 70' lang='lat' dir='ltr'><strong>reque</strong></span> <span class='ocrx_word' id='word_1_167' title='bbox 254 2392 455 2453; x_wconf 87' lang='lat' dir='ltr'><strong>incertorum</strong></span> <span class='ocrx_word' id='word_1_168' title='bbox 476 2396 634 2449; x_wconf 88' lang='lat' dir='ltr'><strong>retractatu</strong></span> <span class='ocrx_word' id='word_1_169' title='bbox 656 2387 884 2467; x_wconf 86' lang='lat' dir='ltr'><strong>periclitantium</strong></span> <span class='ocrx_word' id='word_1_170' title='bbox 907 2385 944 2447; x_wconf 91' lang='lat' dir='ltr'><strong>de</strong></span> <span class='ocrx_word' id='word_1_171' title='bbox 966 2387 1024 2448; x_wconf 90' lang='lat' dir='ltr'><strong>lide</strong></span> <span class='ocrx_word' id='word_1_172' title='bbox 1045 2386 1283 2466; x_wconf 88' lang='lat' dir='ltr'><strong>perincertum,</strong></span> <span class='ocrx_word' id='word_1_173' title='bbox 1306 2395 1336 2450; x_wconf 90' lang='lat' dir='ltr'><strong>ot</strong></span> 
     </span>
     <span class='ocr_line' id='line_1_19' title="bbox 156 2487 1335 2570; baseline -0.003 -16"><span class='ocrx_word' id='word_1_174' title='bbox 156 2492 230 2553; x_wconf 81' lang='lat' dir='ltr'><strong>bion</strong></span> <span class='ocrx_word' id='word_1_175' title='bbox 252 2494 284 2554; x_wconf 90' lang='lat' dir='ltr'><strong>in</strong></span> <span class='ocrx_word' id='word_1_176' title='bbox 310 2492 386 2553; x_wconf 86' lang='lat' dir='ltr'><strong>illas</strong></span> <span class='ocrx_word' id='word_1_177' title='bbox 411 2488 471 2550; x_wconf 87' lang='lat' dir='ltr'><strong>iam</strong></span> <span class='ocrx_word' id='word_1_178' title='bbox 485 2487 754 2550; x_wconf 79' lang='lat' dir='ltr'><strong>indeterminabiles</strong></span> <span class='ocrx_word' id='word_1_179' title='bbox 771 2488 978 2567; x_wconf 84' lang='lat' dir='ltr'><strong>quaestiones,</strong></span> <span class='ocrx_word' id='word_1_180' title='bbox 1001 2506 1074 2567; x_wconf 90' lang='lat' dir='ltr'><strong>quas</strong></span> <span class='ocrx_word' id='word_1_181' title='bbox 1096 2487 1251 2570; x_wconf 88' lang='lat' dir='ltr'><strong>apostolus</strong></span> <span class='ocrx_word' id='word_1_182' title='bbox 1272 2506 1335 2550; x_wconf 91' lang='lat' dir='ltr'><strong>non</strong></span> 
     </span>
     <span class='ocr_line' id='line_1_20' title="bbox 155 2588 1333 2669; baseline -0.001 -14"><span class='ocrx_word' id='word_1_183' title='bbox 155 2606 229 2655; x_wconf 85' lang='lat' dir='ltr'><strong>anat</strong></span> <span class='ocrx_word' id='word_1_184' title='bbox 275 2591 367 2653; x_wconf 79' lang='lat' dir='ltr'><strong>¹¹Sin</strong></span> <span class='ocrx_word' id='word_1_185' title='bbox 393 2590 432 2650; x_wconf 88' lang='lat' dir='ltr'><strong>de</strong></span> <span class='ocrx_word' id='word_1_186' title='bbox 454 2589 544 2651; x_wconf 88' lang='lat' dir='ltr'><strong>certis</strong></span> <span class='ocrx_word' id='word_1_187' title='bbox 566 2597 596 2650; x_wconf 90' lang='lat' dir='ltr'><strong>et</strong></span> <span class='ocrx_word' id='word_1_188' title='bbox 621 2588 793 2651; x_wconf 89' lang='lat' dir='ltr'><strong>indubitatis</strong></span> <span class='ocrx_word' id='word_1_189' title='bbox 821 2598 851 2650; x_wconf 90' lang='lat' dir='ltr'><strong>et</strong></span> <span class='ocrx_word' id='word_1_190' title='bbox 881 2588 1025 2652; x_wconf 87' lang='lat' dir='ltr'><strong>absolutis</strong></span> <span class='ocrx_word' id='word_1_191' title='bbox 1053 2588 1172 2668; x_wconf 80' lang='lat' dir='ltr'><strong>regulae</strong></span> <span class='ocrx_word' id='word_1_192' title='bbox 1199 2589 1333 2669; x_wconf 85' lang='lat' dir='ltr'><strong>partibus</strong></span> 
     </span>
     <span class='ocr_line' id='line_1_21' title="bbox 153 2689 1334 2770; baseline -0.002 -14"><span class='ocrx_word' id='word_1_193' title='bbox 153 2695 266 2756; x_wconf 81' lang='lat' dir='ltr'><strong>inoertis</strong></span> <span class='ocrx_word' id='word_1_194' title='bbox 291 2702 328 2755; x_wconf 87' lang='lat' dir='ltr'><strong>et</strong></span> <span class='ocrx_word' id='word_1_195' title='bbox 342 2690 451 2752; x_wconf 89' lang='lat' dir='ltr'><strong>dubiis</strong></span> <span class='ocrx_word' id='word_1_196' title='bbox 473 2699 504 2751; x_wconf 91' lang='lat' dir='ltr'><strong>et</strong></span> <span class='ocrx_word' id='word_1_197' title='bbox 518 2690 692 2769; x_wconf 81' lang='lat' dir='ltr'><strong>inexpeditis</strong></span> <span class='ocrx_word' id='word_1_198' title='bbox 709 2689 952 2769; x_wconf 89' lang='lat' dir='ltr'><strong>praeiudicabunt</strong></span> <span class='ocrx_word' id='word_1_199' title='bbox 965 2690 1052 2769; x_wconf 90' lang='lat' dir='ltr'><strong>plane</strong></span> <span class='ocrx_word' id='word_1_200' title='bbox 1066 2691 1098 2752; x_wconf 90' lang='lat' dir='ltr'><strong>in</strong></span> <span class='ocrx_word' id='word_1_201' title='bbox 1113 2691 1220 2770; x_wconf 92' lang='lat' dir='ltr'><strong>quibus</strong></span> <span class='ocrx_word' id='word_1_202' title='bbox 1235 2690 1334 2754; x_wconf 81' lang='lat' dir='ltr'><strong>diver·</strong></span> 
     </span>
     <span class='ocr_line' id='line_1_22' title="bbox 151 2791 1334 2870; baseline -0.003 -14"><span class='ocrx_word' id='word_1_203' title='bbox 151 2798 219 2858; x_wconf 83' lang='lat' dir='ltr'><strong>sitas</strong></span> <span class='ocrx_word' id='word_1_204' title='bbox 239 2806 346 2858; x_wconf 80' lang='lat' dir='ltr'><strong>status</strong></span> <span class='ocrx_word' id='word_1_205' title='bbox 370 2792 541 2864; x_wconf 81' lang='lat' dir='ltr'><strong>invenitur,</strong></span> <span class='ocrx_word' id='word_1_206' title='bbox 564 2793 729 2853; x_wconf 81' lang='lat' dir='ltr'><strong>fortassean</strong></span> <span class='ocrx_word' id='word_1_207' title='bbox 751 2808 811 2851; x_wconf 93' lang='lat' dir='ltr'><strong>non</strong></span> <span class='ocrx_word' id='word_1_208' title='bbox 833 2799 1033 2870; x_wconf 84' lang='lat' dir='ltr'><strong>provocentur</strong></span> <span class='ocrx_word' id='word_1_209' title='bbox 1047 2792 1084 2853; x_wconf 90' lang='lat' dir='ltr'><strong>ad</strong></span> <span class='ocrx_word' id='word_1_210' title='bbox 1100 2793 1224 2854; x_wconf 81' lang='lat' dir='ltr'><strong>formam</strong></span> <span class='ocrx_word' id='word_1_211' title='bbox 1241 2791 1334 2853; x_wconf 75' lang='lat' dir='ltr'><strong>¹’cer-</strong></span> 
     </span>
     <span class='ocr_line' id='line_1_23' title="bbox 148 2892 1334 2974; baseline -0.005 -12"><span class='ocrx_word' id='word_1_212' title='bbox 148 2910 258 2971; x_wconf 86' lang='lat' dir='ltr'><strong>tornnr,</strong></span> <span class='ocrx_word' id='word_1_213' title='bbox 283 2906 324 2959; x_wconf 90' lang='lat' dir='ltr'><strong>ut</strong></span> <span class='ocrx_word' id='word_1_214' title='bbox 346 2895 476 2956; x_wconf 89' lang='lat' dir='ltr'><strong>liberata</strong></span> <span class='ocrx_word' id='word_1_215' title='bbox 498 2913 515 2954; x_wconf 88' lang='lat' dir='ltr'><strong>a</strong></span> <span class='ocrx_word' id='word_1_216' title='bbox 538 2893 648 2973; x_wconf 90' lang='lat' dir='ltr'><strong>reliqua</strong></span> <span class='ocrx_word' id='word_1_217' title='bbox 670 2892 901 2973; x_wconf 88' lang='lat' dir='ltr'><strong>comparationis</strong></span> <span class='ocrx_word' id='word_1_218' title='bbox 923 2894 1135 2974; x_wconf 85' lang='lat' dir='ltr'><strong>provocatione</strong></span> <span class='ocrx_word' id='word_1_219' title='bbox 1158 2914 1213 2973; x_wconf 89' lang='lat' dir='ltr'><strong>per</strong></span> <span class='ocrx_word' id='word_1_220' title='bbox 1235 2894 1334 2956; x_wconf 89' lang='lat' dir='ltr'><strong>diver·</strong></span> 
     </span>
     <span class='ocr_line' id='line_1_24' title="bbox 145 2993 1334 3075; baseline -0.005 -12"><span class='ocrx_word' id='word_1_221' title='bbox 145 3003 262 3062; x_wconf 71' lang='lat' dir='ltr'><strong>§itatem</strong></span> <span class='ocrx_word' id='word_1_222' title='bbox 288 3005 396 3061; x_wconf 86' lang='lat' dir='ltr'><strong>status</strong></span> <span class='ocrx_word' id='word_1_223' title='bbox 419 2995 599 3074; x_wconf 84' lang='lat' dir='ltr'><strong>principalis.</strong></span> <span class='ocrx_word' id='word_1_224' title='bbox 637 2994 709 3056; x_wconf 86' lang='lat' dir='ltr'><strong>Cum</strong></span> <span class='ocrx_word' id='word_1_225' title='bbox 733 2993 831 3055; x_wconf 75' lang='lat' dir='ltr'><strong>&#39;&#39;vet‘o</strong></span> <span class='ocrx_word' id='word_1_226' title='bbox 855 2994 913 3054; x_wconf 90' lang='lat' dir='ltr'><strong>duo</strong></span> <span class='ocrx_word' id='word_1_227' title='bbox 936 2995 983 3055; x_wconf 90' lang='lat' dir='ltr'><strong>dei</strong></span> <span class='ocrx_word' id='word_1_228' title='bbox 1004 3004 1227 3075; x_wconf 88' lang='lat' dir='ltr'><strong>proponuntur,</strong></span> <span class='ocrx_word' id='word_1_229' title='bbox 1250 3015 1334 3057; x_wconf 90' lang='lat' dir='ltr'><strong>com·</strong></span> 
     </span>
     <span class='ocr_line' id='line_1_25' title="bbox 141 3095 1335 3177; baseline -0.005 -12"><span class='ocrx_word' id='word_1_230' title='bbox 141 3103 241 3165; x_wconf 76' lang='lat' dir='ltr'><strong>munis</strong></span> <span class='ocrx_word' id='word_1_231' title='bbox 272 3108 329 3161; x_wconf 82' lang='lat' dir='ltr'><strong>est</strong></span> <span class='ocrx_word' id='word_1_232' title='bbox 357 3097 421 3158; x_wconf 91' lang='lat' dir='ltr'><strong>illis</strong></span> <span class='ocrx_word' id='word_1_233' title='bbox 450 3105 545 3157; x_wconf 91' lang='lat' dir='ltr'><strong>status</strong></span> <span class='ocrx_word' id='word_1_234' title='bbox 573 3095 753 3175; x_wconf 85' lang='lat' dir='ltr'><strong>principalis.</strong></span> <span class='ocrx_word' id='word_1_235' title='bbox 810 3096 926 3167; x_wconf 77' lang='lat' dir='ltr'><strong>“Quod</strong></span> <span class='ocrx_word' id='word_1_236' title='bbox 948 3095 1026 3177; x_wconf 82' lang='lat' dir='ltr'><strong>enim</strong></span> <span class='ocrx_word' id='word_1_237' title='bbox 1050 3096 1122 3157; x_wconf 91' lang='lat' dir='ltr'><strong>deus</strong></span> <span class='ocrx_word' id='word_1_238' title='bbox 1152 3106 1213 3169; x_wconf 89' lang='lat' dir='ltr'><strong>est,</strong></span> <span class='ocrx_word' id='word_1_239' title='bbox 1248 3095 1335 3159; x_wconf 91' lang='lat' dir='ltr'><strong>ambo</strong></span> 
     </span>
     <span class='ocr_line' id='line_1_26' title="bbox 142 3196 1338 3276; baseline -0.005 -11"><span class='ocrx_word' id='word_1_240' title='bbox 142 3213 215 3265; x_wconf 82' lang='lat' dir='ltr'><strong>sunt</strong></span> <span class='ocrx_word' id='word_1_241' title='bbox 243 3199 368 3273; x_wconf 87' lang='lat' dir='ltr'><strong>innati,</strong></span> <span class='ocrx_word' id='word_1_242' title='bbox 403 3197 519 3269; x_wconf 86' lang='lat' dir='ltr'><strong>iniecti,</strong></span> <span class='ocrx_word' id='word_1_243' title='bbox 552 3197 673 3258; x_wconf 88' lang='lat' dir='ltr'><strong>aeterni.</strong></span> <span class='ocrx_word' id='word_1_244' title='bbox 724 3196 779 3257; x_wconf 89' lang='lat' dir='ltr'><strong>llic</strong></span> <span class='ocrx_word' id='word_1_245' title='bbox 808 3197 866 3257; x_wconf 87' lang='lat' dir='ltr'><strong>erit</strong></span> <span class='ocrx_word' id='word_1_246' title='bbox 893 3204 986 3258; x_wconf 88' lang='lat' dir='ltr'><strong>status</strong></span> <span class='ocrx_word' id='word_1_247' title='bbox 1009 3196 1189 3276; x_wconf 89' lang='lat' dir='ltr'><strong>principalis.</strong></span> <span class='ocrx_word' id='word_1_248' title='bbox 1234 3198 1338 3259; x_wconf 80' lang='lat' dir='ltr'><strong>Cetera</strong></span> 
     </span>
     <span class='ocr_line' id='line_1_27' title="bbox 141 3297 1338 3376; baseline -0.007 -10"><span class='ocrx_word' id='word_1_249' title='bbox 141 3306 252 3366; x_wconf 82' lang='lat' dir='ltr'><strong>riderit</strong></span> <span class='ocrx_word' id='word_1_250' title='bbox 267 3299 412 3364; x_wconf 83' lang='lat' dir='ltr'><strong>llaroion</strong></span> <span class='ocrx_word' id='word_1_251' title='bbox 435 3298 461 3358; x_wconf 93' lang='lat' dir='ltr'><strong>si</strong></span> <span class='ocrx_word' id='word_1_252' title='bbox 484 3297 514 3357; x_wconf 92' lang='lat' dir='ltr'><strong>in</strong></span> <span class='ocrx_word' id='word_1_253' title='bbox 537 3298 704 3358; x_wconf 83' lang='lat' dir='ltr'><strong>diversitate</strong></span> <span class='ocrx_word' id='word_1_254' title='bbox 726 3297 884 3376; x_wconf 87' lang='lat' dir='ltr'><strong>disposuit.</strong></span> <span class='ocrx_word' id='word_1_255' title='bbox 918 3297 1091 3357; x_wconf 88' lang='lat' dir='ltr'><strong>Posteriora</strong></span> <span class='ocrx_word' id='word_1_256' title='bbox 1114 3297 1192 3357; x_wconf 88' lang='lat' dir='ltr'><strong>euim</strong></span> <span class='ocrx_word' id='word_1_257' title='bbox 1216 3297 1338 3359; x_wconf 90' lang='lat' dir='ltr'><strong>suntin</strong></span> 
     </span>
     <span class='ocr_line' id='line_1_28' title="bbox 141 3395 1338 3475; baseline -0.01 -6"><span class='ocrx_word' id='word_1_258' title='bbox 141 3414 335 3474; x_wconf 77' lang='lat' dir='ltr'><strong>retractatu,</strong></span> <span class='ocrx_word' id='word_1_259' title='bbox 371 3399 467 3461; x_wconf 90' lang='lat' dir='ltr'><strong>immo</strong></span> <span class='ocrx_word' id='word_1_260' title='bbox 496 3416 553 3459; x_wconf 92' lang='lat' dir='ltr'><strong>nec</strong></span> <span class='ocrx_word' id='word_1_261' title='bbox 580 3398 784 3471; x_wconf 89' lang='lat' dir='ltr'><strong>admittentur,</strong></span> <span class='ocrx_word' id='word_1_262' title='bbox 819 3398 843 3459; x_wconf 92' lang='lat' dir='ltr'><strong>si</strong></span> <span class='ocrx_word' id='word_1_263' title='bbox 875 3398 911 3457; x_wconf 92' lang='lat' dir='ltr'><strong>de</strong></span> <span class='ocrx_word' id='word_1_264' title='bbox 933 3395 1091 3475; x_wconf 87' lang='lat' dir='ltr'><strong>principali</strong></span> <span class='ocrx_word' id='word_1_265' title='bbox 1112 3405 1190 3456; x_wconf 88' lang='lat' dir='ltr'><strong>statu</strong></span> <span class='ocrx_word' id='word_1_266' title='bbox 1212 3403 1338 3457; x_wconf 81' lang='lat' dir='ltr'><strong>constet</strong></span> 
     </span>
     <span class='ocr_line' id='line_1_29' title="bbox 141 3497 1340 3579; baseline -0.013 -8"><span class='ocrx_word' id='word_1_267' title='bbox 141 3511 264 3571; x_wconf 80' lang='lat' dir='ltr'><strong>Porro⁸</strong></span> <span class='ocrx_word' id='word_1_268' title='bbox 289 3509 435 3573; x_wconf 86' lang='lat' dir='ltr'><strong>constat,</strong></span> <span class='ocrx_word' id='word_1_269' title='bbox 459 3500 528 3579; x_wconf 86' lang='lat' dir='ltr'><strong>quis</strong></span> <span class='ocrx_word' id='word_1_270' title='bbox 549 3499 597 3560; x_wconf 89' lang='lat' dir='ltr'><strong>dei</strong></span> <span class='ocrx_word' id='word_1_271' title='bbox 612 3498 713 3559; x_wconf 87' lang='lat' dir='ltr'><strong>ambo:</strong></span> <span class='ocrx_word' id='word_1_272' title='bbox 736 3497 821 3560; x_wconf 87' lang='lat' dir='ltr'><strong>etita</strong></span> <span class='ocrx_word' id='word_1_273' title='bbox 836 3499 873 3557; x_wconf 91' lang='lat' dir='ltr'><strong>de</strong></span> <span class='ocrx_word' id='word_1_274' title='bbox 888 3513 1015 3574; x_wconf 88' lang='lat' dir='ltr'><strong>quorum</strong></span> <span class='ocrx_word' id='word_1_275' title='bbox 1030 3501 1107 3554; x_wconf 87' lang='lat' dir='ltr'><strong>statu</strong></span> <span class='ocrx_word' id='word_1_276' title='bbox 1123 3502 1240 3554; x_wconf 88' lang='lat' dir='ltr'><strong>constat</strong></span> <span class='ocrx_word' id='word_1_277' title='bbox 1256 3513 1340 3555; x_wconf 91' lang='lat' dir='ltr'><strong>com-</strong></span> 
     </span>
     <span class='ocr_line' id='line_1_30' title="bbox 140 3594 1340 3678; baseline -0.014 -4"><span class='ocrx_word' id='word_1_278' title='bbox 140 3628 269 3673; x_wconf 78' lang='lat' dir='ltr'><strong>munem</strong></span> <span class='ocrx_word' id='word_1_279' title='bbox 302 3623 398 3674; x_wconf 85' lang='lat' dir='ltr'><strong>esse,</strong></span> <span class='ocrx_word' id='word_1_280' title='bbox 432 3619 501 3661; x_wconf 87' lang='lat' dir='ltr'><strong>cum</strong></span> <span class='ocrx_word' id='word_1_281' title='bbox 524 3599 580 3660; x_wconf 91' lang='lat' dir='ltr'><strong>sub</strong></span> <span class='ocrx_word' id='word_1_282' title='bbox 604 3618 640 3660; x_wconf 92' lang='lat' dir='ltr'><strong>eo</strong></span> <span class='ocrx_word' id='word_1_283' title='bbox 662 3600 698 3660; x_wconf 91' lang='lat' dir='ltr'><strong>ad</strong></span> <span class='ocrx_word' id='word_1_284' title='bbox 720 3597 927 3678; x_wconf 88' lang='lat' dir='ltr'><strong>probationem</strong></span> <span class='ocrx_word' id='word_1_285' title='bbox 950 3595 1144 3668; x_wconf 82' lang='lat' dir='ltr'><strong>devocantur,</strong></span> <span class='ocrx_word' id='word_1_286' title='bbox 1176 3594 1201 3655; x_wconf 91' lang='lat' dir='ltr'><strong>si</strong></span> <span class='ocrx_word' id='word_1_287' title='bbox 1229 3595 1340 3657; x_wconf 88' lang='lat' dir='ltr'><strong>incerta</strong></span> 
     </span>
     <span class='ocr_line' id='line_1_31' title="bbox 143 3696 1342 3781; baseline -0.011 -9"><span class='ocrx_word' id='word_1_288' title='bbox 143 3723 231 3781; x_wconf 77' lang='lat' dir='ltr'><strong>sunt,</strong></span> <span class='ocrx_word' id='word_1_289' title='bbox 256 3710 297 3770; x_wconf 84' lang='lat' dir='ltr'><strong>ad</strong></span> <span class='ocrx_word' id='word_1_290' title='bbox 321 3722 435 3767; x_wconf 88' lang='lat' dir='ltr'><strong>eorum</strong></span> <span class='ocrx_word' id='word_1_291' title='bbox 459 3710 609 3762; x_wconf 89' lang='lat' dir='ltr'><strong>certorum</strong></span> <span class='ocrx_word' id='word_1_292' title='bbox 631 3702 757 3762; x_wconf 89' lang='lat' dir='ltr'><strong>lormam</strong></span> <span class='ocrx_word' id='word_1_293' title='bbox 771 3696 960 3779; x_wconf 84' lang='lat' dir='ltr'><strong>provocanda</strong></span> <span class='ocrx_word' id='word_1_294' title='bbox 977 3707 1064 3757; x_wconf 87' lang='lat' dir='ltr'><strong>erunt</strong></span> <span class='ocrx_word' id='word_1_295' title='bbox 1085 3715 1151 3758; x_wconf 86' lang='lat' dir='ltr'><strong>cum</strong></span> <span class='ocrx_word' id='word_1_296' title='bbox 1174 3696 1281 3775; x_wconf 89' lang='lat' dir='ltr'><strong>quibus</strong></span> <span class='ocrx_word' id='word_1_297' title='bbox 1304 3697 1342 3759; x_wconf 85' lang='lat' dir='ltr'><strong>dc</strong></span> 
     </span>
     <span class='ocr_line' id='line_1_32' title="bbox 144 3796 1340 3880; baseline -0.015 -4"><span class='ocrx_word' id='word_1_298' title='bbox 144 3810 365 3875; x_wconf 78' lang='lat' dir='ltr'><strong>commuuione</strong></span> <span class='ocrx_word' id='word_1_299' title='bbox 389 3812 491 3867; x_wconf 90' lang='lat' dir='ltr'><strong>status</strong></span> <span class='ocrx_word' id='word_1_300' title='bbox 514 3801 686 3880; x_wconf 88' lang='lat' dir='ltr'><strong>principalis</strong></span> <span class='ocrx_word' id='word_1_301' title='bbox 713 3798 901 3871; x_wconf 68' lang='lat' dir='ltr'><strong>censenturt,</strong></span> <span class='ocrx_word' id='word_1_302' title='bbox 932 3806 965 3859; x_wconf 93' lang='lat' dir='ltr'><strong>ut</strong></span> <span class='ocrx_word' id='word_1_303' title='bbox 992 3796 1119 3877; x_wconf 88' lang='lat' dir='ltr'><strong>proinde</strong></span> <span class='ocrx_word' id='word_1_304' title='bbox 1146 3808 1176 3858; x_wconf 85' lang='lat' dir='ltr'><strong>et</strong></span> <span class='ocrx_word' id='word_1_305' title='bbox 1203 3797 1239 3857; x_wconf 92' lang='lat' dir='ltr'><strong>de</strong></span> <span class='ocrx_word' id='word_1_306' title='bbox 1267 3816 1340 3875; x_wconf 89' lang='lat' dir='ltr'><strong>pro·</strong></span> 
     </span>
     <span class='ocr_line' id='line_1_33' title="bbox 146 3897 1342 3980; baseline -0.017 -1"><span class='ocrx_word' id='word_1_307' title='bbox 146 3918 262 3978; x_wconf 68' lang='lat' dir='ltr'><strong>huone</strong></span> <span class='ocrx_word' id='word_1_308' title='bbox 286 3904 535 3974; x_wconf 88' lang='lat' dir='ltr'><strong>communicent.</strong></span> <span class='ocrx_word' id='word_1_309' title='bbox 580 3901 656 3962; x_wconf 93' lang='lat' dir='ltr'><strong>llinc</strong></span> <span class='ocrx_word' id='word_1_310' title='bbox 677 3901 774 3980; x_wconf 89' lang='lat' dir='ltr'><strong>itaque</strong></span> <span class='ocrx_word' id='word_1_311' title='bbox 802 3899 1044 3960; x_wconf 88' lang='lat' dir='ltr'><strong>constantissime</strong></span> <span class='ocrx_word' id='word_1_312' title='bbox 1067 3897 1232 3975; x_wconf 69' lang='lat' dir='ltr'><strong>¹‘dirigam‘</strong></span> <span class='ocrx_word' id='word_1_313' title='bbox 1254 3898 1342 3959; x_wconf 91' lang='lat' dir='ltr'><strong>deum</strong></span> 
     </span>
     <span class='ocr_line' id='line_1_34' title="bbox 148 3999 1344 4095; baseline -0.008 -24"><span class='ocrx_word' id='word_1_314' title='bbox 148 4038 201 4079; x_wconf 70' lang='lat' dir='ltr'><strong>non</strong></span> <span class='ocrx_word' id='word_1_315' title='bbox 224 4036 295 4079; x_wconf 66' lang='lat' dir='ltr'><strong>esse</strong></span> <span class='ocrx_word' id='word_1_316' title='bbox 316 4012 372 4095; x_wconf 87' lang='lat' dir='ltr'><strong>qui</strong></span> <span class='ocrx_word' id='word_1_317' title='bbox 397 4008 445 4070; x_wconf 89' lang='lat' dir='ltr'><strong>sit</strong></span> <span class='ocrx_word' id='word_1_318' title='bbox 468 4003 565 4068; x_wconf 90' lang='lat' dir='ltr'><strong>bodie</strong></span> <span class='ocrx_word' id='word_1_319' title='bbox 587 4002 732 4077; x_wconf 89' lang='lat' dir='ltr'><strong>incertus,</strong></span> <span class='ocrx_word' id='word_1_320' title='bbox 755 4001 823 4080; x_wconf 88' lang='lat' dir='ltr'><strong>quia</strong></span> <span class='ocrx_word' id='word_1_321' title='bbox 845 4009 926 4061; x_wconf 87' lang='lat' dir='ltr'><strong>retro</strong></span> <span class='ocrx_word' id='word_1_322' title='bbox 948 3999 1085 4078; x_wconf 78' lang='lat' dir='ltr'><strong>ignotus,</strong></span> <span class='ocrx_word' id='word_1_323' title='bbox 1115 3999 1233 4078; x_wconf 88' lang='lat' dir='ltr'><strong>quaudo</strong></span> <span class='ocrx_word' id='word_1_324' title='bbox 1256 4017 1344 4077; x_wconf 87' lang='lat' dir='ltr'><strong>quem</strong></span> 
     </span>
    </p>
   </div>
   <div class='ocr_carea' id='block_1_3' title="bbox 151 4215 1346 4430">
    <p class='ocr_par' dir='ltr' id='par_1_3' title="bbox 151 4215 1346 4430">
     <span class='ocr_line' id='line_1_35' title="bbox 151 4215 1345 4304; baseline -0.018 -18"><span class='ocrx_word' id='word_1_325' title='bbox 151 4240 310 4304; x_wconf 68' lang='lat' dir='ltr'><strong>ingramus</strong></span> <span class='ocrx_word' id='word_1_326' title='bbox 327 4236 378 4290; x_wconf 74' lang='lat' dir='ltr'><strong>As.</strong></span> <span class='ocrx_word' id='word_1_327' title='bbox 444 4227 476 4278; x_wconf 89' lang='grc'><strong>6.</strong></span> <span class='ocrx_word' id='word_1_328' title='bbox 498 4222 621 4300; x_wconf 72' lang='lat' dir='ltr'><strong>didicistis</strong></span> <span class='ocrx_word' id='word_1_329' title='bbox 641 4221 664 4270; x_wconf 83' lang='lat' dir='ltr'><strong>G.</strong></span> <span class='ocrx_word' id='word_1_330' title='bbox 704 4220 749 4299; x_wconf 69' lang='lat'>.⁷&#39;.</span> <span class='ocrx_word' id='word_1_331' title='bbox 765 4234 826 4283; x_wconf 85' lang='lat' dir='ltr'><strong>quae</strong></span> <span class='ocrx_word' id='word_1_332' title='bbox 845 4219 895 4296; x_wconf 75' lang='lat' dir='ltr'><strong>reio</strong></span> <span class='ocrx_word' id='word_1_333' title='bbox 915 4232 969 4266; x_wconf 81' lang='lat' dir='ltr'><strong>esee</strong></span> <span class='ocrx_word' id='word_1_334' title='bbox 987 4232 1041 4268; x_wconf 87' lang='lat' dir='ltr'><strong>cnm</strong></span> <span class='ocrx_word' id='word_1_335' title='bbox 1066 4223 1160 4266; x_wconf 84' lang='lat' dir='ltr'><strong>constat</strong></span> <span class='ocrx_word' id='word_1_336' title='bbox 1177 4217 1220 4265; x_wconf 79' lang='lat' dir='ltr'><strong>tc.</strong></span> <span class='ocrx_word' id='word_1_337' title='bbox 1260 4215 1288 4293; x_wconf 70' lang='grc' dir='ltr'><strong>Ιιι.</strong></span> <span class='ocrx_word' id='word_1_338' title='bbox 1306 4217 1345 4266; x_wconf 88' lang='lat' dir='ltr'><strong>in-</strong></span> 
     </span>
     <span class='ocr_line' id='line_1_36' title="bbox 151 4283 1345 4361; baseline -0.028 1"><span class='ocrx_word' id='word_1_339' title='bbox 151 4310 311 4361; x_wconf 64' lang='lat' dir='ltr'><strong>matred</strong></span> <span class='ocrx_word' id='word_1_340' title='bbox 328 4299 462 4355; x_wconf 77' lang='lat' dir='ltr'><strong>Vaticani.</strong></span> <span class='ocrx_word' id='word_1_341' title='bbox 507 4306 533 4339; x_wconf 91' lang='grc' dir='ltr'><strong>ιιι</strong></span> <span class='ocrx_word' id='word_1_342' title='bbox 556 4297 647 4337; x_wconf 82' lang='lat' dir='ltr'><strong>incerto</strong></span> <span class='ocrx_word' id='word_1_343' title='bbox 665 4290 757 4351; x_wconf 80' lang='lat' dir='ltr'><strong>reliqui.</strong></span> <span class='ocrx_word' id='word_1_344' title='bbox 803 4287 827 4336; x_wconf 83' lang='grc'><strong>9.</strong></span> <span class='ocrx_word' id='word_1_345' title='bbox 847 4293 963 4334; x_wconf 84' lang='lat' dir='ltr'><strong>incertum</strong></span> <span class='ocrx_word' id='word_1_346' title='bbox 983 4293 1019 4333; x_wconf 83' lang='lat' dir='ltr'><strong>est</strong></span> <span class='ocrx_word' id='word_1_347' title='bbox 1037 4286 1060 4333; x_wconf 87' lang='lat' dir='ltr'><strong>d.</strong></span> <span class='ocrx_word' id='word_1_348' title='bbox 1105 4283 1143 4332; x_wconf 89' lang='lat' dir='ltr'><strong>to.</strong></span> <span class='ocrx_word' id='word_1_349' title='bbox 1162 4284 1207 4332; x_wconf 88' lang='lat' dir='ltr'><strong>boe</strong></span> <span class='ocrx_word' id='word_1_350' title='bbox 1226 4284 1282 4345; x_wconf 71' lang='lat' dir='ltr'><strong>qnid</strong></span> <span class='ocrx_word' id='word_1_351' title='bbox 1301 4283 1345 4332; x_wconf 77' lang='grc' dir='ltr'><strong>ΑΒ.</strong></span> 
     </span>
     <span class='ocr_line' id='line_1_37' title="bbox 151 4346 1346 4430; baseline -0.034 0"><span class='ocrx_word' id='word_1_352' title='bbox 151 4375 363 4430; x_wconf 71' lang='lat' dir='ltr'><strong>lisinam.</strong></span> <span class='ocrx_word' id='word_1_353' title='bbox 434 4362 486 4415; x_wconf 79' lang='lat'><strong>12.</strong></span> <span class='ocrx_word' id='word_1_354' title='bbox 509 4364 651 4407; x_wconf 81' lang='lat' dir='ltr'><strong>ceterorum</strong></span> <span class='ocrx_word' id='word_1_355' title='bbox 668 4356 713 4405; x_wconf 77' lang='lat' dir='ltr'><strong>AB.</strong></span> <span class='ocrx_word' id='word_1_356' title='bbox 768 4353 806 4404; x_wconf 80' lang='lat' dir='ltr'><strong>ts.</strong></span> <span class='ocrx_word' id='word_1_357' title='bbox 826 4368 880 4403; x_wconf 81' lang='lat' dir='ltr'><strong>vero</strong></span> <span class='ocrx_word' id='word_1_358' title='bbox 900 4352 923 4402; x_wconf 82' lang='lat' dir='ltr'><strong>C.</strong></span> <span class='ocrx_word' id='word_1_359' title='bbox 977 4351 1016 4401; x_wconf 77' lang='lat' dir='ltr'><strong>tt</strong></span> <span class='ocrx_word' id='word_1_360' title='bbox 1041 4350 1102 4410; x_wconf 83' lang='lat' dir='ltr'><strong>Quid</strong></span> <span class='ocrx_word' id='word_1_361' title='bbox 1127 4350 1190 4399; x_wconf 87' lang='lat' dir='ltr'><strong>enim</strong></span> <span class='ocrx_word' id='word_1_362' title='bbox 1210 4346 1346 4399; x_wconf 65' lang='lat' dir='ltr'><strong>deusest?</strong></span> 
     </span>
    </p>
   </div>
   <div class='ocr_carea' id='block_1_4' title="bbox 151 4424 659 4501">
    <p class='ocr_par' dir='ltr' id='par_1_4' title="bbox 151 4424 659 4501">
     <span class='ocr_line' id='line_1_38' title="bbox 151 4424 659 4501; baseline -0.049 -4"><span class='ocrx_word' id='word_1_363' title='bbox 151 4444 319 4501; x_wconf 60' lang='lat' dir='ltr'><strong>Mamm,</strong></span> <span class='ocrx_word' id='word_1_364' title='bbox 388 4436 438 4489; x_wconf 82' lang='lat'><strong>15.</strong></span> <span class='ocrx_word' id='word_1_365' title='bbox 466 4427 599 4486; x_wconf 70' lang='lat' dir='ltr'><strong>dirigatur</strong></span> <span class='ocrx_word' id='word_1_366' title='bbox 616 4424 659 4472; x_wconf 79' lang='lat' dir='ltr'><strong>tc.</strong></span> 
     </span>
    </p>
   </div>
   <div class='ocr_carea' id='block_1_5' title="bbox 166 4548 1349 4648">
    <p class='ocr_par' dir='ltr' id='par_1_5' title="bbox 166 4548 1349 4648">
     <span class='ocr_line' id='line_1_39' title="bbox 166 4548 1349 4648; baseline -0.03 -19"><span class='ocrx_word' id='word_1_367' title='bbox 166 4576 352 4648; x_wconf 52' lang='lat' dir='ltr'><strong>[namqu]</strong></span> <span class='ocrx_word' id='word_1_368' title='bbox 376 4571 426 4626; x_wconf 73' lang='lat' dir='ltr'><strong>ct.</strong></span> <span class='ocrx_word' id='word_1_369' title='bbox 454 4560 568 4615; x_wconf 80' lang='lat' dir='ltr'><strong>adnott.</strong></span> <span class='ocrx_word' id='word_1_370' title='bbox 589 4556 619 4606; x_wconf 87' lang='lat' dir='ltr'><strong>ad</strong></span> <span class='ocrx_word' id='word_1_371' title='bbox 637 4556 670 4605; x_wconf 81' lang='lat' dir='ltr'><strong>lle</strong></span> <span class='ocrx_word' id='word_1_372' title='bbox 688 4555 734 4604; x_wconf 81' lang='lat' dir='ltr'><strong>lla·</strong></span> <span class='ocrx_word' id='word_1_373' title='bbox 822 4554 845 4602; x_wconf 90' lang='grc' dir='ltr'><strong>ιι.</strong></span> <span class='ocrx_word' id='word_1_374' title='bbox 864 4548 988 4614; x_wconf 83' lang='lat' dir='ltr'><strong>censetur]</strong></span> <span class='ocrx_word' id='word_1_375' title='bbox 1014 4550 1052 4600; x_wconf 73' lang='grc' dir='ltr'>(ιι.</span> <span class='ocrx_word' id='word_1_376' title='bbox 1071 4563 1132 4613; x_wconf 84' lang='lat' dir='ltr'><strong>quaa</strong></span> <span class='ocrx_word' id='word_1_377' title='bbox 1156 4548 1267 4598; x_wconf 85' lang='lat' dir='ltr'><strong>adnotata</strong></span> <span class='ocrx_word' id='word_1_378' title='bbox 1292 4554 1349 4595; x_wconf 89' lang='lat' dir='ltr'><strong>snnt</strong></span> 
     </span>
    </p>
   </div>
   <div class='ocr_carea' id='block_1_6' title="bbox 143 4617 1374 4861">
    <p class='ocr_par' dir='ltr' id='par_1_6' title="bbox 143 4617 1374 4861">
     <span class='ocr_line' id='line_1_40' title="bbox 143 4617 1374 4861; baseline 0.002 -140"><span class='ocrx_word' id='word_1_379' title='bbox 143 4653 349 4861; x_wconf 41' lang='lat' dir='ltr'><strong>:233³ng</strong></span> <span class='ocrx_word' id='word_1_380' title='bbox 378 4643 436 4694; x_wconf 54' lang='lat' dir='ltr'><strong>sic</strong></span> <span class='ocrx_word' id='word_1_381' title='bbox 463 4638 496 4680; x_wconf 53' lang='grc' dir='ltr'><strong>οι</strong></span> <span class='ocrx_word' id='word_1_382' title='bbox 519 4623 588 4676; x_wconf 62' lang='lat' dir='ltr'><strong>mm</strong></span> <span class='ocrx_word' id='word_1_383' title='bbox 606 4631 735 4685; x_wconf 53' lang='lat' dir='ltr'><strong><em>”comm</em></strong></span> <span class='ocrx_word' id='word_1_384' title='bbox 787 4621 957 4748; x_wconf 60' lang='lat' dir='ltr'><strong>wbndiiilgabi</strong></span> <span class='ocrx_word' id='word_1_385' title='bbox 976 4617 1023 4733; x_wconf 68' lang='lat' dir='ltr'><strong>.th</strong></span> <span class='ocrx_word' id='word_1_386' title='bbox 1041 4685 1088 4733; x_wconf 87' lang='lat' dir='ltr'><strong>boc</strong></span> <span class='ocrx_word' id='word_1_387' title='bbox 1105 4684 1177 4732; x_wconf 80' lang='lat' dir='ltr'><strong>verbo</strong></span> <span class='ocrx_word' id='word_1_388' title='bbox 1196 4683 1226 4731; x_wconf 85' lang='lat' dir='ltr'><strong>ci.</strong></span> <span class='ocrx_word' id='word_1_389' title='bbox 1246 4666 1374 4728; x_wconf 49' lang='lat' dir='ltr'><strong>Salmas(</strong></span> 
     </span>
    </p>
   </div>
   <div class='ocr_carea' id='block_1_7' title="bbox 139 4746 1351 4918">
    <p class='ocr_par' dir='ltr' id='par_1_7' title="bbox 139 4746 1351 4918">
     <span class='ocr_line' id='line_1_41' title="bbox 156 4746 1351 4848; baseline -0.042 -20"><span class='ocrx_word' id='word_1_390' title='bbox 156 4794 247 4848; x_wconf 55' lang='lat' dir='ltr'><strong>mm,</strong></span> <span class='ocrx_word' id='word_1_391' title='bbox 279 4785 415 4844; x_wconf 62' lang='lat' dir='ltr'><strong>mm,</strong></span> <span class='ocrx_word' id='word_1_392' title='bbox 445 4759 566 4827; x_wconf 67' lang='lat' dir='ltr'><strong>atquin.</strong></span> <span class='ocrx_word' id='word_1_393' title='bbox 598 4757 736 4808; x_wconf 75' lang='lat' dir='ltr'><strong>Cirdnott.</strong></span> <span class='ocrx_word' id='word_1_394' title='bbox 788 4757 812 4805; x_wconf 92' lang='lat' dir='ltr'><strong>in</strong></span> <span class='ocrx_word' id='word_1_395' title='bbox 832 4756 929 4818; x_wconf 81' lang='lat' dir='ltr'><strong>Scriptt</strong></span> <span class='ocrx_word' id='word_1_396' title='bbox 948 4752 1008 4802; x_wconf 90' lang='lat' dir='ltr'><strong>llist.</strong></span> <span class='ocrx_word' id='word_1_397' title='bbox 1026 4752 1085 4812; x_wconf 65' lang='lat' dir='ltr'><strong>lug.</strong></span> <span class='ocrx_word' id='word_1_398' title='bbox 1104 4749 1198 4814; x_wconf 57' lang='lat' dir='ltr'><strong>ptati,</strong></span> <span class='ocrx_word' id='word_1_399' title='bbox 1226 4755 1250 4796; x_wconf 55' lang='grc' dir='ltr'>ιι</span> <span class='ocrx_word' id='word_1_400' title='bbox 1276 4746 1351 4792; x_wconf 83' lang='lat' dir='ltr'><strong>intor-</strong></span> 
     </span>
     <span class='ocr_line' id='line_1_42' title="bbox 139 4841 453 4918; baseline -0.057 1"><span class='ocrx_word' id='word_1_401' title='bbox 139 4854 291 4916; x_wconf 61' lang='grc' dir='ltr'><strong>Ηθείιιιοιιι</strong></span> <span class='ocrx_word' id='word_1_402' title='bbox 317 4866 392 4918; x_wconf 78' lang='lat' dir='ltr'><strong>cap·</strong></span> <span class='ocrx_word' id='word_1_403' title='bbox 415 4841 453 4891; x_wconf 78' lang='grc'><strong>7·</strong></span> 
     </span>
    </p>
   </div>
   <div class='ocr_carea' id='block_1_8' title="bbox 788 4816 1221 4887">
    <p class='ocr_par' dir='ltr' id='par_1_8' title="bbox 788 4816 1221 4887">
     <span class='ocr_line' id='line_1_43' title="bbox 788 4816 1221 4887; baseline -0.018 -15"><span class='ocrx_word' id='word_1_404' title='bbox 788 4829 871 4887; x_wconf 80' lang='lat' dir='ltr'><strong>protes</strong></span> <span class='ocrx_word' id='word_1_405' title='bbox 889 4820 919 4871; x_wconf 89' lang='lat' dir='ltr'><strong>ad</strong></span> <span class='ocrx_word' id='word_1_406' title='bbox 936 4819 1007 4884; x_wconf 78' lang='lat' dir='ltr'><strong>tpnl.</strong></span> <span class='ocrx_word' id='word_1_407' title='bbox 1026 4817 1120 4867; x_wconf 88' lang='lat' dir='ltr'><strong>lietam.</strong></span> <span class='ocrx_word' id='word_1_408' title='bbox 1140 4817 1170 4878; x_wconf 87' lang='lat' dir='ltr'><strong>ll,</strong></span> <span class='ocrx_word' id='word_1_409' title='bbox 1182 4816 1221 4865; x_wconf 80' lang='grc' dir='ltr'>ιι.</span> 
     </span>
    </p>
   </div>
   <div class='ocr_carea' id='block_1_9' title="bbox 0 0 1642 5775">
    <p class='ocr_par' dir='ltr' id='par_1_9' title="bbox 0 0 1642 5775">
     <span class='ocr_line' id='line_1_44' title="bbox 0 0 1642 5775; baseline 0 0"><span class='ocrx_word' id='word_1_410' title='bbox 0 0 1642 5775; x_wconf 95' lang='lat' dir='ltr'><strong> </strong></span> 
     </span>
    </p>
   </div>
  </div>
 </body>
</html>
