3242 5775
247 647 308 721 tau
724 673 844 718 musam
867 673 1009 717 tucroms

249 823 502 889 trusttstuctbusque
517 831 541 875 et
549 825 663 876 cornibus
671 831 856 876 orecanentum.
884 825 977 877 Prolem
995 821 1090 874 sublimi
1109 821 1171 872 sollo
1193 835 1241 873 suo
1261 836 1363 888 ponere
1382 830 1489 874 undam

249 911 328 962 Vcllas
346 916 397 960 erat
412 909 517 986 popalus
526 911 603 961 ovium
616 910 645 961 de
656 911 748 961 semine
758 917 857 974 sancto,
884 911 939 961 Eira
958 910 1017 960 tides
1031 908 1120 958 domini
1133 922 1197 972 quae
1207 908 1351 972 sponderat
1361 909 1443 958 omnia
1451 910 1502 959 lecit
1509 911 1529 958 tt

205 995 238 1045 ab
248 997 308 1047 Nam
322 994 695 1059 tellusrariaegentesiusseqne
706 996 857 1059 perorhem3
885 994 998 1045 Aemulus
1016 993 1139 1055 Ezechias,
1164 994 1251 1057 populi
1271 1002 1408 1044 corrector
1424 996 1502 1050 inertic

249 1067 351 1130 l'erhum
360 1079 425 1144 quod
435 1080 515 1143 nutrit,
523 1080 566 1129 sed
575 1094 621 1130 uox
631 1082 760 1131 estmortis
773 1084 859 1143 imago,
886 1080 973 1131 tlblitis
990 1079 1065 1141 legem
1084 1079 1125 1142 qui
1144 1079 1291 1128 restauravit
1311 1079 1419 1144 iniquis,

247 1166 298 1215 Tau
315 1165 408 1228 signum
422 1165 507 1228 crocis,
526 1171 550 1214 et
568 1165 859 1229 coruupraeconiaritae,
885 1167 950 1215 llaec
968 1164 1025 1214 olim
1043 1164 1154 1214 mandata
1172 1164 1210 1213 dei
1231 1167 1302 1228 prior
1324 1165 1412 1214 omnia
1429 1166 1496 1226 iussit,

249 1251 416 1314 lucentesque
430 1249 495 1299 laces
507 1250 530 1299 iu
543 1247 629 1314 lychno
648 1250 745 1314 spiritus
764 1251 859 1300 ardeus.
888 1250 933 1310 Qui
947 1249 1060 1314 precihus
1071 1247 1167 1311 bellum,
1186 1263 1236 1298 uon
1248 1248 1310 1299 terri
1324 1251 1431 1315 cuspide
1442 1251 1502 1299 soluit

250 1335 347 1386 Scilicet
359 1336 410 1385 hoc
427 1340 545 1385 testamen
564 1341 615 1384 erat
630 1335 723 1384 rimatis
740 1336 826 1398 imago,
888 1336 932 1385 llic
946 1336 1052 1384 moriens
1067 1333 1173 1384 lacrimis
1189 1348 1271 1384 annos
1283 1350 1317 1384 ac
1331 1342 1446 1400 tempora
1456 1336 1503 1384 ritae
1510 1336 1529 1383 tt

194 1418 303 1470 touton
319 1419 387 1485 ptius
405 1417 511 1481 angelica
528 1419 613 1469 mortis
630 1418 679 1469 lora
692 1419 861 1488 praeliarinci,
887 1421 993 1485 Accepit,
1010 1419 1095 1469 merito
1114 1418 1186 1468 talem
1203 1418 1261 1469 tulit
1279 1427 1360 1469 actus
1376 1421 1491 1470 honorem

198 1534 200 1537 ·
252 1506 329 1565 Quam
340 1503 430 1569 populo
439 1503 537 1554 indocili
546 1506 631 1554 merito
641 1519 686 1555 sua
698 1505 767 1569 culpa
777 1504 861 1554 relicto
888 1506 979 1567 lugenti
998 1505 1049 1554 zelo
1066 1503 1151 1566 lorias,
1169 1512 1252 1553 rector
1271 1511 1299 1553 et
1319 1505 1387 1570 lpse,

250 1591 424 1653 florentesque
441 1587 488 1638 ute
505 1595 589 1650 gentes
613 1589 637 1638 in
654 1588 725 1639 laude
743 1596 862 1654 receptae.
888 1591 988 1640 Tantum
1007 1604 1077 1639 nemo
1096 1603 1168 1652 supra
1183 1603 1230 1638 nee
1246 1596 1345 1652 postea
1366 1591 1448 1641 taliter
1461 1591 1502 1652 ecit

251 1673 363 1725 neubon
380 1674 438 1738 quin
455 1671 542 1723 mulier
559 1687 632 1738 super
649 1688 744 1724 omnem
762 1675 862 1723 maxima
890 1675 955 1725 ldola
973 1674 1089 1736 destituit,
1108 1674 1226 1723 destruxit
1244 1673 1345 1738 templa
1365 1674 1472 1732 nefanda,

553 1757 650 1822 umam,
890 1764 966 1824 htque
985 1759 1122 1809 sacerdotes
1140 1773 1214 1822 super
1232 1772 1291 1807 aras
1317 1759 1378 1821 igne
1401 1757 1529 1818 menmtll

252 1844 297 1893 Pro
313 1843 390 1907 patria
410 1857 472 1907 quae
488 1841 602 1906 belligero
620 1843 720 1894 subnixa
737 1844 813 1894 labori
891 1846 952 1896 Ossa
969 1845 1139 1910 prophetarum
1157 1842 1274 1893 islsomm
1296 1851 1393 1894 cuncta
1411 1844 1493 1904 relodit

197 1927 242 1978 1⁰5
253 1928 394 1994 Stipitesub
409 1927 501 1992 palmae
519 1927 634 1992 populum
651 1929 736 1979 vicisse
755 1929 863 1991 canebat,
891 1930 1047 1993 incenditque
1065 1943 1127 1991 aras,
1145 1927 1266 1977 adolenda
1288 1929 1414 1979 cadavera
1430 1929 1494 1992 liguis.

254 2013 405 2078 Quapropter
421 2013 474 2062 victi
493 2012 562 2062 simul
580 2013 663 2064 hostes
681 2020 746 2075 terga
767 2012 864 2077 dedere,
892 2016 993 2078 insignis
1010 2014 1065 2064 tidei
1083 2014 1107 2062 in
1121 2012 1225 2076 laudem,
1244 2015 1424 2078 memorabile,
1440 2022 1510 2063 tactas·

253 2099 335 2149 Sisara
352 2098 399 2148 dur
416 2097 482 2160 fagit,
501 2097 539 2147 cui
558 2112 606 2147 non
624 2099 711 2148 virnec
722 2113 806 2148 manus
817 2098 865 2147 ulla
891 2100 983 2150 Nobilis
1001 2100 1090 2159 Helias,
1108 2099 1149 2162 qui
1167 2098 1279 2147 nondum
1301 2099 1390 2150 debita
1407 2101 1483 2150 mortis

179 2168 185 2184 ⁸
254 2182 357 2234 Restitit
389 2183 433 2232 llic
450 2182 505 2231 Baal
525 2183 613 2234 Christi
630 2184 728 2233 victoria
746 2184 813 2247 signo
893 2185 1005 2248 Gustarit,
1029 2183 1142 2248 quoniam
1166 2197 1264 2232 rursum
1292 2193 1415 2236 venturus
1437 2187 1459 2236 iu
1473 2183 1528 2233 ‹sc-tt

254 2266 377 2331 Extemplo
394 2266 501 2328 retineas
519 2266 604 2317 devicit
620 2268 708 2318 lemiua
725 2268 797 2331 liqna.
1196 2267 1252 2317 hem
1271 2276 1324 2319 est.

196 2351 355 2417 lldlcphtha
371 2351 419 2401 fide
436 2353 511 2415 lirma,
535 2355 576 2418 qui
596 2352 655 2403 duro
673 2353 769 2404 vulnere
786 2360 865 2402 votum
891 2355 952 2418 Ergo
970 2355 1071 2404 intractu
1089 2352 1157 2413 tides,
1181 2353 1304 2416 populum
1332 2370 1464 2420 regemque
1476 2353 1501 2402 ic

254 2440 334 2489 Ausus
350 2436 485 2487 meccedem
504 2437 560 2487 belli
578 2438 624 2487 deo
643 2439 723 2488 dicere
743 2437 865 2500 grandem,
1092 2465 1094 2470 ,
1195 2437 1306 2502 rentem,

255 2522 300 2572 llic
317 2521 374 2586 quia
391 2536 452 2586 quae
469 2536 515 2572 uon
534 2522 582 2572 rult
595 2523 706 2572 dominus
723 2523 868 2586 promiserat
893 2524 999 2574 Militiam
1017 2522 1106 2573 domini
1125 2521 1166 2586 qui
1185 2521 1326 2574 deseruere
1346 2525 1452 2586 beatam,

560 2621 652 2669 amens,
893 2610 1044 2671 Verberibus,
1062 2606 1163 2657 flammis
1182 2607 1309 2669 castigaus
1320 2610 1410 2660 hostes
1425 2609 1502 2666 amans

256 2690 366 2741 Occurrit
382 2690 460 2754 primo
479 2704 560 2740 earum
578 2691 623 2740 sihi
640 2698 739 2756 pectore
756 2691 850 2755 pignus,
894 2693 977 2743 Sidera
985 2691 1241 2754 conclusittenuitquc
1249 2692 1275 2740 in
1285 2695 1400 2746 nubibus
1412 2696 1501 2746 imhrn

254 2775 319 2827 Nulli
337 2782 432 2840 sperata
449 2773 536 2825 cecidit
554 2775 618 2840 quod
637 2784 701 2826 sorte
720 2784 827 2840 repente.
894 2778 953 2828 Esse
972 2777 1043 2827 deum
1062 2775 1166 2825 ostendit
1183 2776 1291 2840 cunctis,
1312 2781 1430 2846 apparuit
1444 2771 1527 2830 eret}

199 2862 247 2912 115
258 2860 403 2912 Promissum
416 2867 441 2909 ut
456 2867 538 2923 staret,
557 2860 624 2911 solrit
637 2861 675 2925 pia
688 2861 739 2911 lura
753 2861 869 2927 parentis,
894 2863 954 2915 llam
965 2861 1073 2912 madidae
1084 2868 1163 2926 partes
1176 2861 1271 2911 hostiae
1284 2863 1363 2915 tlurio
1378 2880 1451 2932 saper
1462 2876 1500 2915 arat

258 2944 352 2996 Peccati
368 2953 447 2995 votum
464 2945 566 2995 violenta
583 2952 663 2995 mente
681 2946 791 3010 coperuit
895 2949 929 2998 lte
943 2947 1009 2998 caelo
1020 2947 1270 3011 precihusreniensri
1284 2949 1389 3001 tlamma
1401 2949 1498 3003 conehtt

227 3074 230 3079 .
256 3029 370 3080 lmmanis
388 3030 466 3087 timor,
485 3030 583 3080 orbatae
601 3030 684 3080 solatia
702 3032 762 3079 vitae
895 3033 925 3083 Et
942 3033 1053 3097 quotiens
1070 3031 1150 3095 voluit,
1168 3033 1259 3081 totiens
1279 3036 1334 3084 ruit
1346 3034 1498 3098 ignisahalts

259 3115 303 3164 Pro
320 3114 412 3165 scelere
423 3114 526 3164 obtinuit
540 3113 634 3176 lamam,
653 3129 696 3179 pro
707 3115 807 3165 crimine
818 3115 869 3165 laa-
896 3118 978 3167 Divisit
995 3118 1097 3179 fluvium,
1116 3124 1283 3179 transgressus
1308 3127 1335 3168 et
1352 3121 1406 3170 aria
1422 3120 1476 3181 tecit

563 3198 625 3249 dem.
896 3202 1009 3253 Sublatus
1027 3216 1098 3250 curru
1115 3201 1220 3266 paradisi
1237 3211 1327 3253 sectus
1344 3205 1371 3254 in
1381 3206 1456 3256 aulam
1466 3192 1524 3252 etl,

257 3285 307 3335 Nec
318 3284 500 3334 nonSamsonis
514 3285 676 3348 superomnia
687 3300 788 3349 corpora
796 3286 868 3349 vires,
896 3289 971 3338 Huius
990 3286 1121 3350 discipulus
1139 3287 1211 3335 sortis
1229 3301 1369 3341 successor
1387 3290 1488 3347 lleliscus,

202 3369 249 3421 tto
258 3368 362 3434 Spiritus
371 3370 416 3419 hoc
426 3369 531 3431 donum3
544 3368 615 3433 capiti
628 3384 745 3420 concessa
754 3378 869 3435 potestas.
897 3373 943 3432 Qui
955 3371 1072 3437 duplicem
1080 3371 1162 3420 ileliae
1174 3371 1242 3435 petiit
1252 3371 1302 3422 sibi
1313 3382 1494 3431 sumeremttu.

258 3456 303 3505 Pro
320 3455 410 3519 populo
429 3455 503 3516 solus,
521 3454 587 3504 nullo
603 3469 773 3505 mucrooenec
788 3457 869 3518 armis,
896 3459 926 3506 tt
943 3456 1104 3518 castigandam
1121 3456 1224 3505 violento
1241 3458 1347 3508 uerbere
1366 3460 1464 3524 plebea,
1527 3488 1529 3531 q

258 3540 416 3591 arretinus
434 3540 504 3601 asini,
522 3541 648 3604 prostravit
666 3554 767 3605 corpora
784 3539 858 3590 mille.
895 3541 995 3591 'lantum
1013 3555 1057 3604 pro
1068 3540 1163 3589 domiuo
1175 3547 1198 3589 et
1208 3540 1282 3590 talem
1293 3544 1396 3606 spiravit
1404 3555 1493 3595 amore·

259 3625 355 3676 Vincula
373 3624 438 3675 nulla
450 3625 526 3674 virum
542 3625 645 3675 vinctum
660 3632 761 3690 potuere
771 3632 869 3687 tenerc;
897 3627 998 3676 lordane
1008 3639 1132 3690 percusso,
1149 3612 1522 3692 pedibusviatactareqrcsntl‘

259 3709 340 3760 Glorla
357 3708 400 3759 sed
417 3717 544 3774 postquam
562 3710 645 3774 captivi
663 3716 727 3759 mota
745 3710 854 3772 recessit,
899 3712 1036 3761 Demersam
1054 3710 1122 3759 [turio
1140 3709 1248 3759 relevavit
1266 3712 1332 3774 virga
1352 3714 1462 3776 securim,

202 3791 871 3857 1250cclditatquebostesrictussuamorteredemit.
898 3795 1088 3859 ttortihcumque
1114 3795 1192 3844 cibum
1223 3794 1247 3843 in
1273 3795 1375 3848 vitalem
1399 3792 1495 3850 transs

291 3876 406 3927 ldlrihcus
418 3877 522 3938 Samuel,
538 3879 576 3927 eui
586 3893 655 3940 reges
665 3894 753 3940 ungere
767 3879 871 3943 primum
1201 3893 1294 3943 escam,

259 3962 422 4025 Praeceptum,
449 3961 507 4012 dare
525 3962 636 4024 chrisma,
662 3963 725 4012 riros
743 3963 871 4013 ostendere
899 3965 1004 4015 ltetiuuit
1021 3964 1112 4028 pluuias
1130 3964 1214 4012 iterato
1232 3971 1347 4030 tempore
1367 3968 1449 4033 duplo,
1493 3950 1497 3955 ¹

566 4046 677 4109 christos,
898 4049 1063 4114 ttuodavitque
1080 4048 1167 4112 lepras,
1185 4048 1269 4097 hostes
1289 4051 1398 4115 caligine
1414 4050 1479 4117 cepit

259 4127 355 4179 Talibus
374 4129 397 4178 in
415 4129 474 4178 vitae
492 4129 570 4193 spatio
588 4130 713 4181 laudabilis
732 4131 786 4196 egit,
899 4134 972 4184 Cuius
990 4140 1046 4198 post
1063 4133 1154 4182 obitum
1171 4133 1217 4182 iam
1236 4135 1338 4185 condita
1352 4138 1458 4189 membra
1469 4118 1529 4187 celii

260 4212 292 4264 tit
309 4227 406 4277 quoque
424 4219 480 4276 post
495 4215 603 4279 requiem
620 4217 761 4281 prophetica
777 4217 871 4268 lurate-
920 4201 923 4209 ¹
1202 4217 1308 4281 pulchro

567 4308 642 4351 neret.
898 4305 1011 4354 Abiectus
1029 4302 1273 4368 quidam,'mactatus
1293 4306 1374 4356 caede
1392 4308 1497 4358 lahem
1528 4348 1529 4369 ,

201 4382 459 4446 tsoesumograpuus
476 4384 556 4449 David,
575 4400 673 4448 magnus
684 4394 806 4451 rerutque
816 4402 871 4452 pro-
898 4390 1013 4451 Mortuus,
1032 4397 1058 4438 ut
1075 4388 1158 4450 tetigit,
1176 4396 1285 4438 resocsua
1304 4389 1363 4442 lucc
1381 4390 1464 4442 reririt
1528 4372 1529 4425 l

566 4470 646 4534 pheta,
898 4474 989 4537 Esaias,
1008 4473 1116 4537 locuples
1133 4478 1196 4521 rates
1215 4479 1239 4521 et
1254 4473 1331 4524 lontis
1350 4478 1436 4542 aperti.
1528 4464 1529 4529 ἷ

261 4555 388 4604 Passurum
407 4552 528 4603 Christum
547 4556 666 4606 submissa
688 4571 746 4607 soce
763 4557 872 4622 canebat,
898 4559 955 4608 Tum
966 4558 1092 4607 manifesta
1103 4558 1171 4618 tides,
1189 4558 1289 4608 verbnm
1301 4559 1341 4611 dei
1351 4577 1396 4612 ore
1405 4556 1499 4627 protulit·
1528 4608 1529 4619 ,

261 4636 872 4707 Spontequudingratnspopulussinelepeperepit,
900 4644 1021 4707 Earqaque
1039 4658 1083 4707 per
1107 4642 1227 4692 Christum
1250 4646 1331 4707 patris
1350 4626 1529 4712 asportasti

262 4724 305 4773 Cui
324 4723 384 4774 deus
404 4738 430 4774 er
445 4730 513 4773 utero
531 4722 633 4775 tructam
645 4727 787 4790 promiserat
806 4728 872 4792 olim,
1144 4764 1147 4768 -
1202 4727 1324 4793 voluntas,

329 4845 349 4877 o.
365 4826 418 4876 109.
438 4827 472 4876 lto
490 4827 591 4878 liturus.
630 4829 698 4893 luipo
717 4829 829 4894 Exemplo
848 4830 936 4892 relupa.
990 4848 1010 4880 o.
1027 4829 1082 4881 131.
1107 4831 1227 4880 submissa
1246 4836 1380 4886 nuendorit
1398 4833 1501 4886 emtas

257 4895 331 4946 tutes
349 4902 397 4946 eret
415 4894 484 4944 cuius
503 4908 537 4945 sc.
993 4950 996 4955 ,
