3242 5775
649 629 795 686 corneus
817 640 958 686 neusin.
1315 627 1377 694 087

219 790 366 853 Christum
389 807 453 849 cum
477 789 520 850 eis
542 798 745 852 conversatum
766 797 880 869 patrem
901 790 1054 870 aliquando
1076 809 1137 853 non
1154 791 1220 854 dico
1239 792 1377 873 intellegi,

218 909 318 952 verum
341 890 385 951 vel
407 890 554 951 aestimari
575 891 721 969 potuisse.
764 890 857 953 Nobis
879 910 983 953 omnes
1004 891 1183 971 scripturae,
1210 902 1241 954 et
1260 902 1376 958 veteres

218 991 369 1053 Christum
392 990 455 1063 dei,
478 1001 507 1051 et
528 1009 622 1052 novae
642 991 810 1065 filiumdei,
832 992 1018 1071 praefiniunt.
1051 993 1116 1055 Hoc
1135 1003 1165 1056 et
1185 1001 1265 1056 retro
1287 1013 1376 1075 praee

218 1093 385 1165 dicebatur,
408 1091 465 1151 boc
487 1101 516 1153 ct
537 1091 573 1153 ab
594 1092 661 1172 ipso
677 1092 795 1154 Christo
817 1092 1077 1171 pronuntiabatur,
1099 1094 1189 1157 immo
1210 1095 1267 1157 inm
1290 1108 1319 1158 et
1340 1096 1376 1159 eb

217 1196 283 1273 ipso
306 1202 510 1273 patronorum
533 1193 678 1255 decaelis
705 1193 796 1255 filiurn
824 1194 981 1274 profitente
1008 1204 1039 1256 et
1064 1194 1155 1257 lilium
1181 1196 1376 1275 glorificante:

218 1296 273 1356 Hic
294 1305 341 1355 est
361 1293 437 1354 lilius
460 1313 560 1368 meus;
582 1302 626 1367 et,
650 1294 832 1367 Glorilicavi,
855 1303 885 1357 cl
897 1296 1077 1374 glorificabo.
1114 1297 1178 1358 Hoc
1191 1298 1239 1359 ‘et
1252 1317 1269 1359 a
1283 1299 1374 1362 disci·
1389 1296 1475 1391 {ab}

217 1397 296 1477 pulis
318 1396 505 1468 credebatur,
532 1396 590 1457 hoc
610 1403 639 1458 et
660 1414 676 1458 a
698 1396 812 1457 ludaeis
832 1414 893 1457 non
922 1397 1110 1472 credebatur;
1143 1399 1200 1459 hoc
1220 1418 1253 1462 se
1273 1399 1375 1464 volens
1389 1380 1509 1450 ¹⁰·¹'¹¹2⁷²⁸·

217 1498 298 1559 credi
320 1497 356 1558 ab
379 1497 435 1558 illis
458 1497 536 1557 omni
559 1496 632 1558 hora
654 1506 766 1577 patrem
787 1497 972 1571 nominabat,
1001 1510 1032 1560 et
1051 1508 1163 1579 patrem
1185 1501 1377 1580 praelerebat,
1427 1494 1432 1505 '
1479 1549 1483 1556 .

218 1610 248 1661 et
269 1608 381 1678 patrem
403 1597 576 1659 honorabat.
621 1598 652 1658 Si
675 1600 715 1659 ita
737 1607 795 1672 est,
825 1617 896 1677 ergo
924 1618 984 1660 non
1007 1607 1119 1679 patrem
1140 1609 1222 1662 tanto
1244 1610 1377 1681 tempore

217 1719 320 1761 secum
342 1708 545 1761 conversatum
568 1699 788 1778 ignoraverant,
821 1700 874 1762 sed
895 1700 1004 1773 lilium,
1026 1710 1055 1761 el
1075 1701 1232 1776 domiuus,
1255 1721 1321 1766 cum
1343 1723 1376 1768 sc

216 1802 346 1880 ignorari
369 1802 549 1880 exprobrans
572 1819 658 1880 quem
680 1801 900 1880 ignoraverant,
923 1821 990 1864 eum
1011 1804 1111 1881 utique
1130 1803 1248 1881 agnosci
1263 1803 1377 1868 volebat

217 1922 306 1982 quern
330 1911 412 1963 tanto
432 1902 508 1962 ⁶non
531 1902 651 1980 agnosci
676 1912 808 1982 tempore
830 1903 1070 1982 exprobraverat,
1091 1904 1121 1964 id
1143 1913 1190 1965 est
1210 1904 1311 1967 filium.
1340 1904 1378 1968 Et

216 2024 359 2085 apparere
381 2004 437 2065 iam
459 2013 558 2084 potest
579 2022 638 2082 quo
660 2003 749 2065 modo
772 2003 958 2064 dictumsit:
981 2003 1039 2076 Qui
1060 2023 1109 2067 me
1129 2005 1222 2080 videt,
1247 2005 1326 2069 videl
1345 2015 1500 2077 clionee.

216 2116 346 2186 patrem,
368 2106 479 2167 scilicet
500 2123 558 2183 quo
581 2115 610 2165 et
630 2122 734 2183 supra:
757 2104 819 2183 Ego
842 2114 872 2166 et
893 2114 975 2183 paler
997 2124 1086 2168 unum
1102 2125 1214 2169 sumus.
1253 2107 1374 2182 Quare?
1387 2123 1444 2167 tux
1457 2125 1491 2168 vo.

216 2207 300 2286 quia,
323 2207 384 2285 Ego
407 2226 442 2268 ex
463 2207 518 2267 deo
542 2206 615 2267 exivi
637 2214 666 2267 et
687 2207 767 2279 veni;
790 2216 835 2279 et,
858 2206 920 2285 Ego
941 2226 1005 2268 sum
1021 2208 1081 2280 via;
1102 2207 1194 2269 Nemo
1209 2208 1246 2270 ad
1260 2218 1372 2288 patrem
1387 2155 1476 2320 '35ss

215 2309 296 2370 venit
318 2308 373 2369 nisi
394 2325 447 2386 per
467 2327 531 2380 me,
554 2317 597 2379 et,
620 2306 712 2367 Nemo
735 2307 770 2366 ad
792 2326 840 2368 rue
861 2308 939 2369 venit
953 2307 1011 2369 nisi
1025 2317 1108 2387 pater
1123 2327 1190 2370 eum
1205 2309 1373 2387 adduxerit3
1387 2276 1453 2370 ¹⁰ir¹u
1469 2280 1499 2329 ’⁰'

216 2420 262 2484 et,
286 2409 390 2471 Omnia
412 2409 484 2470 milri
505 2418 588 2487 pater
610 2408 742 2480 tradidil3
766 2416 810 2480 et,
833 2407 916 2469 Sicut
929 2417 1013 2489 pater
1026 2410 1159 2482 viviticat,
1181 2410 1221 2471 ita
1236 2376 1526 2488 simonidei-'liin

216 2522 264 2584 et,
288 2512 319 2571 Si
342 2530 389 2573 me
410 2509 606 2588 cognovistis,
629 2517 659 2570 et
678 2517 790 2588 patrem
806 2509 997 2587 cognovistis.
1029 2509 1196 2573 Secundum
1211 2511 1284 2574 hacc
1298 2512 1375 2576 euim
1389 2479 1514 2584 iisiiif’as

215 2614 355 2675 vicarium
379 2632 411 2673 se
433 2610 525 2694 palpis
548 2610 727 2682 ostenderat,
748 2628 802 2688 per
817 2629 903 2689 quem
917 2621 1001 2690 paler
1016 2621 1045 2672 et
1059 2612 1206 2674 videretur
1220 2613 1251 2675 in
1264 2612 1375 2689 'iactis

216 2725 249 2775 et
271 2714 419 2774 audiretur
446 2714 475 2773 in
504 2712 616 2783 verbis,
649 2720 679 2773 et
705 2720 935 2790 cognosceretur
961 2713 991 2773 in
1019 2712 1094 2786 lilio,
1130 2715 1204 2775 lacta
1231 2724 1262 2776 ct
1288 2716 1375 2779 verbu

216 2817 309 2896 patris
332 2816 569 2887 administrante3
591 2813 657 2892 quia
680 2812 832 2875 invisibilis
853 2823 951 2893 pater,
975 2814 1053 2894 quod
1075 2822 1105 2875 et
1124 2815 1277 2897 Philippus
1299 2817 1375 2879 didi-

215 2927 299 2979 cerat
320 2918 349 2978 in
371 2918 444 2995 lege,
467 2917 513 2977 ⁸et
534 2915 705 2977 meminisse
719 2915 874 2976 debuerat:
896 2916 989 2978 Deum
1004 2935 1090 2977 nemo
1105 2916 1223 2992 videbit,
1245 2928 1275 2980 et
1288 2919 1373 2983 vivet.
1387 2917 1508 3022 ,mig-,0

216 3021 254 3080 Et
277 3019 342 3079 ideo
369 3018 540 3096 suggillatur
560 3027 673 3095 patrem
695 3017 794 3079 videre
822 3017 1008 3091 desiderans,
1041 3019 1126 3097 quasi
1154 3019 1314 3094 visibilem,
1345 3030 1375 3082 et
1510 3002 1516 3012 ⁴

215 3121 371 3182 instruitur
393 3120 535 3179 visibilem
558 3138 623 3179 eum
646 3119 676 3178 in
698 3118 757 3178 tilio
780 3120 845 3179 lieri
867 3139 901 3180 ex
917 3119 1081 3191 virtutibus,
1104 3138 1165 3181 non
1180 3140 1214 3181 ex
1229 3140 1375 3200 personae

216 3221 497 3302 repraesentatione.
545 3220 675 3299 Denique
699 3220 723 3279 si
745 3228 858 3297 patrem
880 3220 1004 3281 eundern
1027 3221 1116 3281 silium
1139 3221 1226 3282 vellet
1247 3221 1374 3302 intellegi

214 3324 356 3394 dicendo,
381 3324 437 3394 Qui
461 3342 507 3382 vne
528 3322 622 3394 videt,
644 3330 759 3399 patrem
778 3321 872 3393 videt,
894 3322 1042 3399 quomodo
1058 3321 1179 3391 subicit,
1202 3321 1267 3382 Non
1289 3321 1371 3384 ⁹cre·
1386 3336 1510 3390 toxvvno.

215 3427 264 3486 dis
286 3426 353 3503 quia
375 3444 428 3502 ego
452 3423 481 3483 in
502 3434 599 3502 putre,
629 3434 658 3482 et
679 3430 762 3499 pater
790 3421 846 3481 ¹⁰in
868 3420 939 3482 me?
982 3421 1129 3482 Debuerat
1149 3424 1226 3482 enim
1249 3421 1372 3484 subiun-

216 3528 314 3597 xisse,
337 3504 401 3586 Non
425 3525 548 3585 ¹¹eredis
572 3523 637 3603 quia
661 3542 714 3601 ego
738 3520 930 3599 cumpater?
972 3522 1030 3582 Aut
1050 3540 1107 3600 quo
1131 3522 1326 3599 exaggeravit,
1348 3523 1373 3585 si

216 3647 277 3688 non
310 3628 380 3688 illud
415 3627 608 3687 manifestavit
640 3625 718 3703 quud
747 3623 878 3683 voluerat
910 3622 1053 3701 intellegi,
1085 3641 1118 3683 se
1146 3622 1257 3683 scilicet
1283 3623 1374 3685 filium

216 3728 308 3791 esse?
340 3729 433 3788 Porro
456 3728 596 3798 dicendo,
619 3726 684 3786 Non
708 3724 828 3786 ¹²credis
852 3726 919 3804 quie
942 3743 996 3802 ego
1018 3724 1048 3785 in
1070 3733 1168 3803 putre,
1191 3731 1221 3784 et
1241 3731 1323 3802 pater
1344 3725 1375 3786 in

215 3852 281 3903 me,
304 3840 459 3909 propterea
482 3830 581 3909 potins
604 3827 801 3905 exaggeravit,
824 3844 875 3897 ne,
897 3826 965 3904 quia
987 3826 1114 3899 dixerat,
1147 3825 1204 3898 Qui
1226 3844 1274 3886 me
1295 3826 1374 3900 vidit,

216 3941 245 3993 et
267 3944 380 4011 patrem
403 3932 487 4001 vidit,
511 3940 594 4009 pater
609 3929 842 3999 existimaretur,
865 3927 942 4005 quod
960 3946 1107 4006 nunquam
1131 3927 1317 3988 ¹³existimari
1342 3947 1375 3990 se

214 4034 324 4104 voluit,
347 4032 396 4110 qui
419 4051 536 4110 semper
558 4051 591 4092 se
614 4031 703 4090 filium
726 4039 755 4089 et
777 4048 792 4088 a
814 4037 896 4107 patre
919 4028 1035 4088 venisse
1050 4026 1251 4106 profitebatur.
1283 4028 1375 4108 lgitur
1415 4064 1422 4077 ·

217 4145 247 4194 et
270 4135 450 4193 manifestam
475 4134 541 4193 lecit
569 4134 690 4193 duarum
719 4148 913 4209 personarum
942 4127 1194 4198 coniunctionem,
1226 4148 1264 4191 ne
1292 4140 1375 4211 pater

216 4255 353 4297 seorsum
377 4234 459 4313 quasi
489 4234 611 4294 visibilis
641 4234 669 4293 iu
700 4242 860 4310 conspectu
888 4232 1119 4303 desideraretur,
1152 4238 1181 4289 et
1210 4229 1269 4293 ”ut
1295 4231 1373 4294 tilius

215 4345 454 4415 repraesentator
476 4336 564 4413 putris
588 4335 753 4394 baberetur.
797 4333 835 4392 Et
855 4331 1045 4392 nihilominus
1066 4332 1123 4392 hoc
1144 4349 1259 4410 quoque
1282 4333 1374 4394 inter·

215 4447 349 4519 prelatus
372 4447 428 4509 est,
451 4436 599 4515 quomodo
620 4445 704 4515 pater
726 4445 806 4496 esset
826 4434 857 4495 in
872 4434 941 4505 illio,
965 4441 994 4494 et
1008 4431 1084 4492 [ilius
1099 4431 1130 4492 in
1145 4440 1237 4510 patre.
1268 4432 1373 4508 Verba,
1383 4446 1507 4497 terrun.

216 4540 327 4617 inquit,
351 4557 424 4618 quiae
447 4557 501 4616 ego
525 4538 629 4616 loquor
650 4537 750 4609 vobis,
773 4555 834 4596 uon
857 4544 926 4596 sunt
940 4552 1019 4608 mea,
1043 4532 1142 4612 utiquo
1157 4532 1250 4612 ¹⁵quia
1264 4535 1374 4614 patris3

217 4662 240 4709 5.
263 4668 285 4707 et
304 4660 428 4722 discipulis
447 4661 471 4707 Α.
491 4659 552 4707 leid.
611 4657 632 4705 6.
653 4666 761 4718 tempore
780 4670 828 4704 nou
846 4655 941 4715 agnosci
961 4653 1123 4717 exprobaverit
1139 4654 1164 4704 t.
1224 4653 1247 4702 l.
1266 4654 1335 4702 lectis
1353 4661 1376 4703 et

217 4729 341 4776 audiretur
360 4730 382 4775 in
409 4743 452 4775 om.
475 4729 525 4774 edd,
545 4727 640 4774 Semleri
658 4734 677 4774 el
697 4725 814 4789 Leopoldi,
832 4726 921 4772 viliore.
973 4721 996 4771 8.
1016 4730 1038 4771 ct
1056 4722 1139 4772 otum
1157 4722 1220 4773 leid.
1278 4721 1302 4771 9.
1321 4734 1374 4769 crc-

216 4798 272 4844 ditis
291 4799 326 4845 cd.
382 4796 420 4844 10.
440 4796 462 4841 in
482 4795 626 4842 meestcd.
680 4791 886 4842 iboreditiscd.
940 4789 977 4839 12.
997 4789 1144 4841 crediliscd.
1194 4788 1374 4840 13.secxinti·

216 4855 278 4913 niori
296 4865 321 4913 l.
341 4864 403 4912 leid.
459 4860 496 4910 tl.
516 4870 540 4911 ut
558 4865 636 4911 omi.
655 4862 718 4911 leid.
772 4859 809 4907 te.
828 4862 889 4922 quac
906 4872 919 4908 a
937 4865 1005 4922 patre
1021 4861 1048 4909 Δ.
1064 4858 1126 4915 bald.
