3242 5775
244 631 307 719 lib
408 723 415 731 ,
655 637 940 710 rucssrr‘rucronrs
963 665 1078 711 muru

243 820 490 873 Ultimuondomino
501 819 750 883 rapientsuamuners
759 831 852 879 magno.
878 819 985 869 Haerent
1001 818 1108 868 membra
1125 818 1212 882 comis,
1242 824 1432 884 nectunturque
1454 834 1498 870 ossa

186 907 235 960 tto
242 908 364 972 Apparere
381 905 427 957 deo
444 906 507 955 siros
524 904 554 954 de
572 911 649 954 morte
666 917 767 953 necesse
785 908 830 964 est,
1186 902 1316 967 medullis,

244 990 429 1055 llcsurnptisque
446 991 498 1039 suis
516 989 625 1039 homiues
643 995 720 1037 astare
737 986 827 1048 liguris.
880 988 1039 1052 consertique
1056 995 1142 1050 repunt
1165 988 1287 1052 spirantia
1313 1004 1422 1054 corpore
1437 991 1498 1053 neni,

242 1075 315 1126 bride
332 1075 368 1124 sic
383 1074 463 1126 saeuis
481 1073 614 1124 redduntur
630 1073 722 1122 semina
739 1072 809 1122 terris
879 1072 909 1124 Et
925 1073 996 1124 simul
1014 1072 1093 1123 inluso
1111 1081 1236 1123 mutamur
1253 1076 1381 1137 sunguine
1398 1090 1475 1137 reuse

242 1159 273 1210 Et
288 1161 385 1226 penitus
402 1159 454 1210 liris
471 1165 613 1224 putrescunt
629 1165 723 1207 mortus
740 1155 824 1206 sulcis.
880 1158 1046 1222 Dimissseque
1063 1158 1126 1207 casis
1144 1158 1240 1208 animae
1256 1159 1402 1211 redduntur
1411 1161 1498 1224 apertis,

243 1245 329 1297 Nonne
352 1241 469 1296 snimstu'r
493 1251 517 1293 et
539 1243 594 1293 binc
617 1242 734 1306 reparatis
758 1240 853 1290 culmen
880 1242 974 1305 tlrgnnn
984 1257 1094 1307 quaeque
1104 1257 1148 1292 sua
1164 1250 1279 1307 repetunt
1291 1245 1423 1306 surgentia
1432 1252 1497 1309 parte.
1506 1241 1529 1290 llt

548 1327 637 1389 aristis,
881 1327 1064 1391 l’rob‚mirendn
1076 1326 1143 1390 ddes,
1152 1328 1208 1378 binc
1218 1329 1303 1378 omnis
1314 1329 1423 1393 pullulat
1433 1338 1497 1390 setes,

185 1415 235 1468 125
244 1415 321 1480 btque
338 1415 423 1466 iterum
441 1414 496 1464 risis
515 1416 644 1462 durescunt
660 1411 731 1461 lortic
749 1409 837 1473 grauis,
880 1410 982 1462 Pullulat
998 1412 1097 1477 antiquo
1115 1420 1268 1462 mortuorum
1294 1415 1400 1478 pulrerc
1420 1416 1495 1465 turba!

244 1498 444 1564 commune
462 1512 535 1548 norae
551 1499 616 1546 aurio
629 1510 684 1545 cum
694 1495 778 1545 lcuorc
790 1507 854 1543 mes·
879 1497 966 1546 llaues
984 1505 1056 1562 utque
1074 1505 1154 1561 putres
1172 1498 1276 1561 repetita
1292 1498 1354 1549 luce
1369 1507 1497 1563 resurgant,

547 1582 606 1631 sest
879 1582 1020 1644 lleqnunimi
1030 1583 1210 1647 iurenes‚pueri
1222 1583 1399 1649 innuptaeque
1405 1585 1498 1651 puellae,

244 1653 330 1719 Sidere
347 1675 433 1719 cuncte
451 1667 546 1730 cadunt,
565 1667 699 1730 iterumque
717 1672 801 1715 renata
818 1664 854 1712 ni·
880 1666 1040 1732 llelunctiqoe
1065 1681 1136 1717 senes
1154 1667 1241 1717 animis
1258 1668 1403 1720 virentibus
1421 1668 1529 1730 mamili

545 1757 648 1801 tescuut.
880 1752 1047 1817 infantumque
1065 1765 1162 1815 pemeus
1180 1761 1281 1802 resonat
1294 1755 1421 1817 rugitibus
1434 1757 1500 1806 orbis

242 1835 273 1888 Et
289 1823 341 1889 dies
358 1838 383 1888 iu
401 1837 476 1889 dente
491 1836 592 1887 moritur
606 1849 660 1886 cum
674 1834 764 1884 lumine
774 1839 853 1894 nocte,
879 1836 936 1888 Tam
952 1837 1030 1887 rariue
1047 1843 1130 1900 pentes
1147 1837 1243 1887 venient
1266 1837 1302 1887 de
1321 1840 1429 1891 sedibus
1445 1841 1499 1902 ints,

244 1921 339 1976 Occldlt
356 1930 380 1973 et
397 1923 444 1974 ism
462 1937 508 1973 nox
525 1922 598 1972 rebus
615 1935 669 1971 mor
681 1920 735 1970 lucc
747 1919 853 1982 retectis,
879 1921 1005 1986 Eoumquc
1022 1936 1114 1985 manus,
1133 1929 1157 1971 et
1167 1936 1228 1987 quas
1246 1922 1316 1973 ridet
1326 1924 1416 1976 ultime
1428 1925 1498 1984 tellus,

185 2008 341 2074 saulemque
358 2008 409 2059 suis
427 2007 474 2058 ulie
491 2013 562 2071 etque
579 2006 626 2056 sliu
650 2005 702 2055 dies
726 2005 801 2074 surgit
823 2005 853 2054 ab
880 2005 995 2071 Quaeque
1005 2008 1087 2057 colunt
1095 2006 1263 2056 mediidereso
1270 2007 1298 2057 iu
1306 2010 1498 2070 etimatemuud.

547 2091 627 2152 astris,
880 2093 1046 2156 Riphaeasque
1064 2098 1146 2141 tenent
1163 2091 1265 2153 algentis
1287 2094 1384 2146 sideris
1403 2111 1482 2147 arces:
1506 2093 1529 2144 til

244 2177 335 2244 Solque
346 2177 417 2240 cedit,
425 2176 599 2242 splendorilero
612 2177 653 2241 qui
667 2175 757 2225 lumine
766 2175 853 2238 clarus,
880 2178 964 2227 Omnis
977 2177 1053 2240 adest,
1071 2177 1169 2240 pusidos
1182 2176 1237 2227 duis
1252 2179 1383 2244 cuiusque
1396 2182 1498 2243 colanus,

243 2262 293 2313 bus
308 2261 371 2328 perit
388 2261 497 2313 umbrato
514 2262 616 2312 venienti
633 2275 731 2325 respere
746 2261 836 2311 mundo
881 2262 1001 2324 Rusticus,
1021 2262 1114 2312 Atrides
1131 2262 1211 2325 posito
1230 2261 1378 2315 diademate
1397 2268 1470 2329 regni,

242 2345 273 2398 Et
289 2354 400 2399 renotata
417 2362 461 2398 suo
478 2347 531 2397 sirit
548 2347 646 2410 iuligine
663 2346 775 2411 pboeois,
880 2347 1026 2412 Pauperibus
1035 2348 1121 2396 mistus
1132 2346 1272 2410 coaequalis
1284 2348 1312 2397 in
1320 2351 1498 2413 nqmiuedircs

241 2431 272 2483 Et
289 2445 399 2484 mmor
414 2432 524 2495 nolucris,
543 2433 638 2495 mirum,
656 2439 711 2495 post
727 2431 798 2480 busta
816 2445 854 2480 rc·
879 2431 945 2482 bltas
962 2432 1052 2496 ubique
1069 2439 1174 2489 tremor3
1193 2431 1315 2495 precibus
1331 2443 1395 2486 tuuc
1409 2437 1497 2500 ingenit

548 2518 630 2580 surgit
1185 2516 1260 2579 orbis,

186 2605 233 2656 1³5
243 2602 367 2668 Tempore·
385 2602 448 2652 uude
473 2601 524 2651 suis
548 2600 612 2650 loliis
636 2617 733 2667 quoque
758 2602 853 2654 fruticat
878 2602 1061 2667 Tendentesque
1078 2615 1162 2651 munus
1180 2601 1264 2665 populi
1288 2603 1408 2672 'clamore
1426 2601 1529 2670 capeto

320 2689 322 2694 '
547 2686 625 2748 arbor,
1181 2695 1259 2736 scunt.

243 2771 418 2835 Pomorumque
431 2770 517 2820 iterum
530 2779 656 2821 currantur
667 2772 772 2834 germine
783 2772 851 2822 rami.
879 2772 933 2836 lpse
952 2772 1039 2822 sedens
1056 2772 1174 2832 dominus,
1193 2770 1294 2822 sublimi
1306 2773 1404 2826 lumine
1417 2776 1494 2836 clerus,

278 2855 313 2908 sd
329 2869 411 2906 rocem
430 2869 485 2919 ergo
499 2855 537 2906 dci
549 2856 639 2907 mundo
651 2869 695 2919 per
707 2864 793 2907 cuncta
804 2864 852 2908 tre·
878 2860 956 2923 Atque
967 2864 1054 2922 potens
1067 2856 1159 2908 conctis
1172 2857 1244 2907 micet
1256 2857 1282 2907 in
1292 2859 1493 2924 virtutibusienit,

548 2947 636 3004 mente,
879 2943 1027 3008 Excelsoque
1045 2944 1130 2993 throno
1149 2941 1260 2992 caelestis
1290 2945 1354 2995 sede
1374 2954 1491 3005 corucem

242 3024 273 3077 Et
289 3026 362 3075 motis
380 3026 475 3089 penitus
491 3025 617 3075 virtutibus
634 3026 697 3076 acris
715 3025 763 3088 alti,
879 3028 1019 3092 llertyribus
1034 3036 1125 3092 septus,
1137 3042 1236 3077 numero
1250 3028 1378 3080 candente
1389 3032 1491 3085 sirum

241 3108 308 3161 'lunc
325 3110 404 3173 tragor
416 3110 536 3172 insolitus,
553 3110 853 3161 tuocmasirunmurmura
879 3113 1032 3177 llelectisque
1050 3113 1100 3163 suis
1118 3112 1245 3162 comitatus
1263 3114 1363 3164 vatibus
1384 3123 1464 3179 exstat,
1496 3112 1525 3163 lb

546 3195 614 3263 caeli,
880 3197 948 3247 Clam
965 3198 1053 3262 quibus
1071 3197 1144 3247 niveis
1162 3197 1276 3259 effulgent
1296 3213 1407 3263 corpora
1424 3199 1488 3249 stolis

184 3280 386 3337 llobdseuicute
404 3280 458 3341 deo,
476 3280 550 3330 totius
568 3280 646 3330 iudice
665 3280 754 3329 mundi.
879 3283 977 3347 lamque
994 3283 1131 3333 sacerdotes
1151 3281 1231 3332 nitidis
1249 3283 1274 3331 in
1286 3285 1402 3335 restibus
1414 3292 1488 3337 Μ.

242 3364 354 3417 hellone
371 3365 490 3415 innumeri
509 3372 655 3414 concurrunt
672 3365 707 3414 ire
724 3365 835 3428 ministri,
881 3366 1008 3416 Gestnntes
1025 3367 1108 3417 rutiles
1127 3367 1213 3429 insigni
1232 3366 1313 3416 fronte
1332 3383 1448 3429 00an

241 3450 425 3515 Gonmllentquc
443 3451 513 3500 deum
533 3463 586 3500 cum
598 3451 721 3500 maiestate
731 3464 850 3514 superna3
879 3452 1045 3516 submissique
1062 3466 1145 3502 omncs
1162 3452 1261 3514 genibus
1275 3462 1426 3506 venersnter
1440 3453 1487 3503 sde-

141 3566 146 3576 ·
239 3535 351 3598 angelica
369 3534 393 3585 tn
410 3542 486 3585 terres
500 3534 647 3585 descendent
663 3535 850 3596 agmiuacne103
1176 3543 1237 3585 rent.

240 3619 338 3684 Omnes,
356 3620 427 3670 turba
443 3620 489 3678 dei,
506 3621 594 3685 quibus
606 3625 643 3669 est
655 3620 730 3669 diviua
742 3619 851 3683 incultas,
878 3619 1522 3686 llapie,lluqie,Saactelleusvoxomnibusuusenlll

183 3704 347 3759 tibintuna·
365 3711 389 3754 et
405 3704 482 3754 torma
498 3706 590 3755 rirtotis
608 3705 706 3769 spiritus
723 3718 816 3754 omues.
877 3707 923 3756 llic
940 3706 1050 3757 dominos
1068 3707 1184 3770 geminam
1202 3704 1327 3755 mandabit
1342 3706 1486 3772 sistercplt·

239 3789 446 3853 lgneusbisripor
462 3797 507 3851 est,
525 3789 644 3839 rutilantia
663 3804 771 3853 corporo,
790 3788 850 3839 caeli
1179 3791 1242 3852 bem,

238 3874 278 3924 lis
289 3873 365 3924 dirius
376 3874 456 3935 micat,
475 3873 530 3922 binc
545 3881 610 3922 totus
626 3881 759 3923 murmuret
776 3874 850 3936 orbis,
877 3876 980 3940 imperat
997 3882 1020 3924 et
1033 3876 1096 3925 iuste
1108 3888 1232 3925 numerum
1243 3874 1391 3928 discernere
1404 3890 1487 3943 pretor.

238 3958 300 4009 lliuc
316 3956 439 4021 trepidans
454 3958 559 4021 penitus,
576 3956 610 4005 rel
622 3966 710 4021 quauta
724 3965 769 4022 est,
786 3965 850 4008 terra
876 3959 1003 4024 Appelluns
1020 3960 1121 4024 placidis
1139 3961 1214 4009 verbis
1232 3973 1277 4009 sua
1295 3960 1367 4012 iussa
1389 3970 1486 4021 secam

544 4041 653 4104 remugit,
876 4044 1023 4109 ludutosquc
1041 4045 1107 4094 iubet
1125 4045 1213 4094 devicta
1231 4053 1312 4095 morte
1329 4046 1438 4109 rigorem

238 4124 375 4176 Parturlem
392 4124 510 4190 homines,
528 4141 590 4191 quos
606 4126 707 4177 reddere
725 4127 792 4177 iussn
806 4127 849 4177 do·
875 4131 976 4195 Semper
984 4131 1125 4180 inextinctas
1137 4129 1244 4178 babitare
1256 4129 1288 4178 ed
1299 4129 1403 4182 luminis
1415 4144 1486 4191 aues,
1492 4128 1525 4183 l!

544 4212 616 4261 cebit.
875 4217 911 4265 lrc
928 4217 1112 4280 perantiquum
1130 4228 1225 4277 semper
1243 4214 1358 4265 florentie
1377 4230 1457 4281 reque,

179 4298 228 4349 150
238 4292 328 4345 Omnes
345 4295 468 4346 mirantur.
492 4296 626 4346 Turbantur
642 4297 747 4362 denique
765 4298 846 4359 nimbi,
874 4301 1006 4350 Promissus
1017 4316 1060 4364 per
1068 4314 1135 4363 opes,
1144 4312 1404 4363 persempersmocua
1412 4302 1485 4359 vireta

235 4378 354 4444 Antraque
365 4388 429 4430 mota
440 4389 530 4445 parent,
541 4382 634 4431 subitae
647 4383 738 4432 virtutis
750 4384 780 4432 ab
789 4383 845 4432 alto.
873 4385 963 4447 Degere
976 4393 1115 4449 perpetuom
1125 4382 1248 4448 praeclaro
1257 4383 1282 4432 iu
1298 4388 1484 4449 corporesitum

235 4464 275 4514 Sic
286 4464 394 4514 rcuieate
407 4465 461 4528 deo,
480 4466 573 4516 sonitus
592 4481 646 4516 cum
663 4482 719 4516 soce
733 4468 845 4531 potentis,
871 4469 913 4519 Est
931 4470 999 4520 locus
1017 4469 1073 4519 Eois
1092 4468 1187 4517 domino
1206 4466 1311 4518 dilectus
1329 4471 1356 4520 in
1375 4473 1435 4535 oris,

234 4549 321 4601 Omnis
337 4548 451 4599 continuo
469 4554 545 4614 ruptis
563 4565 607 4614 per
618 4565 690 4613 regua
702 4551 845 4616 sepulchris,
871 4553 919 4604 bur
930 4555 970 4604 ubi
980 4554 1052 4615 clara,
1060 4555 1146 4615 nitens,
1156 4553 1280 4617 spiratque
1291 4554 1483 4613 sulubriorssrt,
1492 4552 1526 4607 ttt

235 4634 319 4684 Omnis
337 4634 424 4685 burnus
441 4634 495 4685 latis
514 4635 614 4685 effundit
631 4636 734 4685 trictibus
752 4650 816 4700 osen,
869 4641 1035 4703 aeternusque
1051 4639 1111 4699 dies,
1130 4645 1201 4702 atquc
1210 4639 1364 4690 immutabile
1377 4649 1482 4706 tempus:

175 4718 224 4770 15⁵
233 4719 389 4784 liventesque
406 4726 491 4784 pateus
508 4721 610 4784 populos
628 4727 720 4771 eructat
737 4735 817 4771 arena.
869 4722 911 4773 Est
927 4731 1020 4773 secreta
1039 4724 1085 4774 deo
1104 4724 1177 4786 regio,
1195 4723 1317 4775 ditissime
1335 4730 1430 4792 campis

231 4906 253 4941 e.
269 4887 324 4940 tta.
343 4889 378 4941 ltc
394 4891 478 4955 scripsi
495 4905 546 4942 cust
563 4891 601 4940 Fr.
613 4890 686 4941 tona.
726 4890 795 4955 Vulpo
813 4899 876 4944 estut
893 4891 1060 4957 dimissisque.
