3242 5775
598 472 637 517 DE
659 472 752 518 mii!
775 472 901 519 61111Ιῖ1.
1269 464 1333 529 429

168 621 331 687 eristimn
354 621 538 686 sustineret?
582 624 661 697 Quid
682 623 754 687 tanti
783 626 839 688 tuit
860 626 996 700 ¹⁷edcce,
1023 626 1105 708 quod
1125 626 1333 691 adensciui-

168 735 232 788 stus
262 724 333 806 quid
360 734 442 788 esset
469 726 490 758 ¹¹
499 726 528 787 id
555 744 589 789 se
617 726 694 806 quod
721 746 783 789 nou
812 737 873 791 erat
902 726 1077 791 exhiberet?
1127 727 1220 790 ¹’Non
1245 737 1332 809 potes

169 826 281 900 dicere,
303 827 375 889 ”Ne
397 827 422 889 si
443 836 529 890 natus
550 828 657 890 fuisset
679 837 708 890 et
728 829 880 891 hominem
902 848 971 891 vere
988 829 1151 904 induisset,
1173 829 1248 892 deus
1263 847 1333 894 esse

170 928 311 1001 desisset,
334 929 471 992 amittens
494 930 572 1009 quod
595 940 674 1005 erat,
696 930 793 992 ²¹dum
816 931 850 992 tit
871 931 949 1010 quod
971 949 1031 993 noo
1053 939 1125 994 erat
1164 931 1332 996 Periculum

169 1031 245 1094 euim
269 1039 363 1093 status
374 1031 434 1092 ·sui
456 1032 513 1093 deo
535 1032 647 1093 nulium
670 1040 726 1094 est.
768 1032 829 1093 Sed
850 1032 933 1105 ideo,
956 1032 1069 1112 inquis,
1092 1050 1170 1113 nego
1192 1034 1280 1096 deum
1300 1033 1333 1096 in

166 1133 316 1194 hominem
339 1151 407 1195 vere
429 1151 621 1208 conversum,
645 1134 684 1195 ito
706 1142 739 1195 ut
760 1132 817 1195 ²’et
839 1143 1013 1196 nosceretur
1034 1142 1064 1196 et
1083 1151 1171 1197 carue
1192 1133 1331 1215 ¹³corpo·

166 1242 299 1308 raretur,
329 1234 426 1314 ²*quia
448 1236 498 1315 qui
525 1235 589 1296 sine
617 1236 675 1297 tine
702 1242 749 1296 est
776 1234 864 1297 etiam
893 1234 1124 1298 inconvertibilia
1146 1235 1186 1297 sit
1206 1254 1332 1298 necesse

168 1347 220 1400 est.
264 1336 429 1398 ”Converti
452 1337 529 1399 enim
553 1339 583 1397 in
606 1336 683 1399 aliud
705 1337 773 1397 iiuis
795 1345 842 1398 est
862 1336 991 1416 pristini.
1022 1336 1089 1398 Non
1104 1338 1246 1416 competit
1260 1354 1331 1417 ergo

167 1439 320 1501 conversio
341 1438 416 1500 ¹“cui
440 1456 500 1499 uon
523 1440 664 1518 competit
685 1438 761 1499 iiuis.
804 1437 896 1500 Plane
916 1446 1020 1499 ustura
1041 1437 1273 1500 convertibilium
1296 1457 1332 1502 ea

166 1540 226 1621 iege
249 1549 306 1614 est,
327 1558 366 1601 ne
387 1539 630 1619 permanseritis
653 1559 689 1601 eo
711 1540 790 1619 quod
813 1538 993 1601 convertitur
1013 1538 1043 1600 iu
1066 1539 1125 1613 eis,
1158 1546 1189 1600 et
1208 1539 1248 1602 ita
1266 1557 1331 1602 non

164 1642 365 1723 permanendo
388 1650 525 1720 pereant,
549 1641 620 1701 dum
634 1639 790 1720 ”perdunt
803 1640 1002 1703 convertendo
1018 1639 1098 1720 quod
1112 1640 1241 1703 suerunt
1270 1638 1330 1703 Sed

164 1744 235 1805 nihil
258 1744 315 1805 deo
337 1761 392 1822 par
415 1751 477 1817 est3
499 1752 603 1804 natura
625 1742 746 1805 eiusab
769 1744 900 1805 omnium
923 1760 1022 1804 rerum
1042 1741 1217 1804 condicione
1230 1741 1329 1805 distat

164 1846 194 1907 Si
213 1863 290 1925 ergo
312 1843 415 1924 *quae
437 1863 453 1905 a
476 1844 531 1906 deo
554 1844 678 1917 distant,
701 1843 869 1923 ”aquibus
892 1844 965 1908 deus
987 1844 1091 1917 distat,
1113 1862 1180 1906 cum
1202 1861 1329 1906 conver·

162 1956 265 2010 tantur
285 1946 424 2009 amittunt
445 1946 523 2026 quod
547 1947 678 2018 suerunt,
702 1946 751 2007 ubi
775 1946 832 2007 erit
847 1946 1001 2008 diversitos
1016 1945 1174 2007 divinitatis
1190 1964 1207 2008 a
1222 1945 1329 2008 ceteris

160 2050 268 2124 rebus,
290 2047 350 2110 nisi
372 2057 406 2109 ut
425 2048 605 2109 contrarium
626 2047 800 2120 3⁰obtineat,
829 2048 858 2109 id
880 2053 928 2109 est
949 2056 982 2108 ut
1002 2047 1076 2109 deus
1098 2056 1129 2109 et
1149 2045 1169 2078 ³¹
1177 2047 1207 2109 in
1230 2047 1330 2110 omnia

161 2151 295 2214 converti
318 2149 415 2230 possit
436 2159 465 2210 et
485 2148 607 2228 ³²quoiis
630 2158 675 2210 est
688 2147 904 2228 perseverare?
934 2148 1141 2229 Alioquiupar
1155 2149 1211 2211 erit
1225 2167 1329 2212 eorum

164 2270 235 2332 quae
257 2269 404 2314 conversa
426 2251 563 2312 amittunt
585 2251 663 2330 quod
684 2252 819 2324 inerunt,
842 2269 966 2330 quorum
988 2250 1089 2331 utique
1109 2250 1169 2312 ”iu
1192 2250 1328 2314 omuibus

162 2352 241 2433 ⁸‘par
261 2371 325 2415 nou
349 2360 410 2425 est,
443 2351 515 2412 ³“sic
536 2370 591 2414 nec
613 2352 643 2412 in
665 2353 745 2414 exitu
767 2352 982 2415 conversionis.
1030 2351 1159 2432 Angelos
1185 2352 1328 2416 creatoris

159 2473 324 2518 couversos
348 2454 378 2515 in
400 2454 525 2533 effigiem
548 2454 704 2514 humanam
726 2455 882 2534 aliquando
904 2454 1020 2533 legisti,
1054 2463 1084 2517 et
1104 2454 1269 2527 credidisti,
1299 2464 1329 2518 et

160 2567 270 2619 nutam
298 2556 434 2635 corporis
467 2555 629 2634 ”gestasse
662 2554 830 2629 veritatem,
863 2565 897 2617 ut
924 2555 1003 2617 ”iet
1031 2557 1123 2636 pedes
1153 2554 1196 2618 eis
1222 2555 1325 2619 laverit
1342 2540 1463 2638 ,ξῆῗξξο

157 2659 324 2731 domham,
352 2665 382 2718 et
402 2657 538 2718 manibus
560 2658 694 2736 ipsorum
723 2667 842 2738 ereptus
864 2657 902 2719 sit
924 2656 1086 2720 Sodomitis
1107 2656 1230 2732 ''Loth,
1252 2676 1326 2720 cou-
1340 2643 1459 2689 ¹⁸¹⁶·'·³²·

156 2760 287 2822 luctatus
316 2777 433 2838 quoque
463 2759 575 2819 homiui
608 2758 727 2837 angelus
757 2767 820 2820 toto
848 2758 1033 2839 8⁷¹’corporis
1061 2759 1193 2840 pondere
1220 2759 1331 2824 dimitti

162 2949 206 2997 i'a.
225 2947 296 2998 edoce
313 2948 377 3012 quod
395 2948 474 2996 scicus
492 2950 516 2997 1.
558 2947 632 2997 edoce
657 2955 682 2995 ut
706 2948 832 2996 consciens
857 2949 901 3008 cd„
922 2964 950 2997 ee
968 2950 1079 2998 emendet.
1097 2949 1206 2999 rneoom'.
1251 2950 1325 3001 edoce

163 3029 220 3065 enm
239 3015 314 3065 aciens
330 3016 404 3065 ocae.
423 3017 527 3065 inurent.
546 3016 652 3078 Meritisp.
674 3013 842 3075 vincentes,
864 3017 1025 3065 ctGoraienais
1042 3016 1246 3080 etiiirraopieriair
1263 3021 1325 3084 apud

158 3085 299 3134 Rhesum
334 3084 431 3132 edocuit
449 3097 501 3131 cum
520 3085 599 3136 sciens
616 3084 643 3132 it.
661 3084 850 3132 Putemiocensis.
900 3082 938 3132 18.
957 3083 979 3132 id
999 3097 1025 3131 se
1043 3084 1084 3131 Ad.
1120 3085 1140 3131 is
1158 3099 1185 3133 se
1203 3083 1246 3133 BG.
1264 3087 1326 3136 Luc-

155 3159 219 3200 rent.
242 3149 403 3201 reuocata.
438 3166 492 3199 esse
510 3152 622 3201 se’iiutc.
641 3150 747 3214 Montisp.
803 3150 841 3199 19.
860 3158 883 3198 et
902 3164 948 3199 non
967 3152 992 3199 1.
1051 3148 1091 3197 211.
1109 3164 1139 3199 uc
1157 3151 1177 3198 si
1195 3152 1236 3199 Ad.
1279 3153 1324 3202 nisi

155 3221 202 3270 BC.
220 3220 328 3269 ment.
345 3220 451 3282 Montisp.
476 3220 568 3268 Vindot.
604 3220 624 3267 si
642 3219 712 3268 itcdc.
773 3216 813 3266 21.
833 3218 889 3266 dum
908 3218 933 3267 tn
950 3218 990 3266 tc.
1033 3216 1090 3266 dum
1114 3218 1214 3266 resumit
1239 3217 1324 3269 dlicta.

156 3291 266 3338 Lauren.
283 3287 391 3351 dicetisp.
413 3288 507 3336 Vindot.
519 3285 574 3336 283.
611 3300 737 3334 assumens
756 3286 780 3334 d.
834 3283 874 3333 22.
894 3293 917 3333 et
934 3287 1035 3347 omnm.
1080 3282 1120 3332 23.
1139 3293 1281 3348 corporatur
1297 3290 1324 3336 ,1.

155 3363 304 3474 iiiiii
320 3352 701 3472 tn²iott¹ti⁸t⁰td⁰2⁸fi
715 3350 1325 3483 ittiitttiiinitit‘iittt‘tls

155 3498 212 3541 aunt
228 3495 254 3540 ia
272 3488 357 3540 ciiia.“
391 3491 433 3541 ivo
452 3489 560 3539 Converti
580 3492 642 3539 enim
661 3491 703 3539 BC.
722 3491 829 3539 Lcureot.
848 3489 942 3538 Vindci.
953 3486 1010 3537 283.
1029 3488 1111 3538 scient
1129 3488 1192 3537 enim
1211 3489 1323 3539 converti.

154 3559 200 3609 26.
219 3559 272 3608 eiua
289 3559 327 3608 cni
345 3560 386 3607 tc.
446 3557 485 3606 21.
511 3560 657 3621 pereunti.
698 3559 800 3620 perdent
824 3556 866 3606 BC.
888 3554 1049 3606 vindoniae.
1091 3556 1192 3618 prodent
1218 3557 1324 3611 usuros

156 3627 201 3678 28.
219 3641 281 3691 quac
297 3641 310 3674 a
330 3625 374 3673 dec
393 3627 476 3676 Added.
512 3643 524 3676 a
544 3627 589 3675 deo
607 3628 698 3689 reticui,
718 3633 739 3675 et
750 3627 856 3675 inurent.
867 3625 973 3688 Montiap.
988 3625 1081 3675 Vindoi.
1094 3622 1150 3673 283.
1193 3624 1232 3674 29.
1251 3633 1291 3674 aut
1309 3640 1322 3676 a

156 3694 247 3760 quibus
265 3694 329 3743 Fato.
344 3694 447 3744 Ursinus.
499 3693 539 3743 30.
559 3696 678 3743 contineat
696 3696 730 3744 tc.
783 3691 824 3741 31.
844 3695 867 3741 in
887 3708 930 3742 cm.
946 3692 1038 3742 Vandoi.
1049 3691 1105 3743 283.
1150 3690 1189 3741 32.
1210 3694 1279 3757 queic
1297 3694 1323 3744 B.

158 3760 326 3813 vndecies.
372 3760 412 3810 ³3.
433 3764 455 3811 in
474 3764 498 3811 A.
534 3762 593 3811 deus
612 3763 634 3810 in
653 3763 744 3825 reliqui.
763 3761 868 3811 inurent.
887 3760 994 3826 Montirp.
1016 3761 1109 3811 Vindod.
1120 3759 1177 3810 283.
1218 3759 1257 3811 31.
1277 3762 1323 3812 in·

156 3845 203 3894 par
221 3831 253 3890 d.,
274 3845 324 3880 nm
341 3829 421 3878 Fuioio
441 3830 531 3879 Ursino.
592 3830 631 3878 35.
651 3830 686 3877 sic
704 3844 748 3878 nec
765 3829 1000 3891 indivisionem).
1020 3830 1124 3878 Lourem.
1143 3830 1248 3893 Montiep.
1270 3830 1323 3880 Vin-

157 3896 281 3949 cautes.
317 3897 337 3945 si
357 3912 400 3945 nee
418 3898 502 3948 Dudcd.
547 3897 587 3947 36.
607 3898 727 3946 veritatem
747 3899 912 3960 gestassettp.
954 3894 1015 3945 act.
1034 3904 1058 3946 et
1075 3897 1152 3946 omit.
1195 3895 1235 3946 et.
1254 3897 1322 3949 icti.

157 3964 222 4015 378.
239 3965 348 4030 pondere
366 3967 476 4028 eorporis
494 3965 517 4014 B.
538 3967 643 4015 inurent.
665 3967 757 4016 Vindot.
772 3963 829 4013 283.
865 3963 973 4028 pondere
992 3963 1014 4012 C.

156 4110 211 4151 rat:
235 4100 301 4161 „Sed
320 4100 379 4150 satis
404 4109 454 4149 erat
478 4101 520 4159 iiii,
546 4101 633 4163 inquis,
658 4115 715 4149 cco·
768 4099 886 4148 iudicabat
905 4099 964 4148 deus
982 4099 1040 4147 satia
1057 4113 1120 4159 aare,
1139 4107 1164 4148 ut
1182 4114 1234 4149 curn
1252 4100 1323 4151 iacti·
1407 4128 1410 4135 =

156 4170 258 4219 scientia
276 4169 348 4218 sua.“
374 4168 500 4217 iiarcicnis
518 4170 581 4218 enirn
597 4169 716 4217 excusatio
767 4168 849 4216 tudine
867 4175 890 4216 et
908 4167 992 4217 fiducia
1011 4167 1096 4216 iaiaam
1115 4166 1266 4230 etindiguam
1285 4170 1322 4219 ia·

157 4236 285 4286 eratuihii
305 4238 422 4285 iuteresse
445 4237 515 4285 deum
542 4237 614 4285 videri
638 4237 716 4284 homi·
768 4250 831 4284 mam
856 4235 991 4284 sustineret.
1014 4235 1056 4294 (iu
1075 4234 1170 4294 Cerdo.)
1212 4236 1323 4301 deputare

157 4319 223 4364 uem,
251 4304 383 4354 dummodo
408 4320 461 4353 vere
486 4319 532 4352 non
559 4312 630 4362 esset,
661 4304 716 4367 quia
766 4303 830 4367 apud
849 4302 1021 4352 Tertuitianum
1040 4303 1102 4353 haud
1116 4312 1322 4366 raucusurpatum

155 4375 223 4423 saiva
249 4373 396 4422 conscicntia
420 4387 462 4420 sua
487 4372 587 4421 fidenter
611 4379 634 4420 et
657 4387 716 4421 cco·
767 4379 804 4420 est
828 4378 853 4420 ut
870 4371 985 4434 deputare,
1012 4371 1176 4432 eumdutivo,
1203 4379 1244 4421 aut
1266 4386 1320 4421 cum

155 4449 250 4490 stanter
268 4442 332 4490 ierne
351 4447 434 4503 posset
455 4441 651 4489 existimationem
670 4454 715 4503 qua
767 4439 945 4502 praepositione
964 4441 1001 4489 cd.
1028 4439 1064 4490 Ci.
1083 4439 1137 4489 ide.
1156 4441 1226 4490 iiurc.
1245 4437 1319 4498 1,22.

155 4509 309 4559 indicabatur
326 4510 407 4568 homo,
432 4506 487 4557 iicet
509 4509 677 4557 inconveniens
695 4514 718 4556 et
768 4505 849 4566 itit.
869 4506 893 4566 V,
909 4505 946 4556 18.
982 4507 1015 4557 ud
1039 4508 1109 4571 Scap.
1134 4506 1252 4571 capuit.
1285 4505 1319 4554 iic

155 4577 281 4638 iudignum
306 4576 353 4626 deo
371 4577 496 4625 rideretur.
538 4576 570 4624 lta
595 4577 718 4624 asserebat
768 4574 901 4637 dionaeam.
927 4589 979 4638 cap.
996 4575 1034 4625 11.
1073 4575 1107 4626 De
1130 4577 1204 4625 leion.
1227 4587 1279 4637 cap.
1295 4571 1320 4623 ⁶.

154 4645 271 4706 lernou,
290 4651 314 4694 et
331 4644 434 4694 addebat
452 4644 512 4693 haue
524 4645 660 4708 opinionem
672 4643 717 4692 tui·
769 4641 801 4691 iie
820 4643 917 4693 Testim.
944 4643 1041 4694 Animae
1068 4642 1154 4707 capii.
1197 4641 1231 4691 sse
1255 4639 1320 4692 Orat.

153 4727 211 4764 sam
228 4714 335 4778 reputari
355 4728 367 4762 a
386 4713 430 4763 dec
449 4712 478 4761 ad
497 4713 616 4770 fiduciam,
640 4712 662 4761 id
681 4718 718 4760 est
769 4725 821 4775 cap.
835 4711 858 4760 ’1.
