3242 5775
312 624 371 686 142
412 619 417 642 '
561 640 662 691 numm
684 639 814 683 sensiam
835 639 999 696 suessanus
1021 637 1217 692 assemsum

299 788 393 869 .quasi
424 789 554 851 naturale
586 790 746 853 divinitatis
777 797 877 870 potest
909 790 940 851 in
973 807 1077 851 omnes
1104 788 1334 851 'communicari

164 890 443 956 icasmanivinius
466 890 641 964 vindicatur,
664 890 742 953 siout
762 899 793 953 et
814 890 918 964 idolis,
945 890 1065 952 dioente
1081 889 1233 970 apostolo,
1255 890 1331 952 Nam
1352 910 1364 953 e

308 991 359 1071 qui
380 991 516 1053 dicuntur
537 991 577 1054 dii
600 992 714 1054 sivein
736 990 817 1053 eaelo
839 991 901 1052 sive
928 989 959 1052 in
981 991 1078 1053 terris.
1128 991 1237 1053 Christi
1263 1010 1335 1053 vero

309 1111 370 1154 nou
391 1112 427 1154 ex
448 1079 553 1154 natura
574 1091 710 1166 veniens,
733 1092 787 1155 sed
808 1111 845 1154 ex
865 1091 1077 1172 dispositione,
1099 1091 1252 1172 proprium
1267 1093 1364 1156 eluse

309 1212 325 1253 a
354 1211 412 1272 quo
441 1193 619 1272 dispositum
647 1193 804 1255 invenitur.
856 1193 918 1254 Neo
944 1193 974 1254 in
1002 1192 1313 1255 ‘communicationem
1341 1194 1364 1256 sl

310 1293 455 1367 subiacet,
488 1295 612 1356 maxime
639 1294 754 1357 aemulo
783 1303 813 1355 et
839 1293 959 1356 habenti
986 1313 1069 1356 suam
1098 1278 1343 1375 dispositionem,

309 1395 429 1458 nemina
442 1394 552 1474 privata
568 1394 694 1458 debebit.
727 1394 820 1468 Quale
842 1405 891 1457 est
910 1395 987 1457 enim
1009 1394 1089 1476 quod
1111 1397 1244 1467 diversas
1260 1397 1364 1476 dispos

310 1495 434 1560 duomm
456 1496 645 1558 commentati
666 1497 790 1558 deorum
810 1496 979 1559 societatem
1000 1497 1152 1559 nominum
1177 1497 1336 1559 admittunt
1354 1498 1364 1559 i

310 1598 440 1661 cordiam
461 1598 706 1677 dispositionum,
728 1596 847 1675 quando
868 1597 946 1660 nulla
969 1599 1060 1677 magis
1075 1598 1210 1677 probatio
1225 1598 1364 1661 assistens

310 1718 375 1762 mm
397 1708 427 1761 et
448 1699 630 1761 aemulorum
652 1698 776 1760 deorum
797 1717 884 1778 quem
911 1699 936 1761 si
967 1699 997 1761 in
1019 1700 1232 1779 ‘dispositione
1261 1719 1364 1762 eomm

310 1800 465 1865 diversitas
486 1801 640 1862 nominum
661 1799 866 1862 inveniretur?
900 1799 1002 1864 Nullus
1025 1800 1103 1863 enim
1124 1810 1218 1863 status
1241 1802 1364 1864 dilleren

310 1902 429 1966 nonnisi
450 1900 930 1983 proprietatibus-appellationum
952 1902 1150 1982 consignatur.
1194 1902 1308 1976 Quibus
1331 1903 1364 1966 de

312 2006 389 2067 tibus
404 2005 431 2066 si
448 2004 593 2084 quaeadm,
614 2003 710 2065 ‘nune
724 2002 834 2064 Graeca
854 2002 1054 2064 'katachresis
1076 2004 1113 2066 de
1127 2004 1222 2065 alieno
1237 2004 1364 2067 abutend

310 2107 411 2170 currit.
442 2106 526 2185 Apud
542 2104 630 2167 deum
643 2112 739 2167 autem
754 2104 897 2178 delicere,
920 2113 1008 2183 puto,
1031 2104 1104 2166 nibil
1125 2105 1227 2178 debet,
1250 2125 1306 2166 neo
1324 2105 1362 2167 de

310 2208 417 2270 instrui
438 2206 650 2287 dispositiones
671 2205 765 2268 eiust.
798 2205 873 2278 Quis
895 2205 944 2267 bio
964 2206 1037 2267 deus
1058 2214 1121 2279 est,
1143 2206 1191 2286 qui
1207 2206 1266 2267 lilio
1282 2226 1362 2288 quoq

311 2311 430 2372 nomina
444 2328 462 2372 a
475 2305 609 2378 creatore
631 2304 780 2370 vindicati
807 2325 868 2368 non
889 2305 956 2368 dieo
977 2306 1087 2380 aliena,
1110 2308 1163 2369 sed
1185 2319 1284 2369 vetera
1306 2318 1364 2370 eti

310 2430 385 2491 quae
407 2410 451 2471 vel
473 2410 517 2472 sin
543 2428 604 2471 non
631 2416 833 2488 competerent
859 2408 915 2470 deo
943 2427 1020 2470 novo
1048 2417 1077 2469 et
1103 2408 1264 2487 incognito.
1314 2410 1364 2484 Qu

193 2515 288 2620 “⁸334
310 2512 435 2591 denique
456 2511 544 2572 docet
564 2529 668 2572 novam
697 2509 841 2589 plagulam
872 2528 934 2570 non
961 2509 1046 2571 adsui
1075 2509 1167 2571 vetem
1194 2511 1364 2574 vestimento

221 2596 227 2618 ⁸
289 2594 409 2673 'vinum
429 2630 539 2673 novum
560 2609 707 2672 selenbus
730 2609 845 2673 utribus
865 2611 961 2682 credi,
988 2611 1110 2672 adsutus
1131 2612 1197 2690 ipse
1218 2620 1248 2673 et
1269 2611 1364 2676 indutu

309 2713 420 2775 minum
450 2710 558 2774 senio?
609 2710 766 2784 Quomodo
794 2710 919 2774 abscidit
952 2711 1132 2790 evangelium
1160 2732 1177 2774 a
1203 2713 1283 2792 lege,
1319 2721 1364 2776 tot

309 2812 456 2876 vestitus?
490 2813 520 2874 in
548 2813 668 2874 nomine
696 2812 808 2875 scilieet
835 2812 955 2899 Cbristi.
1006 2812 1079 2887 Quis
1106 2813 1187 2875 illum
1215 2815 1364 2895 probibuit

309 2910 424 2985 vomui.
445 2914 522 2976 aliud
544 2914 777 2994 medietatem,
799 2913 916 2976 aliunde
937 2915 1121 2988 venientem,
1150 2935 1216 2979 oum
1237 2927 1364 2997 propten

310 3015 444 3096 eorporis
472 3016 636 3096 suseeperit
667 3015 836 3086 veritatem,
873 3035 911 3077 ne
940 3015 1074 3078 Christus
1105 3019 1247 3080 creatoris
1279 3019 1364 3082 caede

310 3119 389 3180 Vane
410 3129 507 3180 autem
528 3117 624 3209 poluit
643 3135 711 3180 eum
734 3136 768 3178 se
789 3116 881 3178 videri
902 3136 989 3195 quem
1020 3119 1111 3180 voluit
1131 3120 1242 3192 vocari,
1275 3119 1364 3200 quand

310 3239 378 3282 vere
398 3234 560 3300 carpemus
582 3217 702 3292 luisset,
733 3219 826 3297 magis
848 3218 982 3280 Christus
1005 3219 1147 3281 creatoris
1169 3239 1230 3282 non
1251 3222 1364 3283 videret

310 3340 371 3383 uon
392 3329 558 3384 vocaretur.
588 3322 626 3382 At
645 3337 724 3382 nuno
744 3319 936 3381 substantiam
960 3321 1088 3399 respuit.
1112 3322 1195 3384 euius
1209 3341 1316 3384 nomeu
1331 3321 1364 3384 'a

309 3423 415 3487 'etiam
436 3421 631 3486 substantiam
651 3420 829 3500 probaturus
852 3440 888 3482 ex
909 3421 1038 3483 nomine.
1074 3421 1107 3484 st
1123 3424 1200 3484 enim
1216 3423 1364 3486 Christum

224 3508 234 3524 ’
311 3535 373 3598 est,
406 3525 494 3603 ungui
518 3523 646 3603 ¹⁰utique
667 3523 801 3602 eorporis
824 3523 926 3609 passio
949 3531 1004 3584 est.
1048 3523 1106 3596 Qui
1133 3543 1241 3604 eorpus
1269 3522 1364 3587 nonl

312 3626 402 3703 ungui
424 3625 544 3685 omnino
567 3642 626 3686 non
647 3623 757 3704 potuit3
785 3622 836 3702 qui
857 3624 947 3702 ungui
969 3623 1090 3685 omnino
1112 3643 1172 3686 non
1194 3626 1305 3705 potuit,
1330 3623 1364 3689 (Ἰ

310 3725 408 3787 vocari
436 3724 516 3785 nullo
544 3725 631 3785 modo
660 3725 766 3805 potuit.
815 3724 900 3786 Aliud
935 3732 982 3786 est
1013 3726 1040 3786 si
1074 3736 1103 3786 et
1136 3727 1265 3789 nominis
1298 3727 1364 3808 phu

310 3826 463 3888 affectavit
493 3825 553 3886 Sed
574 3826 739 3902 quomodo,
760 3824 870 3903 inquit,
892 3824 1034 3904 irreperet
1054 3826 1083 3887 iu
1098 3827 1272 3890 ludaeorum
1288 3828 1364 3891 lidan

309 3945 363 4005 per
383 3926 527 3990 sollemne
547 3925 624 4005 apud
646 3945 699 3989 eos
721 3933 750 3988 et
771 3924 911 3988 familiare
933 3925 1065 3988 nomen?
1095 3927 1315 3992 inconstantem
1328 3947 1364 3993 au

310 4026 410 4088 dolum
431 4027 517 4088 deum
540 4046 659 4100 narras3
681 4034 731 4089 aut
750 4026 929 4090 diffidentiae
949 4036 999 4090 aut
1016 4027 1223 4091 malitiositatis
1245 4028 1364 4095 oonsilio

309 4128 435 4190 sallendo
456 4128 525 4208 quid
547 4147 733 4209 promovere.
775 4128 866 4190 llulto
892 4129 1013 4191 liberius
1041 4138 1127 4209 atque
1156 4131 1318 4209 simplicius
1343 4149 1364 4203 a

309 4230 585 4310 pseudoprophetae
612 4231 754 4292 adversus
780 4240 944 4292 creatorem
976 4231 1007 4292 in
1028 4231 1075 4293 sui
1097 4230 1145 4293 dai
1166 4233 1364 4299 nominasent

310 4329 369 4391 Sed
390 4349 445 4393 nee
465 4333 601 4394 ellectum
623 4332 738 4393 consilii
760 4329 847 4394 buius
869 4331 1002 4407 invenio,
1025 4351 1089 4394 eum
1105 4333 1218 4396 labilius
1233 4343 1284 4396 aut
1298 4352 1364 4397 suut

311 4481 336 4533 ³.
356 4485 470 4535 comutari
488 4486 513 4538 d.
554 4483 694 4535 commutari
713 4483 737 4534 B.
794 4484 819 4535 l.
837 4487 1046 4535 commutationem
1063 4484 1106 4536 dl.
1163 4486 1188 4535 b.
1206 4487 1364 4550 dispositione

311 4551 335 4601 b.
353 4559 408 4602 tune
426 4555 458 4615 d,
478 4570 507 4604 ee
524 4554 634 4604 eandm.
652 4551 710 4603 Patr.
721 4553 844 4603 lismoaii.
887 4553 910 4602 i.
929 4562 1019 4616 gratam
1036 4552 1128 4603 ebersis
1145 4554 1189 4604 AB.
1236 4554 1259 4605 8.
1278 4557 1349 4605 etiam

311 4620 382 4670 etiam
401 4622 436 4671 bc.
488 4621 512 4671 s.
530 4630 554 4671 et
570 4619 613 4671 AB.
667 4619 705 4669 lb.
724 4621 845 4686 itaquel.

344 4723 401 4786 Cap.
420 4722 463 4772 xl.
492 4737 514 4770 a.
531 4722 553 4771 si
571 4716 679 4785 qnando]
698 4721 730 4770 lle
748 4721 792 4770 bae
810 4723 861 4771 lor-
946 4721 969 4769 b.
988 4721 1072 4770 instrui
1091 4721 1265 4784 dispositiones
1284 4719 1358 4786 eins]

311 4789 375 4841 mula
393 4789 497 4854 elliptim
515 4791 545 4840 cl.
564 4789 679 4852 quaesiui
696 4788 768 4839 adlle
779 4789 860 4839 l’udia
912 4788 986 4837 leina.
1004 4789 1058 4838 tals.
1072 4789 1154 4852 Pspcb.
1173 4791 1247 4854 capt
1265 4793 1364 4856 „statos

311 4874 363 4923 sap.
381 4858 401 4908 l.
911 4871 962 4907 sem
979 4856 1067 4908 somnii
1083 4873 1127 4922 pes
1144 4860 1225 4909 omnis
1241 4861 1364 4911 iubeam
