3242 5775
486 710 634 755 anraaaua
655 712 829 757 umeronaia
850 716 907 757 ara.
924 716 945 758 1.
1265 705 1313 780 dl,

197 862 442 925 onmhentes
465 862 718 943 impudentissimi
739 862 928 927 Marcionitae
957 874 1170 929 oonrertuutur
1191 869 1228 930 ad
1249 870 1304 932 de-

199 983 287 1026 uem
317 953 469 1045 operum
492 964 644 1026 creatoris.
682 963 845 1038 Nimirum,
868 964 1021 1045 inquiunt,
1043 968 1155 1047 grande
1176 988 1252 1049 opus
1275 980 1305 1033 et

218 1066 293 1128 deo
321 1063 485 1127 mundus.
529 1063 678 1145 Numquid
701 1084 772 1146 ergo
794 1074 912 1127 creator
932 1067 1055 1130 minime
1077 1067 1178 1131 deus?
1213 1070 1304 1133 Plane

197 1168 292 1247 Ergo
319 1185 395 1228 neo
417 1165 553 1228 muudus
574 1165 630 1228 deo
652 1165 810 1246 indiguus3
833 1166 906 1228 nihil
928 1169 1038 1231 etenim
1052 1170 1127 1231 deus
1150 1170 1302 1250 iudignum

197 1316 219 1343 .‚
248 1268 325 1331 etsi
354 1267 511 1329 mundum
533 1266 663 1341 homini,
685 1286 747 1328 uon
770 1267 828 1328 sibi
851 1268 935 1341 lecit,
961 1270 1017 1331 etsi
1041 1287 1131 1331 omne
1153 1290 1230 1350 opus
1252 1272 1301 1334 in·

197 1380 247 1432 est
274 1387 349 1432 suo
379 1368 506 1429 artifice.
550 1367 587 1429 Et
607 1376 721 1441 minen,
754 1366 779 1428 si
803 1368 888 1448 quale
910 1368 999 1449 quid·
1020 1370 1127 1432 leeisse
1148 1371 1301 1451 iudignum

197 1502 220 1545 ι,
265 1478 405 1549 quanto
438 1468 588 1548 indignius
615 1468 673 1531 deo
702 1477 749 1531 est
775 1461 848 1530 nibil
877 1488 946 1531 eum
974 1470 1095 1532 omnino
1118 1471 1227 1533 loaisae
1255 1472 1300 1534 rel

199 1591 261 1645 m,
304 1589 382 1651 quo
413 1576 521 1649 posset
548 1570 635 1631 etiam
664 1569 832 1648 digniorum
855 1578 958 1632 auctor
979 1570 1119 1649 sperari?
1161 1570 1200 1633 Ut
1228 1589 1299 1652 ergo

211 1682 253 1735 et
282 1673 329 1733 de
356 1672 425 1733 isto
448 1670 538 1731 buius
559 1670 660 1732 mundi
684 1671 805 1750 indigno
827 1670 947 1750 loquar,
971 1671 1018 1734 oui
1034 1678 1064 1733 et
1078 1672 1154 1751 apud
1168 1671 1299 1734 Graeoos

197 1774 259 1835 mti
290 1782 329 1835 et
355 1768 492 1843 cultual,
526 1789 587 1831 uon
607 1771 743 1833 sordium
771 1789 880 1832 nomeu
910 1778 972 1846 est,
1006 1772 1142 1852 indignas
1163 1772 1301 1834 videlidet

197 1875 279 1936 itias
297 1872 373 1953 ipsi
389 1871 434 1933 illi
449 1871 612 1950 sapientiae
626 1873 817 1951 professores
824 1878 846 1947 ⁴,
865 1873 902 1934 de
917 1890 1043 1951 quorum
1058 1872 1185 1953 ingeniis
1199 1873 1299 1935 omnis

200 1996 218 2037 s
249 1975 444 2046 animatur,
466 1972 541 2033 deos
563 1973 844 2051 pronuntiaverunt,
867 1981 900 2034 ut
914 1973 1023 2035 Thalea
1039 1972 1170 2053 aquaml,
1191 1975 1298 2037 utlle-

197 2100 203 2135 a
239 2078 385 2155 ignem,
420 2081 454 2135 ut
480 2074 676 2135 Anaximenes
705 2081 821 2147 aerem,
858 2082 891 2135 ut
917 2074 1135 2136 Anaximander
1160 2075 1298 2137 universa
1330 2069 1338 2082 ⁸

197 2182 248 2252 ia,
277 2187 319 2237 ut
339 2176 449 2236 Strato
471 2174 582 2237 eaelum
604 2182 634 2236 et
649 2182 775 2249 terram,
797 2185 830 2236 ut
845 2175 925 2235 Zeno
949 2180 1049 2236 adrem
1072 2184 1103 2237 et
1117 2176 1297 2250 aethereus,

197 2299 212 2341 a
232 2279 372 2350 sidera,
395 2275 477 2356 quod
493 2293 586 2354 genus
601 2276 727 2337 deorum
741 2276 860 2355 igneum
877 2274 1014 2355 appellat,
1037 2293 1105 2337 oum
1126 2276 1163 2337 de
1177 2277 1299 2351 mundo,

197 2380 330 2443 erando
358 2377 474 2439 scilieet
497 2384 527 2437 et
547 2376 778 2456 magnitudinem
806 2384 835 2438 et
857 2376 916 2437 rim
938 2383 969 2438 et
988 2383 1167 2456 potestatem
1190 2385 1221 2439 et
1240 2377 1299 2440 ho-

215 2491 256 2544 et
285 2479 459 2551 decorem,
482 2496 586 2556 opem,
608 2478 713 2551 fidem,
747 2478 842 2557 legem
865 2476 1050 2557 singulorum
1073 2477 1298 2553 elementorum,

197 2581 355 2645 mnibus
381 2578 552 2658 gignendis,
575 2578 705 2651 alendis,
735 2578 944 2653 conficiendis,
972 2578 1201 2659 reficiendisque
1222 2597 1297 2642 oon-

197 2704 221 2758 ι,
250 2685 312 2744 'ut
335 2680 478 2761 plerique
498 2680 688 2759 physicorum
708 2678 969 2741 'formidaverint‘
996 2679 1130 2743 'initium
1152 2700 1186 2742 ac
1207 2680 1296 2742 finem

197 2813 201 2838 ι
227 2791 411 2854 constare,
444 2798 481 2841 ue
511 2780 694 2843 substantiae
724 2778 802 2854 eius,
840 2788 939 2841 tantae
967 2780 1094 2856 seilioet,
1126 2780 1226 2843 miuus
1249 2780 1296 2842 dei

201 2895 307 2957 ntur,
341 2882 440 2962 ‘qaras
462 2881 561 2943 colunt
583 2891 613 2943 et
632 2882 792 2943 Persarum
815 2881 891 2962 magi
913 2891 943 2943 et
964 2881 1171 2963 Aegyptiorum
1194 2881 1297 2946 lu‘ero·

197 3008 222 3049 ie
250 2994 288 3047 et
312 2984 462 3045 ludorum
485 2983 757 3063 gymnosophistae.
808 2982 875 3062 lpsa
898 3001 1015 3063 quoque
1038 2984 1166 3063 vulgaris
1188 3002 1297 3064 super·

198 3085 395 3149 communis
418 3083 632 3158 ‘idololatriae,
664 3103 731 3145 eum
758 3084 788 3144 iu
817 3083 982 3146 simulacris
1011 3086 1048 3146 de
1076 3085 1246 3146 nominibus
1269 3093 1299 3146 et

197 3196 382 3250 ,veterum
405 3193 592 3246 mortuorum
613 3185 720 3265 pudet,
755 3184 791 3245 ad
819 3184 1093 3264 interpretationem
1121 3186 1297 3248 naturalium

197 3302 222 3362 t,
249 3299 288 3350 et
312 3287 452 3347 dedecus
476 3305 564 3348 suum
585 3286 703 3366 iugenio
719 3285 890 3358 obumbrat,
914 3287 1043 3365 figurans
1059 3285 1159 3346 lovem
1177 3287 1207 3347 in
1223 3278 1297 3347 sub-

197 3411 243 3453 un
269 3387 426 3451 fervidam
449 3397 479 3449 et
499 3387 643 3448 lunonem
672 3387 737 3448 eius
765 3387 797 3445 in
818 3385 961 3457 aereaml,
995 3386 1160 3444 secundum
1190 3403 1298 3444 sonum

201 3561 229 3609 p.
253 3542 325 3593 [ΙΙΙ.
371 3540 392 3589 l.
411 3547 434 3588 et
451 3541 515 3589 rota.
528 3540 631 3589 Ursinus.
684 3538 707 3588 2.
727 3535 978 3586 formidaveruutld.
1027 3534 1052 3584 3.
1070 3534 1163 3584 initium
1182 3550 1211 3585 re
1228 3536 1299 3585 llnem

207 3613 279 3661 dare
300 3612 327 3658 d.
374 3608 442 3656 initio
460 3608 554 3656 aedua
572 3607 661 3657 mundo
679 3615 744 3656 atara
762 3607 805 3656 Aa.
859 3604 883 3653 Ι.
903 3618 964 3668 quoa
985 3603 1007 3652 G.
1059 3601 1083 3651 b.
1102 3603 1228 3653 idolatriae
1246 3604 1299 3668 AB,

197 3696 233 3729 re.

197 3773 284 3839 irem]
317 3776 359 3824 lla
383 3774 479 3824 Corona
503 3775 583 3838 capt
607 3776 683 3834 „Tam
738 3775 771 3823 lta
791 3787 839 3823 non
864 3787 927 3838 opus
951 3779 988 3822 eat
1011 3785 1065 3822 cum
1084 3771 1186 3834 Rigaltio
1211 3773 1299 3822 rescri-

199 3855 330 3896 naturam
353 3851 391 3890 eat
409 3843 492 3891 florem
512 3843 684 3906 capitesectari
738 3843 795 3891 bere
815 3843 870 3890 dare
887 3855 932 3905 pro
951 3846 1064 3890 constare.
1090 3839 1300 3889 llaatelrduniua

198 3916 281 3962 *iham
303 3923 379 3967 anre,
405 3924 475 3972 qnam
494 3924 581 3959 sonum
599 3909 685 3959 aare.“
737 3910 923 3972 interpretatur:
942 3908 1009 3967 ,‚llli,
1027 3907 1112 3969 iuquit,
1130 3907 1175 3955 iata
1191 3905 1301 3957 dixerunt

197 3983 253 4031 rale
275 3972 356 4043 quid]
374 3977 425 4026 cte
438 3977 510 4026 laad.
528 3977 571 4034 l,'l
591 3978 686 4037 „ttaaa-
737 3977 805 4034 deos,
825 3989 927 4039 cumque
944 3974 1230 4024 animadverterentlataa
1249 3975 1299 4023 ale-

197 4062 267 4098 ·aam
295 4045 401 4109 panitur
427 4046 567 4093 commutari
592 4052 686 4107 putant,
738 4052 874 4092 mentorum
894 4049 918 4090 et
935 4056 1016 4091 rarum
1043 4042 1187 4091 naturalium
1207 4040 1300 4099 laudea,

197 4117 264 4166 eruci
286 4111 613 4178 quaaappettaatpaotta⁴‘
640 4113 686 4160 Se·
737 4111 927 4159 formidaverunt
953 4117 1032 4159 ortum
1060 4116 1083 4157 et
1112 4109 1233 4158 interitum
1264 4110 1300 4157 eia

197 4186 273 4248 :piat
297 4180 361 4230 117.
388 4180 452 4228 med.
482 4180 571 4239 „l’riua
592 4179 686 4237 aliquid
739 4178 854 4236 tribuere,
873 4177 974 4225 neforto
989 4176 1117 4233 accideret,
1137 4183 1300 4238 utpropterea

197 4257 264 4308 ibet,
285 4247 383 4298 deinde
402 4248 470 4314 opole
488 4247 569 4296 aaae.“
738 4254 818 4294 tantae
836 4245 984 4293 substantiae
1002 4257 1047 4307 pao
1065 4244 1111 4291 dila
1128 4243 1208 4290 minua
1227 4242 1301 4290 haha-

197 4318 330 4369 raameuti
354 4322 378 4363 et
399 4310 492 4378 caltua]
510 4306 633 4380 Κόσμον.
738 4321 832 4372 rentur,
850 4312 992 4375 praesertim
1012 4324 1066 4359 eum
1083 4311 1146 4373 apud
1165 4310 1224 4357 aliaa
1244 4323 1302 4369 gen-

198 4388 325 4452 ›piautiae
340 4379 512 4446 professores]
525 4382 687 4445 Philosopbos
739 4389 784 4437 toa,
803 4395 816 4428 a
835 4379 923 4442 quibua
935 4379 1019 4427 hausta
1030 4377 1194 4440 philosophia,
1213 4376 1236 4424 iu
1247 4376 1302 4438 opi·

197 4466 213 4504 it
232 4453 347 4517 exponit
359 4450 403 4499 lib.
424 4449 457 4498 lle
470 4450 611 4513 praescript.
624 4451 687 4498 llae-
739 4449 811 4496 nioua
829 4446 957 4496 divinitatis
976 4445 1084 4494 assent.“

197 4522 260 4586 pl.
298 4521 365 4569 Nam
385 4517 564 4565 haeretieorum
583 4518 688 4580 patriar·
773 4515 788 4563 i.
816 4522 839 4563 at
863 4514 979 4562 latronem
1008 4513 1059 4560 aius
1091 4511 1115 4559 in
1142 4510 1302 4559 substantiam

198 4589 337 4652 hilosopbi
356 4586 402 4634 lib.
412 4585 470 4632 hdr.
482 4584 653 4647 llerrnog.eap.
664 4583 688 4632 8.
740 4579 849 4644 atroam]
873 4577 932 4629 Ζίω
951 4580 1049 4629 Graecia
1068 4585 1104 4627 est
1122 4579 1211 4634 farreo,
1238 4575 1303 4624 unde

197 4658 269 4707 balea
289 4648 399 4719 aquarn]
421 4652 567 4713 Chhpolog.
586 4651 688 4716 euplii.
740 4642 807 4701 Ζεὺς
825 4648 940 4712 luppiter.
961 4638 1103 4713 “Hpuluno
1116 4645 1178 4695 lovis
1197 4652 1304 4691 etsoror

198 4740 249 4774 eno
269 4731 357 4774 aerem
386 4728 411 4769 et
430 4714 566 4783 aetherem]
592 4721 629 4770 ct.
649 4720 689 4767 Li·
741 4724 764 4766 et
782 4717 877 4773 anulus,
900 4708 977 4780 παρὰ
1000 4707 1031 4761 τὸ
1055 4705 1109 4776 ἀὴρ
1131 4701 1199 4760 καθ’
1225 4700 1305 4770 ὑπέρ-

197 4791 398 4856 ΡΙμιοΙ.5ιοΙα
419 4785 605 4850 ithunam.
625 4787 689 4851 Opp.
740 4773 912 4899 θεσινἽΙῖα.
948 4784 1013 4832 llaeo
1034 4782 1081 4829 duo
1100 4779 1224 4840 gentilium
1243 4774 1305 4821 dao-

197 4863 243 4912 aaL
741 4867 795 4902 rum
814 4865 870 4900 rota
889 4851 927 4900 ula
947 4849 1017 4898 nobis
1035 4849 1114 4910 iguem
1134 4854 1157 4895 ot
1169 4847 1249 4892 aerem
1262 4837 1305 4886 da·

198 4919 393 4990 imflammat]
413 4921 471 4970 lloa
481 4927 518 4968 eat
526 4920 690 4973 dubitaverint.
742 4919 844 4970 elaraut.
861 4919 910 4979 tFr.
921 4917 1023 4976 lunius.)
