3242 5775
316 647 378 714 198
478 661 481 669 ·
571 656 674 709 curari
696 654 827 699 suessan
848 651 1014 696 rsonsarrs
1037 649 1234 696 rsarossssm

316 812 469 875 hominnm
491 828 596 890 genus.
639 806 769 886 ideoque
791 804 931 885 quamdiu
958 803 1036 866 intra
1057 801 1199 864 lsraelem
1227 809 1292 864 erat
1320 820 1458 866 saeramu

203 931 298 983 reno.
318 923 396 986 tum,
419 912 524 973 merito
547 910 578 971 in
594 908 677 972 solos
692 910 798 970 iratres
814 905 1050 968 misericordiam
1064 902 1238 978 mandabat,
1261 912 1291 965 at
1306 903 1357 965 ubi
1373 904 1459 967 Chris

317 1014 398 1076 dedit
426 1020 530 1092 gentes
558 1008 797 1071 “haereditatem
830 1016 859 1068 et
886 1005 1112 1086 possessionem
1141 996 1286 1066 terminos
1316 1014 1429 1080 terrae,

174 1114 416 1193 noa.1‚o.a.coepit
438 1111 563 1192 expungi
585 1109 666 1189 quod
687 1109 797 1170 dictum
821 1115 938 1187 estper
954 1107 1047 1169 Osee:
1069 1106 1136 1168 Non
1157 1106 1287 1187 populus
1311 1124 1458 1186 meus,p

319 1214 407 1297 pulus
430 1231 530 1285 meus,
560 1220 591 1272 et
611 1229 672 1271 non
694 1207 928 1271 misericordiam
957 1216 1132 1283 consecuta,
1160 1208 1396 1270 misericordiam
1417 1226 1458 1271 tos

320 1324 437 1387 securta,
472 1312 552 1373 natio
581 1310 706 1384 scilicet,
744 1309 850 1370 exinde
872 1308 1009 1371 Christus
1038 1310 1068 1371 in
1098 1328 1202 1372 omnes
1227 1310 1325 1389 legem
1352 1317 1458 1389 patem

318 1414 509 1495 benignitatis
533 1410 679 1484 extendit,
713 1410 862 1472 neminem
891 1411 1040 1490 excipiens
1069 1411 1099 1471 in
1121 1410 1331 1485 miseratione,
1365 1408 1458 1472 sicuti

319 1515 485 1598 vocatione,
517 1512 588 1573 ³⁵1ta
610 1520 641 1573 et
662 1511 688 1572 si
711 1510 781 1590 quid
803 1510 929 1590 emplius
953 1511 1068 1583 docuit,
1091 1512 1149 1573 hoc
1168 1531 1288 1591 quoque
1310 1512 1341 1573 in
1355 1507 1458 1574 haeredi

183 1626 411 1688 tuc.n‚s1.tatem
432 1613 565 1695 gentium
587 1613 709 1693 accepit.
745 1612 784 1673 Et
803 1612 881 1674 sicut
900 1610 987 1672 vobis
1009 1611 1072 1673 fieri
1087 1612 1175 1674 ruitis
1191 1612 1227 1673 ab
1244 1612 1425 1686 hominibus,
1442 1610 1458 1672 it

322 1726 353 1781 et
372 1735 426 1778 ros
448 1714 562 1776 ³⁶faeite
582 1712 652 1774 illis.
695 1712 730 1774 ln
751 1714 810 1774 isto
831 1722 990 1793 praecepto
1013 1712 1114 1793 ntique
1143 1714 1199 1775 alia
1227 1732 1299 1794 pars
1328 1715 1390 1776 eius
1416 1709 1458 1774 sni

323 1819 449 1881 auditur.
492 1815 531 1876 Et
552 1814 629 1875 sicut
648 1813 735 1875 vobis
757 1832 819 1874 non
842 1813 929 1874 ruins
951 1814 1015 1875 fieri
1038 1814 1074 1875 ab
1096 1814 1283 1888 hominibus,
1321 1815 1361 1877 ita
1387 1823 1415 1875 et
1430 1829 1458 1874 nt

323 1939 361 1983 ne
383 1917 495 1981 faciatis
518 1914 586 1977 iliis.
630 1914 695 1976 Hoc
716 1914 743 1975 si
765 1926 861 1976 novus
890 1914 965 1976 deus
996 1923 1026 1976 et
1052 1916 1171 1995 ignotus
1199 1924 1279 1978 retro
1308 1926 1336 1978 et
1363 1914 1458 1976 nontin

322 2022 409 2103 piane
432 2017 527 2080 editus
549 2015 715 2096 praecepit,
737 2016 787 2094 qui
809 2035 857 2077 me
879 2016 958 2077 nulia
980 2024 1048 2077 ante
1071 2016 1125 2078 hac
1138 2001 1337 2079 institutione¹
1350 2019 1458 2077 forman

323 2122 380 2196 rit,
408 2138 465 2199 qua
486 2118 569 2198 prius
593 2116 699 2178 scirem
721 2116 792 2196 quid
814 2116 953 2177 deberem
983 2117 1056 2178 mihi
1078 2119 1152 2180 velle
1181 2119 1226 2180 rel
1247 2119 1328 2181 nolle
1349 2113 1458 2197 atqne't

324 2230 355 2284 et
375 2221 440 2284 aliis
463 2221 560 2281 tacere
581 2216 685 2298 ³⁷(puae
713 2227 743 2279 et
770 2218 843 2279 mihi
871 2218 991 2291 vellem,
1024 2237 1084 2279 non
1113 2221 1209 2281 tacere
1236 2219 1341 2299 ³⁸quae
1368 2228 1397 2281 et
1419 2213 1458 2278 mi

323 2322 448 2391 nollem,
479 2318 680 2400 passivitatem
701 2319 866 2381 sententiae
889 2338 971 2381 meae
999 2320 1168 2399 permisitt,
1197 2339 1252 2382 nec
1273 2319 1458 2383 adstrinxitti

325 2423 361 2486 ad
385 2420 619 2485 convenientiam
640 2419 800 2482 voluntatis
822 2428 852 2481 et
872 2419 957 2493 iacti,
991 2429 1023 2481 ut
1051 2421 1082 2482 id
1108 2421 1175 2483 aliis
1198 2422 1301 2484 faciam
1324 2422 1402 2502 quod
1420 2413 1458 2480 d

315 2524 412 2587 setim
435 2531 465 2584 ct
485 2520 514 2581 id
537 2539 593 2582 nec
613 2520 677 2581 aliis
699 2521 804 2582 faciam
821 2521 907 2600 quoti
934 2520 1006 2583 mihi
1034 2521 1138 2583 nolim.
1186 2523 1253 2584 Non
1282 2524 1361 2585 enim
1387 2515 1458 2605 deiin‘

289 2698 292 2706 Ι
327 2623 398 2705 quisi
420 2621 492 2683 mihi
514 2626 601 2699 etque
623 2621 688 2682 aliis
710 2621 834 2682 debeam
855 2621 929 2683 selle
951 2621 997 2682 vel
1018 2622 1113 2695 nolle,
1136 2632 1169 2684 ut
1190 2624 1224 2686 ad
1247 2624 1345 2705 legem
1366 2621 1458 2686 ³⁹roitn

326 2724 395 2787 tatis
416 2740 517 2803 parem
539 2722 665 2781 sactum·
696 2720 755 2783 ⁴⁰et
786 2722 901 2802 possim
923 2722 1001 2784 “aiii
1023 2742 1083 2785 noo
1105 2733 1258 2804 praestare
1281 2725 1361 2805 quod
1382 2719 1458 2787 abd

328 2824 400 2888 mihi
423 2822 510 2884 velim
531 2822 725 2903 praestitum,
754 2841 902 2898 amorem,
926 2822 1120 2904 obsequium,
1143 2826 1299 2901 solatium,
1321 2823 1458 2908 praesidia

327 2935 358 2989 et
379 2924 525 2986 eiusmodi
546 2923 640 2996 bona,
663 2923 788 3003 proinde
809 2924 868 2986 ⁴²et
888 2925 935 2987 alii
955 2925 1078 3001 sacere‘,
1101 2929 1181 3008 quod
1203 2928 1239 2990 ab
1262 2929 1320 2990 alio
1344 2929 1413 2991 mihi
1431 2924 1458 2987 fit

327 3026 436 3101 nolim,
468 3025 543 3100 vim,
577 3025 732 3098 iniuriam,
750 3027 991 3101 ¹contumeliam,
1024 3029 1157 3090 traudem
1184 3039 1215 3091 et
1242 3029 1388 3092 eiusmodi
1414 3025 1458 3090 md

326 3127 459 3207 Denique
480 3127 536 3187 hac
557 3126 793 3188 inconvenientia
815 3128 974 3190 voluntatis
998 3137 1028 3190 et
1048 3131 1116 3190 iacti
1138 3140 1228 3210 agunt
1248 3131 1356 3193 ethnici
1371 3127 1458 3192 nontin

331 3227 377 3290 ⁴⁸a
399 3229 456 3291 deo
478 3227 625 3290 instructi.
672 3227 746 3289 Nam
776 3216 833 3291 etsi
862 3238 964 3292 natura
992 3231 1105 3293 bonum
1133 3240 1162 3293 et
1189 3231 1299 3294 malum
1320 3242 1458 3294 notuma

329 3349 391 3392 non
413 3339 511 3393 tamen
533 3328 581 3390 dei
603 3329 773 3408 disciplina,
803 3330 888 3412 “qua
917 3330 1033 3409 cognita
1065 3340 1134 3393 tunc
1156 3332 1274 3394 demum
1297 3332 1458 3395 convenient

329 3431 489 3495 voluntatis
513 3439 543 3493 et
563 3431 631 3492 tacti
653 3450 689 3492 ex
711 3432 798 3505 fidet,
822 3441 855 3494 ut
875 3433 930 3493 soh
953 3441 1033 3494 metu
1058 3434 1123 3506 dei,
1156 3434 1261 3513 agitur.
1306 3436 1406 3514 itaque
1425 3432 1458 3495 tis

329 3533 487 3595 Marcionis
509 3532 605 3594 “cum
627 3533 753 3594 maxime
773 3532 921 3595 revelatus
951 3533 1005 3609 sit,
1036 3543 1133 3596 tamen
1154 3535 1301 3598 revelatus
1325 3555 1385 3598 non
1405 3538 1458 3616 poi

329 3633 419 3693 huius
440 3635 605 3713 praecepti,
629 3634 746 3713 dequo
769 3634 879 3713 agitur,
908 3641 967 3695 mm
990 3634 1126 3697 strictum
1148 3645 1177 3697 et
1200 3636 1361 3700 obscurum
1382 3646 1410 3701 et
1428 3652 1458 3699 ca

330 3752 398 3796 cum
419 3733 514 3795 adhuc
535 3744 564 3795 et
584 3733 697 3795 facilius
719 3752 775 3814 pro
797 3752 865 3795 meo
887 3735 988 3814 potius
1010 3736 1133 3798 arbitrio
1149 3738 1404 3818 interpretandum
1417 3738 1458 3800 att

331 3922 372 3972 ot.
389 3922 561 3972 hoereditatem
579 3922 650 3973 BCcd.
668 3924 789 3974 Vaticanus
805 3929 909 3988 sterque.
945 3924 969 3973 iu
988 3923 1160 3973 haereditatem
1179 3927 1216 3975 ab.
1252 3924 1294 3974 35.
1313 3925 1348 3975 ita
1366 3925 1386 3975 si
1404 3918 1458 3987 qni!

330 3990 370 4040 36.
390 3990 524 4041 tacistisB.
577 3989 617 4039 at.
637 4005 698 4052 quaa
716 3999 740 4041 et
758 3992 815 4040 mihi
834 3991 920 4041 BCcos.
961 3993 1146 4055 qunamitis.
1199 3991 1239 4042 38.
1266 4001 1376 4057 atquae
1402 3988 1457 4041 mitt

331 4058 372 4109 49,
390 4059 505 4109 voluntati
522 4072 618 4122 sperem
637 4058 679 4107 BG.
732 4058 774 4108 40.
792 4066 819 4107 nt
835 4059 970 4110 Fatuaias.
1022 4058 1064 4108 44.
1083 4059 1137 4109 aliis
1154 4059 1180 4109 B.
1238 4059 1458 4111 statuane-1

332 4129 364 4188 4.,
385 4129 496 4177 Latinius.
548 4125 588 4175 43.
608 4126 637 4174 ab
655 4141 684 4175 eo
702 4126 746 4176 BG.
798 4122 839 4175 44.
865 4141 911 4191 qua
936 4129 967 4189 4.,
987 4126 1101 4177 Latinius.
1143 4142 1221 4192 aqna
1238 4129 1333 4194 reticui.
1392 4124 1458 4177 45.ι

333 4209 387 4245 cum
406 4195 508 4244 maxime
526 4195 639 4244 Latinius.

307 4342 310 4348 ·
365 4328 389 4375 4.
407 4327 569 4391 passivitatem
592 4330 725 4378 sententiaa
749 4344 818 4379 meae
835 4344 892 4393 par·
943 4337 981 4380 sat
1008 4331 1088 4380 tacere
1114 4331 1226 4396 quicquid
1253 4330 1313 4381 mihi
1336 4330 1361 4380 in
1384 4328 1458 4381 rotas

331 4391 408 4460 misit]
428 4396 454 4444 td
473 4403 510 4443 est
527 4395 644 4444 rationem
659 4411 810 4446 communem
822 4406 892 4462 atqua
943 4399 1015 4448 tuerit
1028 4400 1170 4462 animoque.
1189 4398 1238 4459 (Fr.
1249 4398 1355 4457 iunius.)

331 4462 504 4527 promiscuam,
531 4462 560 4510 ad
579 4465 675 4526 q'nssris
693 4464 821 4526 opiniones
840 4480 892 4515 am·

331 4530 471 4595 plectendas
491 4529 599 4578 tiberem.
641 4531 682 4580 Sic
704 4531 759 4579 adv.
778 4533 891 4596 Hermog.
976 4500 992 4548 f·
1012 4508 1036 4549 et
1054 4494 1198 4578 aiii-tacere]
1216 4499 1325 4548 Latinius
1334 4492 1458 4577 mentiti

774 4598 813 4650 30⁸
853 4602 891 4651 fr·
942 4583 987 4618 nso
1012 4575 1117 4617 auctoris
1147 4575 1252 4617 mentam
1277 4581 1376 4630 assequi
1401 4564 1458 4615 attat

333 4596 435 4663 capsa.
460 4605 482 4647 et
500 4597 556 4647 Adr.
574 4596 690 4647 valentin.
709 4613 762 4661 cap.
842 4605 850 4663 (
941 4651 986 4687 nec
1009 4636 1188 4700 oppositionem
1211 4634 1380 4698 mmmm,
1400 4644 1458 4683 mu

332 4666 434 4797 ming)
481 4664 518 4714 CL
551 4664 641 4714 'dnm‘
672 4665 702 4715 ’d
730 4666 764 4715 ΒΘ
795 4668 890 4719 cmm
941 4705 1146 4754 animadvertisse.
1164 4702 1322 4764 (satanins.)
1354 4692 1458 4753 [taeta.¹

367 4816 388 4850 a.
411 4808 438 4850 ot
456 4801 486 4851 ad
505 4801 582 4863 tegam
608 4800 736 4852 volontatis
753 4817 836 4866 parem
854 4803 892 4853 ia·
977 4820 1000 4867 g.
1024 4819 1051 4854 es
1075 4799 1133 4870 fido]
1166 4803 1201 4855 Cf.
1226 4804 1317 4854 adnott
1343 4801 1374 4854 ad
1398 4796 1458 4868 spei

331 4867 410 4933 ctoml
428 4869 454 4920 14
473 4878 510 4921 est
527 4877 648 4936 tamqnam
666 4871 687 4921 si
704 4884 780 4935 penes
800 4884 839 4921 me
852 4885 892 4922 es·
946 4887 998 4937 cap.
1012 4870 1036 4921 2.
