3242 5775
291 643 355 707 450
553 656 656 712 oontrr
678 655 811 700 suerum
833 642 999 697 rlonaums
1021 652 1219 706 rsnruuunar
1287 641 1293 650 ·

158 829 274 889 mam,
378 805 454 868 ¹Sed
475 805 630 884 angelum,
652 804 749 877 aiunt,
772 803 898 882 gestavit
919 800 1066 864 Christus.
1100 800 1165 874 Qua
1186 798 1327 862 ratione?
1364 802 1433 875 Qua
1449 812 1478 865 et

291 907 455 972 hominem.
487 905 599 968 Eadem
614 923 692 985 ,ergo
715 915 762 965 est
783 912 813 966 et
835 921 923 965 eausa
944 909 979 963 ut
1003 903 1154 976 hominem
1176 910 1308 981 gestaret
1323 901 1475 965 Christus.

293 1008 381 1072 Salus
402 1007 533 1076 hominis
555 1006 611 1068 luit
632 1024 739 1079 eausa,
772 1005 886 1066 scilieet
914 1003 950 1065 ad
980 1004 1196 1066 restituendum
1227 1003 1307 1082 quod
1328 1003 1475 1083 perierat.

292 1108 391 1172 llomo
414 1108 560 1189 perierat,
582 1107 735 1169 homiuem
757 1104 875 1166 restitui
902 1112 1085 1184 oportuerat
1105 1104 1160 1165 -Ut
1181 1105 1317 1183 angelum
1340 1093 1477 1188 gestaret

292 1194 445 1282 Christus,
474 1207 549 1270 uilril
571 1208 627 1269 tale
649 1207 686 1268 da
709 1225 800 1269 eausa
822 1214 878 1268 est.
928 1204 1002 1266 llam
1031 1213 1061 1267 et
1082 1204 1109 1267 si
1122 1205 1244 1284 ,angelis
1265 1206 1399 1284 perditio
1422 1226 1475 1286 re7

177 1307 267 1404 {3⁸25
293 1317 412 1389 putatur
434 1310 465 1370 iu
493 1299 590 1388 ignem
615 1313 827 1390 'praeparatum
854 1304 973 1367 diabolo
1003 1313 1033 1366 et
1062 1305 1174 1385 angelis
1203 1305 1284 1378 eius,
1317 1324 1474 1387 nunquam

232 1389 239 1411 ⁹
271 1387 392 1472 ‘umen
415 1409 473 1471 illis
494 1408 646 1471 restitutio
669 1407 853 1489 repromissa
874 1415 932 1468 est.
982 1405 1100 1467 Nullum
1122 1407 1293 1468 mandatum
1315 1407 1353 1468 de
1377 1409 1473 1471 salute

277 1493 466 1590 'angelorum
488 1511 621 1590 suscepit
634 1509 771 1571 Christus
792 1528 810 1570 a
832 1515 925 1588 patre.
960 1506 1048 1580 Quod
1069 1516 1154 1586 pater
1176 1525 1273 1586 neque
1294 1510 1472 1588 repromisit
1496 1496 1509 1518 '

291 1628 390 1690 neque
411 1610 575 1684 mandarit,
609 1610 744 1672 Christus
766 1609 977 1672 administrare
996 1626 1057 1669 non
1078 1608 1186 1687 potuit.
1237 1607 1290 1670 Cui
1313 1609 1406 1689 igitur
1428 1612 1471 1674 rei

290 1710 426 1790 angelum
449 1730 568 1792 quoque
590 1712 728 1791 gestavit,
751 1710 809 1773 nisi
832 1717 865 1771 ut
886 1710 1042 1772 satellitem
1064 1710 1188 1781 lortem,
1212 1728 1279 1771 oum
1302 1728 1362 1788 quo
1386 1711 1469 1774 salu-

290 1820 351 1873 tem
374 1812 504 1874 hominis
527 1810 725 1893 operaretur?
767 1812 915 1873 ¹ldoueus
945 1810 1023 1873 enim
1051 1829 1113 1871 non
1143 1818 1207 1871 erat
1235 1810 1282 1871 dei
1311 1810 1391 1873 lilius
1420 1813 1470 1892 qui

292 1911 378 1973 solus
405 1913 557 1976 hominem
585 1913 741 1987 liberaret,
773 1932 789 1974 a
817 1912 883 1974 solo
912 1920 942 1974 et
969 1912 1112 1990 singulari
1142 1921 1282 1991 serpente
1309 1911 1469 1976 deiectum.

290 2010 370 2091 Ergo
391 2012 450 2075 iam
472 2033 533 2076 nou
555 2033 633 2077 unus
663 2014 752 2088 deus,
786 2031 843 2074 nee
869 2031 946 2075 unus
976 2013 1184 2086 salutificator,
1218 2012 1244 2073 si
1273 2012 1332 2074 duo
1365 2013 1468 2076 salutis

289 2112 435 2188 artifices,
458 2122 489 2175 et
511 2116 613 2196 utiquo
633 2117 708 2178 alter
729 2116 821 2177 altero
845 2114 991 2193 indigena.
1039 2114 1084 2174 An
1106 2132 1177 2174 vero
1200 2125 1233 2175 ut
1254 2131 1308 2193 per
1331 2114 1468 2194 angelum

290 2212 433 2278 liberaret
453 2214 636 2294 hominem‘l
675 2217 735 2279 Cur
757 2234 828 2296 ergo
858 2215 1011 2277 deseendit
1040 2215 1076 2275 ad
1098 2215 1128 2276 id
1152 2214 1232 2295 quod
1253 2233 1308 2294 per
1329 2215 1466 2295 angelum

289 2323 353 2378 erat
374 2316 590 2396 expediturus?
634 2317 666 2379 Si
688 2336 743 2397 per
764 2317 917 2397 angelum,
940 2315 1010 2396 quid
1032 2313 1172 2395 etipse?
1196 2314 1221 2375 si
1245 2333 1373 2393 perse,
1396 2315 1468 2397 quid

290 2422 321 2478 ot
341 2416 489 2497 augelus?
521 2418 622 2481 llietus
646 2427 693 2480 est
714 2419 834 2499 quidem
856 2418 955 2497 magni
970 2416 1086 2478 consilii
1102 2415 1238 2494 augelus,
1260 2414 1308 2498 {td
1324 2426 1371 2479 est
1386 2436 1466 2479 nuu-

292 2516 494 2592 tius,·ossicii,
517 2538 579 2580 non
601 2527 724 2581 naturae
746 2519 899 2582 vocabulo.
933 2519 1070 2598 llagnum
1093 2517 1171 2578 enim
1187 2517 1347 2595 cogitatum
1363 2519 1469 2598 patris,

228 2666 244 2676 .,
274 2634 381 2696 super
401 2618 532 2680 hominis
556 2619 669 2682 seilicet
682 2620 891 2694 restitutione,
913 2619 1139 2681 adnuntiaturus
1155 2618 1273 2680 saeculo
1290 2629 1362 2681 erat.
1399 2619 1469 2682 Nou

184 2699 187 2708 ¹
289 2715 479 2781 ideo.tamen
501 2720 546 2782 sie
565 2719 930 2800 angelus‘iutellegendus
952 2720 1003 2781 ⁴ut
1023 2719 1111 2798 aliqui
1127 2719 1245 2780 Gabriel
1267 2720 1469 2783 autlliehael.

289 2816 364 2880 Nam
386 2826 417 2880 et
436 2819 515 2882 lilius
537 2839 554 2881 a
576 2821 698 2882 domiuo
720 2820 824 2882 vineae
845 2821 974 2910 mittitur
994 2819 1030 2880 ad
1046 2820 1194 2894 cultores,
1218 2821 1295 2882 siout
1308 2827 1338 2881 et
1351 2820 1468 2897 lamuli,

290 2919 327 2980 de
348 2920 493 2982 fructibus
516 2921 652 3002 petitum.
705 2922 764 2984 Sed
785 2941 848 2984 nou
869 2929 1027 3002 propterea
1051 2940 1129 2984 unus
1153 2923 1206 2984 ⁵ex
1227 2920 1344 2984 famulis
1368 2921 1468 3003 depu-

290 3017 401 3080 tabitur
422 3020 500 3083 tilius
522 3022 590 3100 quia
611 3022 788 3084 famulorum
810 3023 956 3085 suecessit
971 3022 1080 3084 officio.
1115 3022 1244 3085 Facilius
1264 3040 1335 3102 ergo
1358 3022 1471 3099 dicam,

290 3119 319 3182 si
339 3121 446 3195 forte·,
468 3122 568 3202 ipsum
589 3123 682 3185 lilium
704 3124 857 3204 angelum,
879 3123 910 3185 id
932 3133 980 3185 est
1000 3124 1137 3185 nuntium
1160 3124 1269 3204 patris,
1298 3141 1389 3203 quam
1411 3143 1468 3188 au·

149 3220 389 3300 r·.n'rt,e.·gelum
411 3224 442 3284 in
463 3223 536 3285 tilio.
580 3223 728 3286 Sed-cum
751 3225 788 3287 de
809 3225 888 3286 ‘tilio
910 3224 978 3304 ipso
1001 3225 1039 3285 sit
1061 3225 1299 3304 pronuntiatum:
1333 3225 1468 3289 llinuisti

289 3341 357 3386 eum
379 3323 547 3386 ⁷modinum
569 3324 640 3403 quid
661 3325 751 3387 'eitra
773 3326 913 3405 angelos,
936 3326 1087 3404 quomodo
1103 3325 1250 3387 videbitur
1264 3308 1401 3405 angelum
1419 3327 1467 3389 in-

288 3422 409 3498 duisse,
438 3425 484 3488 sie
504 3425 580 3486 inlra
601 3426 722 3506 angelos
744 3427 934 3500 deminutus,
962 3428 1031 3489 dum
1055 3428 1145 3488 lromo
1168 3427 1234 3499 ⁰lit,
1263 3445 1320 3506 qna
1342 3445 1413 3489 earo
1437 3436 1466 3491 et

158 3541 274 3594 saetas.
288 3513 387 3586 anima
409 3533 439 3586 et
460 3527 538 3588 lilius
560 3526 716 3589 hominis?
749 3528 834 3607 ¹⁰qua
861 3536 960 3590 autem
989 3528 1112 3607 spiritus
1141 3527 1187 3588 dei
1210 3534 1240 3589 et
1261 3527 1357 3589 virtus
1380 3529 1465 3590 altis·

288 3625 373 3699 simi,
397 3626 494 3689 ¹¹uum
516 3636 618 3707 potest
637 3628 715 3690 iulra
729 3628 850 3708 angelos
866 3628 985 3701 haberi,
1008 3630 1081 3690 deus
1105 3628 1218 3690 seilicet
1239 3635 1269 3689 et
1291 3628 1339 3689 dei
1362 3627 1466 3692 iilius?

288 3725 407 3799 Quanto
431 3747 513 3807 ergo,
537 3729 608 3789 dum
622 3729 775 3791 hominem
790 3737 896 3809 gestat,
918 3730 1017 3791 minor
1033 3731 1145 3808 angelis
1163 3732 1257 3790 laetus
1273 3737 1330 3801 est,
1356 3728 1465 3792 ¹²tanto

288 3844 367 3899 non,
389 3826 459 3886 dum
481 3828 618 3905 angelum
640 3836 745 3908 gestat.
791 3829 933 3892 ¹³Poterit
954 3831 1027 3891 haee
1049 3830 1150 3909 opinio
1174 3829 1194 3860 ¹⁴
1202 3828 1329 3890 Hebioni
1352 3849 1465 3892 eonve-

163 3951 174 3966 ·
288 3925 370 3999 nire,
404 3927 454 4005 qui
476 3927 590 3989 nudum
617 3929 770 4004 hominem
798 3937 830 3991 et
856 3937 970 3992 tautum
997 3949 1033 3992 ex
1062 3929 1335 4013 semine¹⁵llavid,
1367 3931 1397 3992 id
1421 3939 1466 3993 est

287 4043 350 4087 uon
371 4033 401 4086 et
423 4026 470 4087 dei
492 4027 602 4104 tilium,
625 4031 780 4093 constituit
801 4029 917 4108 lesum3
939 4032 1026 4112 plane
1047 4031 1204 4111 prophetis
1227 4030 1326 4110 aliquo
1348 4031 1465 4111 glorio·

337 4212 414 4274 ‚Cap
434 4212 490 4263 lllll.
538 4214 559 4263 1.
579 4215 626 4265 Sed
646 4223 670 4265 et
687 4216 799 4278 angelum
818 4215 870 4279 BC,
890 4217 1072 4268 Hildedroadus.
1133 4217 1157 4266 2.
1181 4218 1285 4268 ldoueus
1310 4218 1375 4268 enim
1395 4221 1463 4270 abad

286 4276 345 4326 ldeo
364 4293 420 4330 reus
438 4282 502 4330 euim
521 4281 552 4339 (ei
565 4283 599 4342 lt.)
618 4282 681 4332 BCD.
733 4283 757 4334 3.
776 4283 812 4333 rel
831 4285 928 4334 nuntius
940 4284 983 4336 BC.
1030 4286 1053 4334 4.
1074 4293 1099 4334 nt
1116 4286 1190 4348 aliqui
1210 4285 1306 4336 Gabriel
1325 4285 1399 4337 unu
1416 4295 1465 4338 tres

291 4345 403 4397 Vaticani.
438 4356 463 4397 ut
481 4350 576 4399 Gabriel
594 4352 688 4415 reliqui.
741 4351 765 4400 5.
784 4352 815 4400 de
833 4352 858 4400 ll.
911 4350 934 4400 6.
954 4353 1003 4401 ulio
1022 4354 1101 4403 om.c.
1148 4353 1172 4402 l.
1192 4355 1313 4402 modicum
1332 4354 1416 4415 ΒΜ,
1437 4356 1465 4405 u.

286 4414 313 4461 iu
328 4428 411 4476 asaro,
431 4423 477 4465 tres
499 4418 610 4469 Vaticani.
652 4418 746 4468 modieo
765 4419 823 4469 llud.
876 4417 901 4468 8.
919 4420 980 4469 cirea
999 4420 1042 4469 BC.
1095 4420 1119 4469 9.
1138 4421 1169 4471 sit
1188 4423 1210 4469 d.
1267 4419 1305 4470 10.
1325 4421 1377 4479 Qua
1396 4424 1465 4473 eled.

287 4479 423 4550 QuiaBGl).
471 4483 584 4534 ll.uurn
604 4502 654 4547 epo.
689 4487 811 4537 nonlilri
829 4501 913 4536 omnes.
960 4486 1000 4537 12.
1019 4496 1084 4537 tauto
1103 4503 1160 4548 non,
1179 4489 1235 4537 dum
1255 4490 1278 4538 d.
1315 4497 1382 4539 tanto
1401 4504 1465 4539 uon·

286 4545 344 4595 dum
362 4550 412 4598 obe.
449 4559 537 4613 quanto
557 4555 664 4602 nondum
682 4554 747 4604 Bw.
788 4552 829 4603 13.
847 4554 944 4605 Poterat
960 4555 986 4605 B.
1030 4555 1278 4608 launomarus.
1314 4557 1402 4607 Ebioni
1420 4559 1465 4608 Do.

287 4614 391 4667 ebuuoui
413 4616 435 4665 d.
496 4618 535 4667 ts.
555 4619 626 4669 [levid
645 4629 736 4682 natum,
755 4636 805 4673 non
822 4623 879 4672 item
897 4630 921 4673 et
938 4621 986 4685 aa,
1011 4639 1041 4673 aa
1059 4626 1148 4676 duobus
1171 4626 1294 4676 Vaticanis.
1336 4625 1409 4676 david
1427 4626 1465 4676 vel

285 4695 334 4731 uon
352 4690 376 4732 et
396 4683 419 4733 θ.
454 4683 527 4735 llarid
546 4687 676 4738 nunidem
695 4698 719 4739 et
736 4690 763 4740 ll.

318 4848 377 4916 Cap.
396 4850 451 4903 xlv.
487 4868 509 4903 a.
528 4853 549 4903 si
568 4851 641 4919 torte]
660 4856 694 4907 lle
711 4857 757 4908 hae
774 4857 897 4909 locutione
913 4872 934 4908 r.
952 4857 1044 4910 adnott.
1059 4859 1093 4913 ad
1111 4861 1259 4921 llacoroaa
1277 4875 1330 4926 cap.
1341 4861 1368 4912 5.
