3242 5775
458 627 462 634 ’
585 653 733 700 annuns
754 655 928 702 naereses
948 657 1049 704 nra-r.
1345 647 1407 714 m

213 805 250 870 ὁ
271 803 457 888 μων,
480 813 532 869 ant
552 815 717 870 meatorem
741 815 807 881 ant,
829 810 910 891 quoi
932 810 1009 874 nolit
1027 810 1175 887 llarcion,
1196 825 1300 894 parem
1321 833 1408 880 crea·

215 907 309 981 urb,
333 907 420 990 apud
442 921 532 989 quem
554 908 666 972 iustum
689 910 729 972 sit
750 910 975 974 antonionum
996 914 1112 977 noscis
1126 915 1250 996 rependi
1263 915 1407 980 'athicu-

220 1009 348 1084 m,
375 1017 410 1072 et
429 1010 536 1082 uehis,
559 1010 627 1091 ‘qui
647 1011 841 1087 afflictemur,
865 1014 1045 1093 requietem,
1075 1015 1108 1078 in
1129 1013 1328 1081 ⁸revelatione
1348 1018 1408 1082 oo·

218 1111 288 1176 .Ἶὶ
310 1111 389 1175 lesu
410 1111 560 1174 rsaientia
581 1131 597 1174 e
620 1113 702 1175 caelo
724 1131 799 1175 curu
815 1114 928 1194 angelis
950 1114 1069 1179 virtutis
1091 1135 1164 1180 suae
1185 1119 1267 1181 etin
1289 1120 1407 1184 hamma
1434 1187 1445 1208 ⁸

218 1213 306 1296 his.
350 1213 416 1276 Sed
437 1214 587 1277 flammam
609 1224 639 1276 et
660 1213 759 1295 ignem
780 1214 908 1278 delendo
930 1217 1097 1280 haereticus
1118 1220 1260 1294 extinxit,
1282 1237 1322 1283 na
1342 1222 1408 1284 sci-t

218 1315 283 1380 taes
305 1323 482 1380 nosmtam
504 1316 592 1378 deum
615 1318 734 1379 iaceret
778 1317 874 1380 Lucet
899 1327 998 1381 umen
1025 1320 1139 1382 renites
1170 1320 1287 1383 liturae.
1331 1321 1406 1386 Cum
1461 1315 1466 1324 ¹

202 1419 297 1482 ''u'n
320 1417 361 1480 ad
383 1417 531 1480 ultionem
554 1426 708 1482 venturum
732 1419 843 1481 scribat
863 1421 1018 1501 apostolus
1035 1421 1188 1484 (lominum
1209 1421 1404 1503 leaigcutleut
1416 1441 1526 1492 uttam

192 1521 203 1540 '¹
222 1519 254 1584 b
273 1519 322 1584 eis
345 1519 401 1600 qui
423 1519 512 1582 deum
534 1519 673 1600 ignorent
699 1529 730 1583 et
755 1520 806 1601 qui
834 1538 896 1583 non
923 1521 1083 1584 obaudient
1109 1523 1278 1602 evangelio,
1310 1524 1406 1606 l(patos
1471 1603 1474 1608 Ι

209 1621 258 1684 Ἰ
275 1639 415 1704 marn
436 1620 566 1683 luituros
588 1621 750 1697 exitialem,
773 1631 941 1697 astemem,
964 1642 980 1685 e
1004 1623 1077 1686 leeie
1099 1624 1215 1686 domini
1235 1631 1267 1687 et
1279 1644 1296 1687 e
1311 1625 1406 1706 pletis
1486 1631 1489 1636 '

222 1723 364 1787 datiae
389 1722 474 1796 eius,
503 1723 639 1803 sequitur
659 1732 693 1786 ot
714 1726 861 1786 hammam
884 1724 963 1804 ignis
983 1723 1119 1801 inducat,
1148 1725 1263 1788 scilicet
1281 1725 1405 1790 renisus

213 1823 256 1888 ’1
273 1823 478 1908 psaieutlum.
522 1824 565 1886 lte
593 1834 623 1887 et
649 1824 680 1886 in
702 1826 775 1900 hoc,
808 1824 931 1888 nolente
951 1825 1117 1900 llereiene,
1150 1826 1328 1890 crematoris
1355 1827 1405 1891 elei
1435 1809 1440 1814 ¹

228 1921 399 2001 'hristum
422 1933 455 1988 et
475 1925 506 1986 in
529 1924 579 1987 illo
602 1927 745 1989 creatoris
766 1935 828 2000 est,
850 1927 930 2007 quod
953 1927 1042 1989 etiam
1064 1928 1102 1989 tle
1123 1927 1329 2008 ignorantibus
1344 1928 1403 1992 tle·

253 2029 263 2044 '
356 2026 532 2101 ulciscitur,
555 2027 585 2089 id
608 2035 656 2089 est
675 2028 714 2090 ‹le
735 2028 871 2091 ethnicis.
908 2029 1053 2091 Seorsum
1068 2028 1148 2090 enim
1162 2030 1280 2110 posuit,
1303 2029 1404 2093 liran-

234 2129 296 2210 §a
318 2149 384 2194 non
407 2128 620 2204 obaudientes,
655 2129 718 2191 sire
740 2130 926 2192 Christianos
954 2139 1142 2210 peccateres,
1179 2130 1242 2193 sire
1263 2130 1403 2194 ledaeos.

234 2227 315 2312 Perre
337 2233 379 2295 tle
401 2229 532 2294 ethnicis
554 2231 671 2311 erigere
692 2247 824 2311 poenas,
847 2231 896 2311 qui
920 2232 1104 2312 evangelium
1119 2231 1198 2294 torte
1211 2249 1275 2294 non
1289 2232 1402 2307 uomet,

235 2331 287 2396 ba
303 2342 353 2397 est
369 2333 425 2395 tlei
449 2332 515 2394 eius
537 2331 587 2412 qni
609 2333 784 2395 naturaliter
811 2332 852 2394 eit
878 2332 1015 2412 ignotus,
1048 2351 1106 2395 nee
1130 2349 1255 2413 usquam
1284 2332 1344 2395 nisi
1370 2331 1403 2395 in

237 2435 374 2516 melio
397 2433 440 2496 sit
459 2433 626 2508 revelatus,
648 2449 710 2495 nou
726 2434 865 2496 omnihus
881 2434 1003 2496 scibilis.
1032 2433 1165 2496 Creatori
1179 2433 1277 2496 autem
1292 2432 1402 2496 'etiam

335 2537 365 2598 ‘s
399 2534 513 2616 agnitio
546 2533 688 2608 debetur,
721 2553 756 2597 ex
786 2535 928 2615 operibus
957 2535 1156 2615 intellegendo
1185 2543 1216 2597 et
1242 2534 1350 2597 exinia
1371 2534 1403 2598 is

191 2651 196 2676 ³
239 2635 387 2718 fierem
409 2635 549 2700 notitiem
570 2636 761 2716 requirendo.
812 2637 895 2700 lllius
923 2645 971 2701 cst
997 2653 1069 2717 ergo
1092 2635 1208 2700 ¹‘etiam
1229 2636 1403 2718 ignorantes

324 2739 482 2823 plectere,
504 2755 592 2819 quem
614 2755 675 2800 nou
689 2738 776 2800 liceat
790 2738 968 2818 ¹¹ignorare.
999 2739 1100 2820 lpsum
1115 2738 1195 2820 quod
1210 2738 1267 2813 ait,
1287 2736 1404 2801 h-laeie

192 2914 198 2925 ,
294 2842 332 2905 'ni
356 2850 389 2904 et
416 2857 434 2902 a
457 2840 551 2920 gloria
578 2839 721 2903 valentiae
749 2840 830 2915 eius,
862 2839 962 2903 verbis
991 2838 1094 2904 ”usus
1115 2839 1237 2915 Esaiae,
1271 2857 1307 2903 es
1336 2838 1529 2920 ipsumam

253 2944 257 2953 '
331 2944 462 3008 eundem
485 2942 738 3022 sapit-dominum
761 2952 990 3022 consurgentem
1018 2950 1052 3004 ut
1079 2943 1261 3005 comminuet
1280 2950 1401 3004 unm.

240 3040 299 3119 isis
319 3054 368 3109 eat
389 3052 489 3106 autem
512 3044 605 3105 hemo
627 3044 741 3117 delicti,
764 3043 842 3105 tilius
856 3044 1052 3124 perditionis,
1075 3062 1164 3124 quem
1180 3044 1304 3107 revelari
1317 3043 1401 3124 prins
1415 3032 1520 3137 flffl·

239 3156 339 3225 portet
361 3157 432 3209 ante
453 3145 568 3206 domiui
592 3144 763 3219 adrentum,
787 3145 933 3207 extollens
949 3165 983 3207 se
1001 3163 1091 3224 super
1113 3162 1203 3206 omne
1225 3145 1304 3224 quod
1327 3143 1402 3207 deus
1503 3156 1507 3167 ·

239 3242 329 3311 &iter
349 3256 381 3310 et
401 3265 523 3309 ornnem
546 3245 736 3324 religionem,
761 3244 1008 3307 ¹'conrsessurnsl
1030 3247 1060 3305 in
1081 3246 1193 3325 templo
1209 3245 1257 3307 dei
1272 3245 1402 3307 eldeum
1468 3266 1478 3279 ·
1514 3318 1517 3323 Ι

220 3364 266 3411 -ιι
281 3347 464 3412 iactaturus?
495 3346 664 3409 Secundum
687 3366 744 3408 nos
768 3347 886 3427 quidem
902 3346 1110 3419 antichristus,
1133 3352 1168 3406 ut
1188 3345 1296 3406 docent
1316 3352 1400 3407 rete·

235 3462 278 3511 n
296 3451 354 3513 “sc
375 3469 472 3512 norae
492 3447 682 3530 prophetiae,
707 3456 739 3509 ut
759 3449 886 3509 loannes
907 3446 1079 3527 apostolus,
1101 3445 1151 3524 qui
1173 3445 1232 3506 iem
1255 3444 1529 3527 anama-nanno

249 3544 258 3555 ⁰
309 3552 381 3615 urit
399 3550 592 3632 processisse
613 3549 643 3610 in
665 3549 807 3612 mundum
838 3565 1052 3630 praecursores
1079 3542 1245 3608 antichristi
1268 3543 1401 3626 spiritua,

250 3650 254 3661 ’
379 3653 533 3715 Christum
556 3652 586 3713 in
608 3670 696 3713 carne
717 3651 853 3725 venisse,
876 3657 907 3713 et
928 3649 1078 3711 solventes
1094 3648 1210 3720 lesum,
1234 3645 1350 3710 scilicet
1368 3646 1399 3709 in

236 3746 286 3827 ,δι
303 3764 450 3818 emtore:
473 3753 638 3815 secundum
666 3771 736 3814 vero
759 3750 939 3815 hlarcionem
966 3750 1068 3812 nescio
1092 3749 1157 3812 ¹⁸ne
1180 3747 1239 3810 sit·
1261 3747 1400 3810 Christus

324 3856 376 3918 rie.
420 3854 561 3918 Nondum
591 3852 698 3915 ¹·venit
724 3854 801 3934 apud
830 3853 923 3915 illum.
968 3849 1139 3930 ¹'Quisquis
1167 3857 1214 3911 est
1236 3856 1334 3912 autem
1364 3866 1401 3911 ex

348 4005 357 4033 ,
385 3976 499 4038 quaero
523 3974 575 4017 cur
603 3953 699 4017 veniat
726 3955 757 4016 in
786 3955 866 4017 omni
894 3954 1002 4015 virtute
1034 3960 1064 4014 et
1093 3952 1187 4032 signis
1216 3960 1247 4014 et
1274 3950 1399 4014 ostentis

330 4057 390 4122 ciii
421 4059 603 4137 Propterea,
626 4057 736 4136 inquit,
759 4057 838 4137 quod
861 4056 1047 4117 dilectionem
1069 4053 1203 4115 veritatis
1216 4070 1277 4115 noo
1292 4042 1399 4116 senece-
1414 4040 1529 4145 fflffi

280 4210 422 4262 istisne·
441 4213 466 4264 fl.
509 4211 534 4261 l.
553 4212 644 4275 quien.
688 4210 712 4260 i.
726 4209 1055 4259 revelationemlilntieeaus
1071 4213 1175 4272 sterque.
1218 4205 1244 4257 6.
1261 4206 1400 4269 aderisca-

303 4280 343 4343 is,
360 4282 475 4332 undose.
512 4279 537 4327 ’1.
556 4294 659 4343 poenam
678 4278 912 4343 queseitlotinius.
954 4274 979 4325 8.
997 4275 1108 4325 Christus
1126 4282 1172 4333 est,
1190 4281 1214 4323 st
1231 4275 1254 4324 tl.
1278 4272 1314 4324 Q
1333 4281 1357 4323 cl
1374 4272 1400 4322 B.

294 4346 351 4398 ιιΙ.
385 4349 423 4398 11.
442 4348 550 4411 ignorari
570 4349 593 4396 d.
637 4346 675 4396 12.
695 4361 754 4395 uses
772 4353 810 4395 est
828 4344 948 4396 lissiaeli.
994 4342 1034 4392 13.
1053 4341 1294 4392 consecuturoscm.
1317 4341 1402 4391 statut

289 4410 364 4466 hbe
397 4423 574 4466 museeuteros
593 4415 618 4464 Β.
664 4414 703 4464 14.
723 4430 751 4463 ae
768 4413 828 4464 aco.
863 4421 888 4462 et
903 4414 997 4476 reliqui.
1045 4410 1085 4460 tc.
1104 4408 1272 4459 uisichristoa
1290 4408 1399 4458 sitlhla.

290 4480 296 4489 '
385 4483 507 4549 theulut
526 4482 590 4532 reuit
608 4484 641 4544 1.,
660 4483 725 4533 Fuls.
740 4482 846 4532 stauos.
907 4479 945 4529 l'l.
970 4478 1086 4541 Quisquis
1103 4485 1141 4526 est
1159 4484 1238 4527 sutem
1256 4488 1284 4526 es
1302 4477 1336 4536 tl.,
1355 4476 1401 4525 ls-

284 4544 290 4555 '
324 4550 535 4604 sisiulirsisss.
570 4551 638 4599 euius
656 4550 710 4614 quis
729 4558 766 4599 est
783 4553 831 4610 (est
848 4563 923 4599 coac.
942 4563 993 4597 ceos
1014 4547 1083 4597 Velie.
1101 4544 1186 4607 sltero)
1209 4552 1288 4594 sutem
1306 4542 1399 4607 eclipsi.

301 4682 386 4743 ΗΠ.
406 4702 428 4737 a.
445 4685 599 4738 circumlerri
617 4685 648 4735 ah
661 4681 787 4752 apostolo]
840 4682 969 4732 lecticaena
986 4680 1114 4731 llaraionis
1132 4688 1191 4743 pato
1209 4692 1279 4739 essa,
1296 4676 1401 4739 ideoque

191 4800 193 4829 ,
305 4754 402 4813 nnat
419 4770 472 4820 esp.
489 4753 529 4804 13.
840 4752 927 4800 mutari
946 4750 1048 4799 nolim‘·
1067 4746 1230 4808 (ieiunius.)

305 4818 476 4889 ·Μιπηι]
503 4821 620 4884 Princeps
644 4821 717 4869 salitio
744 4826 786 4880 „et
873 4834 894 4868 e.
913 4816 1090 4882 easeiooasit]
1109 4818 1143 4866 lla
1161 4818 1208 4867 hoo
1223 4828 1254 4863 ss
1270 4807 1400 4860 dehitstirs

289 4884 338 4930 Ι·
351 4888 478 4952 religionen
492 4887 696 4950 mmecstuss“;
714 4902 785 4952 qnam
838 4903 858 4937 r.
878 4900 940 4952 quea
958 4886 1071 4937 aductata
1087 4892 1145 4937 saut
1161 4884 1191 4935 sal
1201 4872 1400 4945 hpolo3.esp.2

297 4958 415 5021 'mutua
426 4990 478 5024 aaa.
490 4989 530 5021 sn.
542 4987 643 5021 canosa.
661 4974 723 5020 Toni.
732 4974 760 5019 tt.
1212 4963 1244 5015 tt
