3242 5775
324 661 386 726 082
573 675 674 729 ournrr
696 671 825 719 ssrrrsn
847 670 1011 715 recasurus
1033 669 1230 728 manascunt

323 826 391 891 reni
412 826 443 889 in
463 825 556 905 patris
579 824 637 887 mei
658 824 794 898 nornine,
828 830 859 885 et
884 840 946 885 non
973 840 1021 884 me
1049 819 1213 900 recepistis.
1256 819 1341 880 aueo
1371 837 1489 900 semper

325 928 402 991 diius
425 935 487 989 erat
507 926 538 987 in
560 925 606 987 dei
629 934 660 987 et
679 925 758 1005 regis
781 933 810 986 et
827 923 938 986 domini
953 922 1196 1003 ”omnipotentia
1220 929 1250 983 et
1271 921 1410 983 altissimi
1434 939 1489 982 no·

200 1045 309 1099 ronse.
325 1030 415 1092 mino.
464 1026 715 1106 interrogantibus
742 1034 839 1088 autem
872 1025 942 1107 quid
970 1027 1065 1087 iacere
1093 1023 1219 1085 debeant
1245 1023 1419 1102 respondit,
1452 1023 1488 1084 tJt

205 1147 313 1200 ramat
327 1129 451 1194 medatis
477 1127 508 1190 in
535 1145 601 1190 oum
628 1145 715 1207 quem
747 1128 821 1191 deus
852 1126 943 1189 misit.
991 1125 1100 1187 Panem
1133 1142 1251 1204 quoque
1280 1143 1315 1185 se
1344 1125 1488 1197 adfirmat,

326 1250 413 1313 quam
433 1238 518 1318 pater
537 1237 703 1309 praestaret
723 1229 760 1291 de
781 1228 879 1301 oaelo;
908 1245 977 1306 ergo
1006 1245 1110 1300 omne,
1138 1225 1217 1305 quod
1240 1226 1266 1286 ei
1289 1226 1375 1288 daret
1397 1236 1489 1307 pstor,

325 1333 362 1397 ad
384 1351 418 1394 se
438 1330 553 1404 venire,
576 1346 630 1391 nec
650 1329 829 1391 reiecturum
851 1347 902 1402 se,
924 1329 992 1409 quia
1015 1329 1051 1390 de
1072 1327 1153 1390 eaelo
1176 1327 1402 1399 descendisset,
1431 1346 1488 1389 nou

325 1443 358 1497 ut
378 1451 478 1506 suam,
501 1430 555 1493 sed
576 1440 608 1492 ut
628 1431 722 1511 patris
743 1432 852 1496 taceret
871 1430 1066 1501 voluntatem
1088 1429 1266 1502 veluntatem
1281 1437 1381 1491 autem
1397 1430 1489 1509 patris

326 1553 395 1598 esse
416 1533 459 1595 uti
480 1532 529 1613 qui
551 1531 657 1593 viderit
676 1532 767 1593 filium
790 1538 820 1593 ct
845 1530 1003 1592 crediderit
1029 1532 1059 1592 in
1088 1550 1172 1603 eum,
1207 1530 1293 1591 vitam
1323 1539 1355 1592 et
1383 1551 1489 1593 resur·

325 1635 486 1698 rectionem
509 1640 721 1713 consequatur3
752 1631 900 1693 neminem
928 1651 1020 1712 porro
1048 1632 1083 1694 ad
1112 1650 1145 1693 se
1166 1633 1266 1693 venire
1288 1651 1398 1712 posse,
1432 1633 1488 1696 nisi

325 1745 411 1817 qoem
433 1742 516 1814 pater
537 1733 675 1808 adducat3
712 1750 847 1806 omnem,
880 1733 929 1813 qui
958 1752 974 1795 a
1002 1742 1087 1813 patre
1114 1732 1247 1795 audisset
1273 1746 1302 1794 et
1323 1734 1488 1807 didicisset,

176 1837 424 1944 offla-ventre
443 1836 481 1898 ad
502 1853 553 1908 se,
574 1834 640 1896 Non
662 1834 747 1914 quasi
768 1842 881 1913 patrem
902 1834 1008 1916 aliquis
1023 1835 1143 1907 viderit,
1166 1835 1294 1896 adiciens
1317 1845 1347 1897 st
1369 1836 1435 1910 bic,
1456 1842 1488 1896 ut

327 1937 496 2001 ostenderet
516 1935 608 2016 patris
630 1953 699 1997 esse
720 1954 904 2010 sermonem,
936 1955 991 2015 per
1018 1955 1105 2016 quarn
1133 1936 1212 1997 docti
1238 1936 1318 1997 fiant
1363 1937 1402 1999 At
1424 1955 1489 1999 cum

325 2040 480 2103 discedunt
500 2037 537 2099 ab
558 2055 595 2099 so
617 2035 717 2109 muiti,
745 2046 774 2099 et
801 2037 944 2117 apostolis
972 2038 1036 2099 suis
1060 2039 1147 2099 odeat
1168 2037 1194 2098 si
1216 2038 1306 2098 veiint
1333 2038 1489 2101 discedere

175 2150 356 2212 tonsorum
376 2140 449 2222 ipsi,
470 2138 569 2218 ⁸¹quid
590 2137 743 2218 respondit
765 2137 867 2199 Simon
890 2136 1020 2201 Petrus?
1060 2138 1125 2211 Quo
1147 2137 1378 2201 ”discedimusi
1401 2140 1489 2202 verba

326 2242 401 2304 ritae
422 2241 529 2313 babes,
557 2248 588 2301 et
608 2257 663 2301 nos
685 2223 832 2301 credimus
854 2239 933 2319 quod
955 2240 1050 2301 tusis
1072 2239 1218 2302 Christus.
1266 2240 1383 2302 Patrem
1406 2242 1490 2303 illum

326 2361 409 2418 csse,
431 2360 468 2403 au
490 2341 583 2422 patris
604 2339 794 2402 Christum?

194 2435 316 2525 cosmi,
410 2441 499 2505 Cuius
521 2450 618 2503 autern
640 2442 803 2504 doctrinam
826 2440 910 2516 dicit,
940 2442 1084 2522 adquam
1107 2441 1310 2504 mirabantur?
1343 2462 1430 2505 suam
1451 2463 1488 2506 an

325 2542 441 2626 patris?
470 2542 570 2622 Aeque
591 2542 805 2621 ambigentibus
825 2543 904 2604 inter
923 2563 971 2618 se,
994 2562 1031 2605 ne
1046 2545 1110 2623 ipse
1125 2553 1205 2605 essct
1219 2543 1362 2618 Christus,
1385 2546 1490 2627 utique

175 2663 387 2719 ro.a·n,ss·q.non
408 2653 506 2723 pater,
535 2642 587 2704 sed
609 2642 704 2718 iilius,
738 2645 854 2724 ¹Neque
875 2644 1013 2719 nescitis,
1041 2646 1151 2725 inquit,
1180 2646 1257 2718 unde
1279 2646 1351 2719 sina,
1375 2655 1405 2708 et
1426 2666 1488 2708 son

326 2746 391 2809 reni
413 2763 429 2806 a
450 2744 515 2806 ¹me
537 2744 620 2825 ipso,
642 2745 764 2807 sedest
784 2764 872 2807 renas
892 2746 944 2825 qui
965 2765 1013 2807 me
1033 2746 1129 2818 misit,
1158 2765 1244 2825 quern
1269 2765 1320 2808 ros
1342 2765 1404 2809 non
1418 2748 1488 2827 :no-

327 2848 398 2923 stis3
420 2863 475 2927 ego
498 2846 565 2909 nori
588 2845 685 2921 illurn,
707 2845 792 2926 ’quia
814 2846 891 2929 apud
913 2847 993 2910 ilium
1016 2866 1093 2909 sum.
1125 2846 1192 2909 Non
1213 2848 1302 2923 dixit,
1323 2848 1402 2923 Quia
1424 2849 1490 2931 ipse

328 2967 412 3022 sum,
434 2957 479 3021 et,
501 2948 569 3028 lpse
590 2967 638 3010 me
658 2947 742 3022 misi,
771 2949 840 3022 sod,
868 2949 920 3012 ille
942 2966 989 3011 me
1011 2949 1100 3011 misit.
1143 2949 1216 3010 item
1244 2969 1311 3011 curn
1333 2951 1489 3014 misissent

196 3068 315 3122 rurum.
329 3050 364 3112 ad
386 3049 580 3111 invadendum
602 3068 669 3113 eum
691 3048 854 3129 pharisaei,
881 3050 1026 3112 Modicum
1050 3051 1144 3112 adbuc
1164 3052 1323 3130 temporis,
1351 3054 1408 3122 sit,
1431 3073 1488 3114 vo·

325 3147 438 3214 biscuin
461 3169 542 3224 sum,
564 3160 596 3212 et
615 3151 690 3212 rado
712 3151 748 3212 ad
770 3169 837 3213 eum
860 3151 908 3232 qui
929 3171 977 3213 me
998 3152 1087 3214 misit.
1118 3153 1153 3212 At
1175 3152 1224 3214 ubi
1248 3174 1281 3215 se
1295 3154 1403 3234 ⁴negat
1416 3173 1489 3218 esso

190 3271 316 3324 turmas.
330 3253 442 3322 seium
464 3252 523 3315 Sed
545 3270 615 3333 ego,
644 3252 753 3333 inquit,
781 3253 881 3333 etqui
909 3272 956 3315 me
978 3254 1059 3314 misit
1079 3262 1176 3333 pater:
1209 3272 1309 3316 nonne
1331 3255 1406 3316 duos
1428 3256 1487 3317 de-

327 3362 486 3428 monstrat,
509 3363 568 3416 mm
590 3354 666 3416 duos
689 3374 775 3434 quam
796 3352 1005 3433 inseparatos?
1037 3355 1130 3416 immo
1147 3364 1240 3417 totum
1259 3364 1320 3417 erat
1333 3355 1391 3417 boc
1404 3357 1487 3435 quod

326 3457 459 3529 docebat,
481 3455 665 3540 inseparatos
687 3457 763 3518 duos
785 3473 868 3529 essc3
890 3454 1035 3535 siquidem
1052 3465 1080 3517 et
1094 3456 1188 3535 legem
1203 3475 1384 3536 proponens,
1407 3456 1488 3519 duo·

184 3574 311 3628 ronnas.
325 3576 389 3620 rum
411 3557 564 3619 bominum
584 3557 787 3620 testimonium
808 3557 1044 3629 confirmantem,
1067 3557 1232 3636 subiungit:
1262 3558 1324 3637 Ego
1347 3558 1488 3621 testimo·

325 3659 407 3721 nium
429 3658 495 3720 dieo
517 3640 633 3732 de'mc,
656 3666 686 3721 et
706 3658 908 3720 testimonium
929 3658 1000 3720 dicit
1021 3658 1057 3719 de
1072 3677 1129 3731 me,
1150 3660 1200 3738 qui
1217 3678 1264 3720 me
1278 3658 1370 3732 misit,
1392 3669 1487 3740 pater.

326 3759 442 3833 Quodsi
463 3777 540 3820 unus
562 3768 657 3832 esset,
679 3759 749 3820 dum
771 3759 848 3823 idem
870 3766 917 3821 est
938 3767 968 3820 et
986 3760 1064 3821 filius
1086 3769 1116 3821 et
1135 3768 1234 3838 pater,
1266 3778 1328 3821 non
1352 3770 1488 3823 uteretur

325 3861 400 3940 legis
420 3859 585 3939 patrocinio
606 3859 692 3920 fidem
714 3860 893 3941 imponentis
915 3878 976 3922 non
1002 3861 1091 3922 unius
1114 3862 1300 3933 testimonio,
1329 3862 1383 3923 sed
1407 3863 1487 3924 duo-

184 3977 401 4030 resarsurum.
443 3960 516 4021 item
538 3959 752 4041 interrogatus,
774 3962 825 4025 ubi
847 3971 928 4024 esset
947 3971 1046 4043 pater,
1078 3980 1174 4041 nequa
1197 3979 1230 4022 se
1251 3980 1349 4041 neque
1370 3972 1486 4043 patrem

324 4070 428 4123 notum
450 4078 517 4122 esse
539 4059 597 4124 iliis
619 4063 820 4142 respondens,
851 4063 927 4125 duos
955 4062 1027 4124 dixit
1054 4062 1199 4141 'ignotos
1243 4061 1358 4135 Quodsi
1387 4064 1486 4144 ipsum

250 4168 465 4235 manassent,
497 4170 610 4242 patrem
636 4173 777 4233 nossent,
809 4182 869 4226 non
898 4165 1016 4245 quidem
1044 4165 1127 4244 quasi
1155 4164 1218 4243 ipse
1247 4173 1330 4225 esset
1351 4175 1436 4245 pater
1456 4173 1489 4227 et

324 4263 419 4338 fflius,
451 4264 505 4326 sed
531 4265 599 4345 quia
626 4283 681 4346 per
707 4264 939 4327 individuitatem
967 4284 1062 4345 neque
1086 4265 1206 4345 agnosci
1232 4283 1327 4344 neque
1355 4267 1486 4347 ignorari

326 4416 366 4468 30.
385 4427 408 4467 et
426 4419 596 4482 omnipotentis
615 4420 647 4482 d,
672 4435 722 4470 esst
739 4419 819 4469 Fulvio
839 4418 929 4470 Ursino.
986 4418 1026 4469 at.
1050 4427 1074 4468 et
1097 4419 1153 4483 quid
1175 4423 1201 4468 A.
1220 4419 1282 4468 teta.
1344 4417 1386 4469 32.
1404 4420 1484 4470 disce·

325 4487 449 4617 demntia?
467 4552 536 4602 ΧΧΙΙ.
580 4555 601 4603 1.
620 4553 702 4618 iisque
720 4504 816 4603 nescitis
834 4554 897 4605 beid.
932 4568 1009 4618 oeque
1028 4568 1065 4603 me
1084 4555 1130 4604 scit
1146 4555 1171 4604 Α.
1211 4553 1286 4618 Atque
1305 4567 1343 4602 me
1360 4556 1428 4604 scitis
1446 4554 1482 4604 b.

324 4623 411 4672 Ionios.
456 4620 537 4683 Neque
564 4636 602 4670 me
625 4623 691 4671 scitis
713 4623 797 4672 Bubcd.
855 4621 877 4670 2.
902 4623 1005 4686 metipso
1022 4624 1047 4672 Δ.
1066 4623 1129 4672 teta.
1190 4620 1214 4672 3.
1238 4623 1291 4686 quia
1317 4623 1380 4685 spad
1405 4623 1483 4686 ipsam

324 4690 422 4808 gunzso
440 4689 542 4818 2³:¹0⁵&
551 4688 602 4806 Addo
620 4704 683 4751 sum,
701 4697 725 4740 et
742 4689 783 4738 itte
801 4703 840 4739 mo
857 4690 921 4739 misit
938 4691 974 4740 cd.
1014 4690 1038 4739 d.
1056 4698 1155 4752 negatur
1166 4691 1191 4740 A.
1215 4690 1482 4754 descripserimnepsos.

359 4907 380 4943 e.
398 4908 428 4943 ao
445 4891 520 4958 patris
538 4887 690 4956 Christomil
718 4891 855 4944 credamne
870 4901 963 4959 patrem
981 4893 1050 4944 ilium
1067 4908 1131 4956 esse,
1149 4907 1179 4943 aa
1196 4892 1271 4958 patris
1288 4887 1431 4942 chrisum?
