3242 5775
508 587 547 630 DE
569 588 816 632 RESURRECTIONE
839 590 952 633 cantus.
1259 576 1319 638 511

142 735 261 808 dicum,
293 752 350 795 nec
378 734 550 814 quicquam,
583 735 678 815 ”quia
706 755 763 798 nec
791 738 957 817 quicquam.
1001 738 1136 817 ”Atquin
1159 738 1185 799 si
1207 757 1268 802 non
1290 749 1322 802 et

142 853 263 896 monem
286 834 477 897 resuscitabit
498 835 659 898 novissima
675 838 740 909 die,
763 838 821 899 iam
838 857 897 900 non
913 838 1064 901 modicum
1079 838 1208 917 patietur
1222 838 1321 917 perire

143 935 181 995 de
211 934 351 1006 bomine,
386 937 439 996 scd
471 954 527 1015 pro
557 946 636 998 tanta
658 938 783 999 dixerim
805 949 888 1017 parte
910 958 1006 1019 prope
1029 947 1134 1001 totum.
1177 939 1321 1017 Ingerens

142 1035 288 1114 amplius,
309 1034 402 1095 ³'lloc
423 1044 469 1096 est
489 1037 582 1115 patris
605 1038 754 1111 voluntas,
779 1048 812 1099 ut
833 1038 931 1100 omnis
953 1039 1001 1117 qui
1017 1038 1153 1119 ”aspicit
1176 1039 1267 1101 filium
1290 1048 1321 1102 et
1337 1066 1446 1121 rouge,

142 1136 239 1197 credit
259 1136 290 1197 in
313 1155 379 1196 eum
403 1135 509 1198 babeat
530 1137 617 1198 vitam
640 1147 807 1213 aeternam,
831 1148 861 1200 et
875 1139 1016 1200 suscitem
1032 1139 1112 1200 illum
1128 1138 1321 1202 ”norissima

142 1236 207 1308 die,
229 1236 444 1317 plenitudinem
467 1239 594 1299 exstruit
615 1240 855 1301 resurrectionis.
897 1239 1053 1301 Distribuit
1075 1239 1153 1301 enim
1175 1238 1321 1320 “utrique

143 1337 329 1399 substantiae
351 1357 406 1417 per
428 1338 523 1399 officia
544 1338 723 1420 ³⁵propriam
747 1341 914 1401 mercedem
936 1340 1056 1412 salutis,
1088 1349 1118 1401 et
1140 1341 1237 1413 carni,
1266 1358 1321 1420 per

144 1456 231 1516 quam
254 1437 360 1500 ”lilius
382 1438 596 1517 aspiciebatur,
619 1450 649 1502 et
663 1440 821 1514 ”animae
844 1459 898 1520 per
912 1460 998 1519 quam
1015 1441 1198 1503 credebatur.
1231 1441 1321 1520 Ergo,

146 1539 243 1613 dices,
277 1539 335 1600 illis
365 1540 422 1600 erit
449 1541 596 1618 promissa
631 1560 680 1602 res
709 1561 725 1601 a
753 1540 861 1630 quibus
890 1541 1027 1603 Clrristus
1061 1541 1224 1604 ridebatur.
1275 1540 1321 1604 Sit

147 1639 233 1718 plane
262 1640 318 1713 ita,
352 1648 385 1700 ut
413 1639 471 1701 ³'et
499 1640 534 1701 ad
563 1659 619 1701 nos
649 1642 750 1703 eadem
779 1661 849 1721 spes
877 1641 947 1702 inde
974 1643 1147 1703 manaverit.
1197 1642 1271 1704 Nam
1294 1643 1321 1706 si

150 1740 333 1813 ridentibus,
367 1740 527 1803 etidcirco
550 1742 756 1814 credentibus,
789 1744 944 1804 lructuosa
973 1751 1043 1803 tunc
1063 1741 1209 1804 ³⁹luerunt
1230 1761 1321 1822 opera

155 1841 244 1901 carnis
265 1848 354 1919 atque
376 1841 508 1914 animae,
530 1842 623 1903 multo
647 1844 740 1921 magis
757 1843 854 1905 nobis.
892 1842 1052 1904 Feliciores
1069 1842 1165 1914 enim,
1187 1842 1320 1922 ”inquit
1334 1867 1459 1922 unm,

159 1941 281 2017 quinon
302 1941 468 2002 “viderunt
489 1950 519 2003 et
539 1942 702 2013 ‘'credunt,
726 1944 856 2022 quando,
880 1952 909 2004 et
931 1942 957 2003 si
974 1944 1032 2004 illis
1050 1950 1209 2022 negaretur
1223 1944 1321 2006 carnis

161 2042 344 2115 resurrectio,
366 2051 445 2102 certe
467 2042 649 2104 felicioribus
673 2045 874 2125 competisset.
927 2044 1085 2117 Quomodo
1108 2044 1186 2106 enim
1209 2043 1321 2119 felices,

106 2195 108 2224 ;
165 2140 233 2202 sier
253 2152 337 2222 parte
358 2141 506 2223 perituri?

234 2242 292 2304 Sed
314 2252 346 2304 ct
367 2243 527 2322 'praecipit
548 2263 615 2305 eum
638 2245 737 2324 potius
761 2244 923 2305 timendum
940 2245 990 2323 qui
1004 2244 1133 2324 ²corpus
1149 2251 1179 2305 et
1193 2244 1474 2317 animamcnpmr.

106 2363 110 2402 r
171 2341 262 2403 occidat
281 2344 312 2404 in
334 2344 514 2421 gebennam,
537 2345 567 2405 id
591 2354 636 2405 est
658 2345 810 2405 dominum
833 2344 946 2418 solum,
976 2364 1037 2406 non
1060 2346 1108 2424 qui
1131 2363 1241 2425 corpus
1264 2352 1473 2406 colluti-m

173 2436 260 2515 tidem,
287 2443 404 2505 animae
426 2452 523 2505 autem
547 2444 618 2504 nihil
641 2462 751 2504 nocere
773 2445 910 2524 possint,
938 2445 968 2505 id
998 2453 1045 2507 est
1066 2446 1209 2507 humanas
1231 2454 1320 2525 pote·

106 2537 115 2604 ἔ
174 2546 252 2604 statu.
292 2543 375 2605 Adeo
398 2543 447 2604 bic
468 2554 498 2605 et
519 2547 615 2605 anima
638 2545 812 2606 immortalis
840 2553 944 2605 natura
965 2544 1223 2624 ³recognoscitur,
1247 2563 1323 2625 quae
1425 2617 1428 2622 ,

106 2631 115 2710 J.
172 2653 217 2699 non
233 2643 328 2721 possit
349 2644 442 2705 occidi
464 2645 500 2705 ab
523 2645 710 2717 hominibus,
735 2653 765 2705 et
786 2646 884 2705 carnis
906 2663 973 2706 esse
988 2646 1213 2718 mortalitatem,
1237 2645 1322 2707 cuius

106 2721 120 2834 p.
175 2736 203 2798 tit
217 2743 336 2817 occisio,
359 2753 445 2823 atque
467 2745 507 2806 ita
524 2746 775 2807 resurrectionem
791 2763 910 2825 quoque
925 2753 1113 2807 mortuorum
1129 2746 1227 2807 carnis
1244 2764 1322 2819 esse,

106 2837 113 2935 ξ
175 2853 229 2914 qtae
246 2843 274 2906 in
297 2844 462 2923 gebennam
485 2845 543 2906 nisi
566 2846 739 2907 resuscitata
762 2864 824 2907 non
847 2845 956 2925 poterit
978 2846 1082 2908 occidi.
1124 2846 1182 2908 Sed
1204 2844 1321 2925 ‘quon-

106 2940 116 3003 ἶ
175 2934 215 3001 itu
232 2953 258 3005 et
279 2944 327 3007 bio
348 2945 385 3007 de
408 2947 649 3025 interpretatione
672 2948 807 3026 corporis
830 2946 964 3026 quaestio
991 2948 1155 3022 cavillatur,
1180 2966 1235 3025 ego
1251 2965 1321 3008 cor-

174 3054 213 3113 pus
229 3044 355 3106 bominis
378 3065 438 3107 non
461 3047 538 3107 aliud
562 3048 728 3125 intellegam
744 3067 831 3126 quam
847 3066 965 3109 omnem
982 3049 1067 3108 istam
1083 3057 1196 3109 struem
1212 3047 1322 3121 carnis,
1365 3123 1373 3137 Ι

175 3136 284 3224 ’quoquo
307 3165 418 3225 genere
440 3148 628 3208 materiarum
652 3149 848 3208 concinnatur
864 3157 952 3227 atque
967 3149 1111 3220 variatur,
1135 3147 1212 3226 quod
1236 3148 1321 3209 vide-

176 3246 220 3316 tur,
239 3246 314 3326 quod
336 3255 471 3321 tenetur,
505 3248 585 3327 quod
608 3249 735 3326 denique
757 3248 793 3307 ab
816 3247 987 3307 bominibus
1017 3246 1170 3307 occiditur.
1215 3247 1264 3308 Sic
1292 3255 1323 3307 et

175 3344 270 3416 nuens
293 3365 403 3426 corpus
426 3367 486 3408 non
515 3348 593 3409 aliud
621 3347 772 3408 admittam
804 3365 891 3425 quam
920 3355 1088 3417 caementa,
1122 3363 1208 3423 quam
1241 3363 1321 3417 sara,
1419 3384 1425 3393 -

175 3457 238 3518 uam
257 3448 376 3509 lateres.
421 3448 452 3507 Si
475 3449 542 3526 quis
565 3467 704 3508 arcanum
728 3447 846 3525 aliquod
875 3464 983 3525 corpus
1013 3445 1139 3515 inducit,
1174 3444 1322 3518 ostendat,

174 3546 273 3623 ttrelet,
296 3547 420 3628 ‘probet
440 3549 537 3628 ipsum
561 3567 629 3609 esse
652 3548 739 3608 etiam
762 3547 840 3626 quod
864 3546 1014 3607 occidatur
1029 3545 1065 3606 ab
1081 3544 1217 3616 homine,
1241 3553 1271 3605 et
1286 3544 1324 3606 de

175 3639 209 3704 illo
227 3649 280 3710 etit
300 3649 421 3711 dictum.
455 3650 528 3709 ltem
545 3650 571 3709 si
587 3650 701 3708 animae
718 3658 844 3726 corpus·
857 3645 1054 3725 'opponitum
1077 3644 1190 3705 vacabit
1204 3645 1323 3706 astutia.

106 3801 107 3805 ,
175 3740 225 3808 Cum
245 3750 322 3811 enim
345 3758 504 3827 unumque
532 3749 727 3828 proponitur,
762 3766 871 3827 corpus
899 3756 987 3825 atque
1015 3745 1142 3806 animam
1171 3743 1264 3805 occidi
1292 3743 1323 3804 in

174 3845 330 3924 gebennam,
365 3850 556 3928 distinguitur
584 3867 693 3928 corpus
722 3848 758 3909 ab
787 3849 898 3921 anima,
928 3854 958 3907 et
979 3846 1155 3925 relinquitur
1175 3844 1324 3923 'intellegi

106 3998 109 4003 '
175 3988 201 4041 ²⁹·
215 4001 264 4062 quia
282 4016 328 4051 nec
346 4003 473 4065 quicquam
493 4018 536 4050 om.
550 4001 642 4051 Addat.
676 4000 772 4049 Addidit
790 4014 817 4047 eu
834 4000 903 4047 eobo
921 4000 949 4048 de
967 3999 1017 4049 eod.
1037 3999 1069 4048 lo.
1090 3999 1209 4048 Clementis
1225 3999 1325 4061 primum

107 4118 110 4123 ,
175 4058 269 4116 ludos.
322 4068 363 4118 30.
382 4070 467 4131 Atquin
485 4070 558 4118 dlicd.
578 4076 623 4117 tres
644 4068 754 4116 Vaticani.
790 4067 858 4127 liqut
876 4068 969 4129 reliqui.
1020 4064 1061 4114 at.
1080 4065 1224 4115 lloedlido.
1260 4064 1325 4113 llaec

175 4128 245 4194 “liqui
295 4135 336 4186 32
356 4137 442 4197 aspicit
459 4136 534 4184 lota.
576 4136 638 4183 ridet
661 4136 754 4198 reliqui.
817 4131 858 4181 33,
884 4132 1013 4181 novissimo
1036 4133 1080 4181 dli.
1139 4131 1179 4181 34.
1199 4131 1280 4195 utique
1299 4130 1324 4178 R.

106 4206 116 4227 *
177 4189 204 4244 ³5·
217 4204 291 4261 priora
311 4205 333 4252 b.
374 4202 415 4252 36.
435 4203 498 4251 lilius
513 4203 674 4266 aspiciebatur
686 4201 881 4262 dlidmgomgbed.
918 4200 981 4248 lilius
996 4199 1100 4248 bominis
1113 4198 1275 4263 rspiciebatnr
1285 4198 1325 4247 dn.

111 4282 118 4291 ·
178 4256 289 4318 llario·
307 4270 353 4320 Ao.
416 4268 457 4318 38.
477 4279 500 4317 et
518 4272 597 4319 om.d.
650 4268 691 4317 39.
717 4268 805 4316 luerint
822 4269 847 4316 Α.
867 4268 927 4326 eod,
948 4267 980 4315 lo.
999 4267 1127 4316 Clementis.
1180 4265 1220 4314 to.
1248 4265 1326 4329 inquit

179 4334 303 4443 Kamai.
344 4338 440 4387 Addidit
466 4339 493 4385 de
518 4339 569 4387 cod.
594 4338 626 4385 lo.
642 4337 761 4385 Clunentis
783 4336 884 4398 primum
900 4334 1021 4383 Pomelius.
1080 4333 1121 4382 lt.
1145 4333 1225 4382 rident
1246 4332 1325 4382 Aaou

220 4402 309 4452 credent
326 4403 385 4454 acl.

105 4462 118 4498 ἶ
229 4466 280 4531 Cap.
298 4470 380 4520 xxxv.
429 4471 450 4520 l.
476 4471 599 4533 proecepit
615 4471 641 4519 B.
702 4467 725 4517 2.
752 4475 776 4517 et
799 4482 887 4531 eorpus
909 4467 953 4517 All.
1014 4465 1037 4515 3.
1061 4467 1215 4528 cognoscitur
1232 4470 1257 4516 l.
1299 4463 1325 4514 t.

184 4536 288 4586 lltttlll.
339 4538 363 4587 b.
383 4552 555 4601 qnoqnoquam
573 4540 599 4587 t.
651 4536 676 4585 6.
695 4543 718 4584 et
736 4535 823 4599 probet
841 4535 884 4584 lt.
937 4532 961 4581 Ἰ.
980 4535 1081 4598 opponit
1099 4536 1133 4585 be.
1175 4532 1199 4583 8.
1218 4530 1324 4593 intellegi

106 4602 125 4635 ²·
187 4603 314 4656 eiflttbcd.
351 4619 440 4668 corpus
461 4604 566 4665 intellegi
585 4606 609 4653 Α.
646 4618 743 4666 corpus.
768 4602 878 4662 lntellige
895 4601 989 4664 reliqui.

189 4694 348 4834 itiipsexpffi
390 4721 412 4755 a.
436 4707 529 4755 animae
554 4700 654 4769 corpus]
685 4705 737 4754 llos
754 4710 791 4753 est
815 4717 903 4766 corpus
922 4702 987 4766 qood
1004 4703 1083 4752 enimn
1101 4702 1181 4762 babet,
1205 4700 1234 4748 da
1253 4710 1325 4761 pm·
