3242 5775
302 615 365 678 346
559 630 659 682 norum
684 629 814 673 sarrnm
837 628 1002 674 monearis
1024 628 1221 672 raaronmaar

302 789 400 844 autem
423 786 519 842 status
542 779 608 842 talis
631 788 688 841 est.
729 779 824 860 Igitur
843 779 898 840 ⁶ex
921 777 1038 841 duobus
1061 765 1209 851 aeternis,
1237 785 1270 839 ut
1291 777 1422 852 innatis,
1443 787 1479 841 ut
1506 807 1519 852 r

222 935 225 941 .
301 882 434 951 iniectis,
458 883 514 943 deo
536 890 624 961 atque
645 881 800 954 'materia,
824 880 862 941 ob
879 880 1002 941 eandem
1024 879 1170 940 rationem
1185 880 1353 941 communis
1370 888 1476 953 status,
1502 911 1519 954 p

302 1004 337 1047 ax
360 1002 455 1063 aequo
477 982 655 1044 habentibus
684 984 713 1044 id
742 982 821 1063 quod
850 999 946 1059 neque
968 980 1109 1042 ⁸diminui
1136 998 1193 1042 nec
1220 980 1316 1043 subici
1337 982 1478 1056 admittit,
1501 1007 1524 1062 a„

250 1087 252 1091 ’
301 1086 401 1148 idest
427 1074 665 1155 'aeternitatem
697 1094 836 1144 neutrum
864 1081 990 1143 dicimus
1019 1080 1112 1142 altero
1141 1100 1210 1143 esse
1238 1082 1386 1144 minorem
1413 1082 1478 1144 sire
1495 1117 1524 1166 a,

301 1186 460 1257 maiorem,
496 1193 632 1245 nentrum
656 1183 749 1244 altero
772 1182 960 1245 humiliorem
984 1182 1047 1243 sive
1074 1184 1278 1261 superiorem,
1312 1183 1367 1244 sed
1395 1192 1477 1244 stare
1492 1217 1521 1267 ,p

301 1287 388 1350 ambo
410 1305 446 1348 ex
467 1284 530 1365 pari
542 1277 674 1362 magna,
697 1303 733 1344 ex
754 1285 818 1362 pari
841 1283 994 1357 sublimia,
1017 1302 1052 1344 er
1074 1285 1137 1363 pam'
1153 1284 1266 1345 solidae
1284 1292 1315 1345 et
1326 1284 1475 1363 perlectae
1495 1270 1524 1371 ᾗ

225 1442 227 1445 .
301 1386 465 1456 felicitatis,
498 1404 573 1463 quae
601 1394 740 1446 censetur
766 1386 946 1447 aeternitas,
986 1383 1088 1463 Neque
1111 1383 1191 1446 enim
1212 1384 1340 1464 proximi
1362 1384 1474 1446 crimus
1497 1411 1524 1474 p„

301 1488 493 1569 opinionibus
524 1486 696 1558 nationum,
730 1504 805 1565 quae
835 1486 862 1547 si
893 1485 1009 1565 qnando
1037 1494 1184 1564 coguntur
1210 1486 1298 1546 deum
1328 1484 1475 1560 confiteri,
1496 1526 1522 1583 ,p

301 1599 399 1652 tamen
428 1598 458 1650 et
480 1587 554 1649 alios
582 1587 657 1648 inira
686 1586 768 1647 illum
798 1587 910 1649 volunt.
964 1584 1106 1647 Divinitas
1134 1598 1234 1648 autem
1260 1586 1384 1665 gradum
1415 1604 1476 1649 non
1491 1624 1524 1680 ,p

300 1692 404 1763 babet,
429 1696 531 1768 utpote
553 1687 654 1759 unica,
678 1705 753 1766 quae
774 1687 800 1749 si
823 1697 854 1748 et
875 1687 905 1749 in
927 1688 1050 1749 materia
1073 1688 1143 1760 erit,
1173 1696 1205 1749 ut
1226 1688 1353 1767 proinde
1376 1688 1480 1750 innatt
1493 1723 1522 1776 ,Γ

302 1802 332 1855 et
353 1792 460 1853 inlecta
481 1789 539 1850 ¹⁰et
559 1796 696 1861 aeterna,
722 1788 819 1849 aderit
839 1788 1015 1868 utrobique,
1046 1788 1114 1869 quia
1144 1790 1241 1850 minor
1267 1808 1301 1850 se
1327 1807 1514 1880 nusquam„

300 1893 412 1975 poterit
433 1908 513 1953 esse.
546 1890 705 1963 Quomodo
728 1908 799 1968 ergo
822 1890 992 1951 discernere
1008 1889 1128 1951 audebit
1142 1890 1364 1984 Hermogenes,
1383 1899 1517 1983 atque]n

300 1996 339 2058 ita
363 1992 498 2055 subicere
518 1990 575 2051 deo
591 1990 757 2064 materiam,
780 1999 931 2052 aeternam
946 2000 1084 2065 aeterno,
1108 1992 1236 2053 innatam
1251 1992 1369 2065 innato,
1393 1992 1524 2089 ”at-25

302 2096 423 2158 ctricem
445 2089 583 2153 auctori?
615 2091 715 2153 dicere
737 2090 939 2166 ¹²audentem,
966 2092 1006 2153 Et
1026 2110 1081 2171 ego
1104 2093 1214 2173 prima,
1249 2103 1280 2154 et
1300 2092 1384 2171 ¹³ego
1407 2102 1524 2190 ants„a

302 2198 416 2268 omnia,
439 2202 470 2255 et
492 2193 573 2272 ¹‘ego
594 2210 611 2254 a
633 2211 689 2271 qua
714 2192 829 2267 omnia3
860 2211 949 2273 pares
971 2193 1099 2268 luimus,
1128 2194 1216 2256 simul
1238 2195 1364 2268 inimus,
1387 2193 1475 2256 ambo
1497 2226 1524 2291 p·

300 2298 366 2362 sine
388 2296 490 2367 initio,
524 2294 617 2358 ¹⁸sinc
645 2294 720 2367 bne,
753 2293 841 2356 ambo
864 2294 931 2355 sine
953 2304 1090 2369 auctore,
1126 2296 1191 2356 sine
1213 2294 1281 2357 deo.
1327 2296 1403 2369 Quis
1424 2313 1510 2390 rue-4

288 2399 403 2468 ‚¹⁶deus
426 2396 534 2458 subicit
548 2395 778 2475 contemporali,
800 2393 985 2457 coaetaneo?
1012 2395 1044 2457 Si
1059 2395 1127 2475 quia
1142 2396 1216 2457 dens
1232 2397 1355 2470 dicitur,
1378 2395 1478 2458 babeo
1494 2447 1524 2492 L

302 2509 333 2562 et
353 2519 409 2579 ego
432 2516 530 2559 meum
551 2515 671 2558 nomen.
714 2497 773 2557 but
793 2514 848 2575 ego
871 2515 937 2558 sum
965 2496 1039 2558 deus
1063 2496 1141 2559 ”aut
1163 2497 1210 2558 ille
1233 2498 1374 2572 materia,
1406 2497 1477 2577 quie
1498 2554 1524 2585 ᾧ..

254 2589 261 2598 “
301 2600 388 2663 ambo
412 2617 515 2660 sumus
537 2598 617 2677 quod
638 2599 713 2658 alter
740 2607 786 2659 est
806 2606 955 2659 nostrum.
1009 2598 1100 2659 Putas
1122 2597 1219 2677 itaque
1241 2599 1395 2661 materiam
1417 2598 1475 2661 deo

301 2719 363 2765 non
384 2718 590 2780 comparasse,
613 2717 699 2778 quam
721 2698 833 2761 scilicet
855 2699 981 2761 subiciat
1002 2697 1068 2761 tltit
1507 2771 1511 2776 .

171 2813 285 2872 capum.
386 2802 493 2881 Atquin
516 2801 604 2861 etiam
626 2800 783 2880 praeponit
803 2800 883 2862 ibam
906 2801 962 2861 deo
985 2808 1015 2861 et
1036 2800 1125 2861 deum
1153 2800 1254 2879 potius
1277 2800 1388 2862 subicit
1407 2819 1474 2863 ma-

299 2904 407 2975 teriae,
441 2921 507 2964 cum
536 2901 597 2962 vult
624 2921 692 2963 enm
721 2903 758 2964 de
779 2902 900 2964 materia
923 2910 1026 2964 cuncta
1048 2904 1165 2964 iecisse.
1209 2902 1242 2963 Si
1265 2902 1345 2963 anim
1367 2922 1403 2964 ex
1424 2902 1480 2965 itte-

300 3024 373 3068 usus
395 3005 499 3065 estad
523 3021 613 3082 opera
634 3003 753 3077 mundi,
775 3003 834 3064 iam
856 3012 886 3064 et
907 3003 1030 3065 materia
1052 3004 1192 3083 superior
1210 3003 1378 3076 invenitur,
1399 3022 1478 3084 quae
1510 3022 1524 3027 ·

298 3105 340 3168 illi
363 3105 476 3185 copiam
500 3103 642 3183 operandi
663 3103 912 3177 subministravit,
941 3112 971 3166 et
991 3104 1066 3165 deus
1089 3104 1242 3167 subiectus
1264 3104 1405 3166 materiae
1427 3104 1474 3166 ri·

298 3206 402 3279 detur,
435 3206 519 3268 cuius
542 3204 727 3266 substantiae
749 3205 837 3283 eguit.
881 3205 975 3266 Nemo
998 3205 1076 3267 enirn
1099 3223 1159 3266 non
1182 3213 1250 3284 eget
1271 3224 1307 3266 eo
1330 3205 1368 3267 de
1390 3206 1478 3271 oui!

299 3308 409 3381 latitur3
440 3326 529 3369 nemo
559 3325 620 3368 non
641 3304 795 3368 subicitur
824 3306 870 3367 ¹ei
897 3307 982 3367 cuius
1011 3314 1078 3385 eget
1104 3315 1137 3394 ut
1158 3306 1257 3385 possit
1278 3307 1336 3368 nti:
1370 3307 1417 3370 eie
1444 3314 1489 3370 st·

299 3428 387 3472 nemo
410 3409 448 3471 de
469 3408 567 3470 alieno
590 3406 700 3468 utendo
723 3425 783 3467 non
807 3406 905 3468 minor
927 3417 975 3468 est
988 3426 1024 3468 eo
1040 3408 1077 3468 de
1093 3407 1177 3468 cuins
1198 3409 1306 3482 utitur,
1329 3416 1361 3470 et
1374 3425 1488 3485 nemo,

298 3510 349 3589 qui
371 3517 502 3589 praestat
523 3508 560 3571 de
582 3526 639 3569 suo
661 3509 721 3580 uti,
752 3525 814 3568 non
836 3507 866 3568 in
888 3507 947 3569 boc
967 3506 1124 3589 'superior
1145 3516 1193 3569 est
1214 3528 1250 3570 eo
1273 3508 1319 3570 cui
1341 3516 1499 3590 praesu:

298 3610 352 3672 uti.
385 3611 487 3690 ltaque
508 3608 629 3670 materia
650 3607 716 3687 ipsa
738 3608 857 3688 quidem
879 3608 936 3670 deo
959 3626 1020 3671 non
1042 3609 1138 3688 eguit,
1162 3609 1215 3671 sed
1237 3608 1354 3688 'egenti
1368 3629 1403 3673 se
1417 3610 1498 3675 de·

298 3711 461 3790 praestitit,
483 3710 619 3770 ‘divitem
641 3718 672 3770 et
691 3708 869 3789 locupletem
891 3718 921 3771 et
940 3708 1108 3783 liberalem,
1130 3710 1274 3784 ‘minori,
1296 3710 1425 3790 umber,
1444 3716 1514 3774 et

298 3809 425 3871 invalido
446 3810 494 3869 ‘et
515 3810 613 3870 minus
636 3809 744 3871 idoneo
767 3808 804 3870 de
827 3809 920 3871 nihilo
943 3812 1041 3872 lacere
1064 3829 1139 3890 quae
1160 3811 1240 3873 velit
1280 3811 1402 3874 Grande
1422 3827 1515 3875 νου·

298 3928 366 3971 vera
394 3909 568 3971 beneficium
601 3909 657 3971 deo
689 3909 829 3983 contulit,
863 3918 895 3972 ut
922 3911 1045 3973 baberet
1073 3911 1163 3974 bodie
1195 3931 1250 3993 per
1281 3931 1370 3992 quem
1399 3914 1524 3977 dena

298 4018 529 4088 cognosceretur
550 4020 580 4071 et
602 4010 792 4090 omnipotens
815 4019 985 4085 vocaretur,
1018 4011 1076 4074 nisi
1104 4013 1184 4092 qnod
1206 4015 1265 4075 iam
1286 4030 1347 4075 non
1372 4016 1469 4077 corni
1483 4038 1524 4059 ··

296 4117 421 4190 potens,
445 4110 471 4170 si
493 4127 553 4171 non
577 4119 606 4172 ct
628 4111 686 4172 boc
706 4121 830 4192 potens,
857 4131 893 4174 cx
914 4112 1007 4175 nibilo
1031 4112 1130 4175 omnia
1150 4115 1298 4193 prolerre.
1343 4114 1424 4178 Sane
1444 4112 1524 4189 οἱ,

296 4227 320 4278 6.
339 4243 366 4278 er
384 4231 410 4278 t.
451 4237 475 4279 et
491 4231 583 4294 reliqui
642 4229 666 4280 l.
686 4232 785 4281 materis
803 4235 838 4293 a,
857 4232 896 4281 m.
910 4232 997 4301 laotos.
1039 4233 1155 4282 materiae
1176 4233 1271 4298 reticeri.
1329 4233 1354 4285 ἃ
1373 4220 1524 4285 troiad

296 4310 341 4345 nec
358 4297 440 4346 orttl.
492 4297 516 4346 9.
536 4298 684 4347 aeternitatis
702 4301 728 4349 Α.
782 4298 822 4348 10.
848 4307 874 4348 st
896 4301 1127 4351 aeternae'aderiot
1143 4300 1171 4349 Δ.
1186 4301 1373 4353 Patmiaeeeria
1391 4302 1524 4353 M

296 4364 337 4413 ll.
355 4366 470 4414 nutricem
491 4367 567 4414 autori
586 4366 630 4414 AB.
685 4364 724 4414 12.
744 4366 872 4416 habentem
891 4375 991 4430 etergo
1010 4373 1036 4418 Δ.
1095 4365 1136 4417 13.
1154 4382 1213 4431 ergo
1231 4371 1256 4418 A.
1311 4369 1352 4420 il.
1370 4383 1429 4432 erto
1456 4358 1524 4413 -Ᾰ

298 4432 337 4480 15.
357 4432 428 4480 ambo
446 4434 499 4481 sine
516 4434 542 4482 Α.
596 4432 634 4482 16.
654 4432 965 4486 neocaesareenses.
996 4435 1123 4500 Nonopsa
1141 4443 1183 4485 ert
1237 4436 1278 4487 17.
1298 4435 1524 4489 ermini-¹

296 4499 349 4550 Nor
366 4514 424 4563 opus
443 4506 485 4549 ert.

363 4566 422 4630 Cap.
440 4567 500 4615 lllll.
537 4567 559 4615 l.
578 4575 602 4616 et
620 4567 650 4617 de
668 4568 737 4617 coins
755 4567 895 4630 otlegai.
955 4567 979 4620 2.
998 4584 1046 4619 non
1064 4571 1178 4634 superior
1195 4570 1222 4620 B.
1256 4571 1524 4636 Nerutmpfl

293 4650 355 4686 mam
372 4638 442 4684 erosit
453 4635 573 4683 llbeaonor
591 4650 621 4684 er
638 4638 775 4686 anctoritate
792 4637 881 4687 codicis
895 4638 1036 4689 Gorrienrir.
1088 4637 1113 4687 3.
1131 4639 1211 4700 egenti
1228 4653 1257 4688 se
1274 4640 1321 4690 ‹leo
1339 4641 1374 4699 ab,
1386 4637 1451 4688 rr-
1479 4628 1524 4681 ΙΙ

292 4705 354 4763 nius,
374 4703 438 4751 Folo.
454 4702 558 4751 Ursinus.
594 4703 690 4763 eguisse
708 4718 735 4752 se
753 4704 799 4753 deo
818 4705 932 4755 Latinior.
974 4707 1069 4766 egnisse
1087 4706 1133 4755 deo
1150 4705 1239 4757 Ababa
1290 4707 1316 4757 4.
1334 4706 1481 4756 divitem

293 4769 439 4834 locupletem
464 4776 488 4819 et
510 4769 637 4819 liberalem
661 4770 830 4829 (liberaret.)
854 4773 905 4833 Aa,
929 4773 993 4823 Folo.
1011 4774 1116 4823 lireioar.
1160 4773 1233 4824 divite
1257 4782 1280 4825 et
1304 4774 1477 4838 locuplet-

293 4837 389 4887 liberali
407 4838 476 4889 saar.
528 4837 552 4887 5.
571 4839 640 4886 unica
659 4840 683 4888 et.
736 4838 760 4888 6.
780 4847 803 4889 et
822 4840 901 4889 minus
919 4843 999 4890 omi.
