3242 5775
726 467 768 550 ⁰¹.
786 467 888 513 serus.
1331 459 1395 526 045

220 635 324 702 sgr-nm
346 623 467 698 urgent,
490 616 620 697 naviget,
643 616 752 697 litiget,
774 616 883 693 nubet,
910 617 1042 694 teboret,
1074 619 1276 701 aegritudines
1296 621 1395 702 obest,

221 729 251 783 et
270 727 475 799 quaecumque
506 716 584 779 iiiam
612 736 679 780 cum
706 718 892 800 temporibus
919 717 1079 782 manebant
1106 720 1204 784 tristis
1231 738 1267 785 ae
1293 721 1395 788 lsetsi

222 821 281 882 Sed
303 821 378 881 baec
399 817 465 880 sine
487 836 613 897 corpore
634 819 784 897 quomodo
800 817 1030 899 transigentur?
1050 819 1108 883 rita
1130 820 1196 884 siue
1216 821 1303 886 vitet
1333 823 1396 888 ese

221 939 310 983 sacua
333 927 422 981 erunt
441 928 576 999 tempora
598 919 665 981 solo
692 920 822 982 decursu
850 919 1047 1001 adimplenda.
1091 922 1171 996 Quid
1193 941 1265 1003 ergo
1286 923 1404 1004 probi-

219 1023 269 1085 bet
291 1020 369 1101 apud
391 1020 504 1081 interos
527 1038 561 1081 ea
583 1019 717 1101 impleri,
745 1020 796 1083 ubi
818 1020 943 1100 perinde
964 1021 1064 1084 nullus
1086 1031 1229 1086 retusus
1249 1023 1396 1089 diorum?

217 1123 260 1185 ita
283 1122 412 1184 dicimus
434 1138 552 1181 omnem
575 1120 722 1194 animam,
745 1138 861 1201 quaque
883 1131 979 1185 aetate
1001 1121 1179 1196 decesserit,
1201 1123 1233 1186 in
1255 1143 1291 1187 ea
1313 1131 1394 1189 sture
1448 1149 1451 1161 ·
1495 1113 1497 1118 ’

217 1223 254 1285 ad
278 1240 347 1285 eum
369 1221 447 1283 diem
470 1238 565 1300 usquc
587 1240 647 1300 quo
668 1223 832 1302 perfectum
855 1223 926 1286 iliud
947 1223 1166 1304 repromittitur
1186 1225 1223 1287 ad
1244 1225 1395 1306 mgeiicse

217 1322 426 1408 plenitudinis,
445 1340 615 1399 mensuram
648 1330 854 1403 temperatum.
908 1323 1037 1386 Proinde
1067 1322 1232 1388 ³⁴extorres
1264 1326 1394 1390 indorum

217 1425 406 1486 habebuntur
427 1440 500 1503 quas
522 1423 549 1483 vi
569 1432 687 1504 ereptus
709 1423 906 1497 arbitrsntur,
933 1421 1121 1504 “praecipuo
1146 1444 1202 1506 per
1221 1426 1394 1492 atrocitates

218 1525 450 1605 suppliciorum,
485 1523 582 1585 erucis
611 1523 678 1585 dico
709 1533 739 1584 et
766 1526 882 1586 securis
911 1533 942 1587 et
968 1524 1055 1604 giadii
1078 1533 1108 1587 et
1128 1526 1226 1600 isram
1258 1545 1315 1591 nee
1340 1527 1393 1592 isu'

217 1636 331 1707 porros
354 1625 451 1686 esitus
473 1624 594 1686 violenti
615 1643 693 1703 quus
714 1624 828 1687 iustitia
850 1625 999 1698 decernit,
1020 1625 1177 1688 violentias
1198 1627 1316 1690 vindex.
1353 1627 1394 1690 lit

216 1727 303 1800 ideo,
326 1724 461 1805 inquies,
483 1725 626 1787 scelestae
647 1743 782 1806 quaeque
803 1726 918 1788 animae
939 1725 1043 1788 inieris
1065 1709 1221 1789 “etnim
1257 1726 1392 1790 Alterum

216 1845 289 1907 ergo
312 1825 478 1888 constituas
500 1827 662 1906 compello,
684 1826 765 1889 ⁸'aut
784 1826 883 1889 bonos
906 1826 1020 1888 inieroe
1042 1834 1094 1888 aut
1107 1825 1212 1889 mulos.
1246 1826 1279 1890 Si
1294 1825 1391 1892 msice

215 1929 329 2009 piacet,
351 1927 411 1989 ”et
431 1927 489 1988 iam
504 1926 692 2007 praecipituri
706 1927 774 1990 illuc
788 1927 903 1989 animae
918 1927 1066 2006 pessimae
1087 1926 1212 1990 debent:
1233 1927 1260 1991 si
1280 1927 1391 2004 bouus,

215 2015 369 2091 curidem
391 2027 505 2090 animas
528 2029 701 2090 immaturas
723 2036 754 2090 et
773 2027 914 2108 innuptas
941 2037 971 2089 et
996 2046 1052 2108 pro
1080 2027 1257 2094 condicione
1283 2029 1389 2093 notetis

215 2143 307 2209 purus
330 2137 360 2190 et
380 2129 524 2191 innocuas
547 2129 664 2190 interim
686 2127 852 2208 ”indignas
874 2127 978 2189 inieris
1000 2125 1139 2191 iudices?
1327 2133 1333 2142 '
1471 2107 1474 2120 ¹

300 2231 360 2292 dut
379 2229 523 2309 optimum
546 2237 593 2292 est
613 2229 662 2291 hic
682 2227 803 2291 retineri
826 2229 989 2291 secundum
1004 2228 1137 2303 'aurosa
1159 2235 1212 2291 aut
1224 2228 1529 2310 peninoncnnvu

217 2331 381 2393 secuudum
403 2330 660 2403 'biaeothanatos
684 2338 716 2391 ut
737 2329 811 2409 ipsis
833 2325 891 2392 iam
907 2328 1056 2391 vocabulis
1070 2338 1138 2392 utar
1150 2328 1258 2410 quibus
1277 2313 1391 2394 austris

217 2430 392 2512 opinionum
414 2430 538 2493 istarum
559 2430 672 2511 'magia
687 2438 791 2505 sonst,
813 2430 980 2494 ‘Ostanes'³
1002 2439 1033 2493 et
1047 2429 1174 2511 Typhon
1191 2439 1222 2494 ot
1234 2429 1388 2495 liuderus
1430 2459 1435 2472 =

217 2616 257 2668 tt
276 2633 323 2668 nec
340 2625 448 2668 smurres
472 2619 504 2678 t,
528 2632 579 2668 can
596 2618 677 2667 isirin
696 2617 788 2667 Ursino.
846 2614 889 2666 33.
905 2616 1035 2681 praecipue
1061 2616 1188 2668 stroeitste
1208 2617 1307 2682 mat.
1346 2616 1389 2674 bd.

216 2687 322 2735 esuitnnt
339 2688 389 2748 tp.
442 2684 483 2735 di.
501 2692 542 2733 aut
560 2684 638 2742 bonos
656 2692 697 2733 rut
716 2684 794 2733 maios
810 2683 903 2734 interos
920 2685 983 2747 (dd.)
1034 2682 1076 2738 38.
1094 2681 1166 2735 etiem
1182 2685 1245 2748 m.
1290 2683 1333 2736 33.
1350 2685 1392 2736 is·
1501 2739 1504 2750 ¹

217 2753 301 2815 dignes
325 2751 410 2802 inieris
433 2751 525 2801 iudices
549 2754 580 2813 b.,
604 2752 742 2813 Friunies,
761 2752 827 2802 Fsir.
842 2751 949 2802 Ursitttss.
993 2750 1079 2814 diguus
1101 2749 1188 2803 inieris
1212 2751 1306 2802 iudices
1328 2751 1392 2804 ΔΜ.

217 2821 403 2883 discutereris
421 2834 469 2870 non
488 2819 579 2869 iudicss
597 2836 620 2870 o.

283 2887 429 2953 captiti.
468 2888 489 2938 l.
508 2902 580 2937 aoros
599 2887 709 2950 Bntpdub.
744 2886 849 2937 ecboros
866 2887 927 2947 (be.
941 2886 1097 2947 eborosidd.
1138 2883 1163 2936 2.
1180 2884 1390 2941 btseosbmstot.

218 2955 240 3005 3.
258 2958 336 3019 meeis
354 2958 395 3006 db.
430 2955 522 3017 magica
540 2956 598 3005 ece.
649 2954 674 3004 4.
692 2955 796 3005 Ostanes
816 2955 839 3005 0.
875 2961 1024 3004 ostentantes
1040 2953 1084 3005 dd.
1119 2954 1240 3005 destrues
1257 2956 1296 3007 eb.

219 3134 286 3186 estat,
317 3125 404 3175 cedere
430 3124 533 3174 debebat
559 3123 636 3173 dativo
663 3125 775 3172 iuventae.
828 3119 921 3185 csp.b:
945 3120 1097 3181 „Ertrsueus
1119 3120 1150 3170 sb
1174 3119 1293 3171 ecciesise
1309 3120 1391 3171 meie-

220 3194 351 3251 ..Senectus
375 3192 526 3256 ponderatr‘⁸
554 3192 609 3240 item
635 3191 673 3238 Fr.
692 3191 775 3238 iunius
828 3196 876 3237 tate
894 3188 956 3237 inter
973 3190 1122 3239 biotirnsotoe
1138 3185 1291 3251 reputatur.“
1314 3186 1390 3237 Gunt-

220 3270 280 3311 rscte
298 3261 485 3322 interpretetur:
510 3256 572 3322 „spi
593 3249 667 3322 γήρᾳ
691 3254 776 3303 orod-
828 3254 1016 3304 medieninstr.
1036 3255 1054 3314 Ι,
1067 3253 1147 3313 tte:
1165 3253 1276 3313 „Secede
1288 3252 1390 3314 abistis,

218 3323 363 3394 μιζομίνη,
390 3328 421 3376 ud
443 3335 556 3377 senectae
579 3327 672 3375 trucem
698 3338 776 3387 sppo·
828 3322 868 3385 qui
886 3319 1390 3384 suntiiotbusetiiscti.“„sdqusererbs

220 3396 288 3447 sits.‘·
827 3390 859 3439 ci.
877 3403 939 3452 quae
956 3388 1075 3437 suuotssi.
1117 3388 1169 3437 bct.
1186 3386 1274 3437 Getuiii
1298 3394 1322 3438 et
1345 3400 1390 3438 so·

248 3457 377 3527 sporro]
396 3461 477 3512 idest
495 3461 594 3519 etenim,
612 3467 643 3507 at.
679 3457 703 3507 V.
714 3472 775 3520 quse
827 3456 920 3506 ciorum
944 3463 1089 3518 martyrum:
1123 3454 1220 3514 „bitere
1243 3461 1325 3504 sutem
1348 3453 1391 3504 dis

220 3533 324 3580 annotari
343 3531 373 3579 sd
391 3529 533 3578 DeCoruns
551 3526 637 3591 capi.
664 3526 774 3588 Respou·
827 3523 944 3573 tdrisnne
971 3521 1095 3586 praecepit
1120 3534 1223 3585 corpore
1251 3534 1338 3582 eorum
1362 3521 1390 3572 is

220 3597 254 3647 det
271 3611 357 3647 eornm
375 3596 484 3661 opinioni
503 3597 542 3659 qui
561 3596 654 3644 enimus
670 3593 775 3642 sontium
827 3592 919 3640 iuream
937 3590 1010 3640 stum
1028 3589 1115 3653 proici,
1141 3597 1164 3640 et
1181 3588 1308 3652 pontidees
1325 3595 1388 3639 tens

220 3679 258 3726 per
287 3664 410 3729 supplicia
443 3672 539 3726 ereptas
568 3677 613 3726 per
639 3661 775 3709 violentiam
827 3659 924 3723 piorum
942 3665 1077 3722 posuerunt
1094 3654 1388 3706 uomeuiociiiiiustdd

219 3742 311 3795 ereptus
330 3739 422 3796 putant.
827 3733 920 3788 septem
949 3723 1127 3776 biotbonutos.“
1177 3724 1213 3775 Gi.
1238 3723 1274 3773 [iu
1305 3722 1389 3785 crusii

249 3801 307 3865 Cep.
326 3798 393 3848 titt.
429 3813 451 3848 s.
468 3797 601 3847 secundum
620 3790 705 3858 coros]
730 3793 777 3842 dut
827 3794 907 3844 Gioss.
926 3791 1171 3844 eleemosinis.
1191 3789 1279 3851 tomi,
1296 3788 1389 3855 poet.

218 3868 331 3930 optimum
358 3874 396 3915 est
424 3866 448 3915 in
476 3864 566 3914 mundo
594 3863 691 3913 retineri
721 3874 776 3909 cum
826 3876 846 3909 e.
865 3875 886 3909 r.
911 3868 935 3909 et
957 3860 1073 3923 Stepbsu.
1096 3859 1169 3911 Tbee.
1193 3859 1244 3909 bet.
1263 3858 1305 3910 Gr.
1328 3872 1350 3908 s.
1367 3872 1389 3911 s.

219 3936 278 3984 seris
296 3934 345 3984 i.e.
365 3936 491 3983 immature
507 3932 650 3996 praereptis,
668 3936 775 3991 rutpes·
826 3922 1044 3976 Βιαιοθανατέω.
1095 3927 1155 3977 Prse
1181 3925 1282 3991 reiiquis
1308 3933 1389 3977 sumn

217 4002 301 4051 sinum
321 4015 375 4052 cum
393 4000 576 4049 biaeothanatis.
600 4000 633 4048 be
652 3997 776 4046 biseotbr·
826 3995 952 4045 adeundus
979 4003 1016 4045 est
1038 3993 1173 4045 Ssimssins
1194 3994 1219 4053 iu
1237 3993 1316 4044 Soiin.
1333 4007 1389 4057 prs.

218 4070 283 4129 netis,
302 4068 338 4118 rei
358 4069 502 4118 biothanatis
512 4069 623 4131 (utraque
642 4065 705 4114 enim
724 4064 776 4112 ior·
828 4062 876 4112 tet
886 4077 934 4128 sq,
951 4062 992 4112 ubi
1004 4061 1097 4112 erudite
1107 4061 1241 4125 etcopiose
1257 4061 1289 4113 de
1302 4060 1388 4112 bisso·

218 4150 252 4185 nr
270 4138 293 4186 in
314 4152 359 4185 usu
378 4144 439 4197 erut,
458 4144 483 4184 ut
501 4135 593 4187 monuit
611 4135 656 4183 iam
673 4131 776 4180 Cassub.
827 4132 932 4181 manetis
949 4129 1065 4194 disputet.

217 4204 244 4252 sd
260 4204 360 4267 Seriptt.
380 4204 408 4252 Η.
418 4205 444 4252 d.
462 4218 486 4267 p.
497 4202 552 4251 157.
571 4202 666 4266 Lampr.
677 4198 776 4259 Eiueab.
861 4199 885 4247 b.
910 4191 1025 4262 Oetsnes]
1052 4195 1086 4245 [ie
1111 4195 1158 4246 boc
1179 4210 1201 4245 r.
1225 4194 1287 4245 Plio.
1311 4194 1340 4245 ii.
1357 4193 1388 4245 ii.

218 4286 266 4335 erp.
285 4270 338 4332 33.)
371 4270 468 4320 Servius
499 4271 521 4319 in
546 4269 633 4330 Verrii.
659 4264 776 4327 lV,³86:
827 4266 894 4326 XXX,
910 4265 931 4314 l.
958 4265 1064 4314 ideminit
1081 4262 1133 4313 eine
1151 4263 1222 4314 etism
1240 4261 1388 4314 ddiuuci'ei.

218 4338 320 4396 „bisunt
353 4338 444 4402 physici
472 4340 657 4387 biothanatorum
684 4334 776 4384 snimss
829 4347 881 4394 cap.
900 4331 941 4382 tt.
965 4332 1017 4393 (ubi
1041 4330 1094 4380 cod.
1119 4330 1242 4381 Perieiuus
1269 4330 1388 4381 sortbeses

219 4419 263 4456 non
281 4407 356 4470 recipi
375 4406 399 4455 in
419 4405 535 4466 originem
554 4403 775 4463 scamnisisspsu-
829 4399 941 4460 exbibet),
968 4407 992 4448 et
1013 4398 1137 4461 Augustis.
1162 4398 1189 4450 C.
1206 4398 1325 4449 Bousiist
1343 4395 1386 4446 iib.

218 4479 252 4522 tes
269 4473 403 4536 legitimum
422 4482 517 4535 tempus
536 4474 577 4520 isti
597 4470 777 4535 compleverint,
829 4469 866 4522 vi,
885 4484 938 4531 cup.
951 4467 994 4516 uit
1013 4466 1174 4516 Pbssorinus:
1192 4456 1386 4522 „Urseium
1435 4508 1439 4512 .

218 4540 279 4603 quod
298 4549 384 4605 poetae
397 4541 426 4590 sd
440 4541 589 4602 sepulturum
602 4536 776 4588 transierunt.“
828 4521 906 4584 edens
921 4525 1019 4600 πρώην
1034 4526 1111 4602 παρὰ
1128 4532 1187 4587 soie
1201 4527 1319 4600 Πέρσαις
1333 4518 1388 4594 pd-

218 4604 301 4657 isidor.
312 4608 393 4670 θήῃ.
410 4607 494 4666 Ml:
513 4608 693 4667 „itiotbnnatus,
711 4603 776 4669 quod
827 4616 874 4668 yos
891 4595 1071 4650 transenna«
1093 4600 1160 4651 ddde
1173 4601 1259 4650 Euseb.
1274 4598 1398 4673 irrepere

218 4677 290 4724 est-ri
310 4678 446 4726 mortuus.“
486 4674 605 4724 tidhelm.
630 4669 775 4733 tte⁰Vireim
828 4672 915 4733 dreng.
934 4669 971 4732 tt,
989 4668 1082 4736 ptis.
1112 4677 1135 4720 et
1158 4668 1227 4733 dpni.
1252 4666 1286 4717 be
1311 4662 1390 4726 lepis
1472 4676 1475 4681 ·

1132 4788 1142 4847 i
