3242 5775
311 595 374 659 290
413 609 415 615 ’
568 611 671 662 Qfllll'l'l
693 609 825 654 Sssl’fflll
846 608 1012 653 ruuusttrts
1034 606 1231 652 mauruntum

165 776 329 825 retunsa
352 769 485 823 creatore
507 761 699 840 promittente
720 778 775 840 per
788 759 894 821 Esaiae
914 777 1018 820 nocem
1040 759 1253 838 patefacturum
1276 775 1310 819 se
1328 757 1399 819 tbes

311 862 474 925 invisibiles
490 872 520 923 et
534 862 677 924 oomrltos.
710 860 783 922 Nam
807 868 840 921 ut
853 859 1044 921 absconderit
1064 858 1173 939 aliquid
1196 857 1222 918 is
1246 857 1320 920 deus
1343 859 1395 938 qui

314 964 375 1042 egit
396 964 518 1025 omnino
540 963 571 1024 in
594 962 671 1041 quod
695 961 804 1042 aliquid
826 961 1020 1023 abscondisse
1042 959 1313 1030 ’lesistimaretum
1341 959 1399 1021 sati

312 1064 461 1126 credibile.
498 1064 567 1145 lpse
589 1064 615 1124 si
638 1074 735 1135 esset,
758 1063 848 1124 latere
871 1074 932 1122 nnn
953 1069 1074 1140 posset,
1097 1061 1207 1122 nedum
1229 1059 1325 1139 aliqua
1349 1066 1396 1122 eiu

312 1174 470 1226 eramenta.
504 1165 626 1226 Creator
648 1173 746 1225 autem
769 1172 828 1224 tam
851 1162 916 1241 ipse
937 1170 1027 1224 notus
1050 1180 1136 1241 quam
1160 1170 1189 1223 et
1212 1172 1395 1223 sacramenta

310 1266 406 1345 palam
429 1266 542 1328 scilicet
563 1264 748 1325 decurrentia
770 1263 847 1342 apud
870 1262 978 1336 lsrael,
1013 1262 1065 1323 sed
1094 1263 1130 1324 de
1153 1263 1356 1342 significantiis
1380 1283 1397 1324 ο

311 1367 411 1439 brata,
434 1365 593 1445 inquibus
616 1365 760 1442 sapientia
782 1363 831 1424 dei
853 1363 1061 1436 delitescebat,
1085 1364 1163 1426 inter
1177 1365 1326 1444 perlectos
1342 1383 1399 1425 nar

150 1480 296 1532 ·tcor.u,t.
312 1451 368 1527 ino
396 1466 426 1526 in
453 1476 604 1545 tempore,
641 1465 796 1544 proposita
823 1482 893 1525 vero
922 1464 970 1526 ‘in
999 1466 1155 1543 proposito
1185 1466 1232 1526 dei
1260 1474 1328 1526 ante
1357 1483 1399 1526 sat

313 1567 404 1629 Cuius
427 1575 457 1628 et
479 1566 611 1639 saecula,
644 1564 702 1626 nisi
731 1563 900 1627 creatoris?
944 1565 975 1627 Si
1004 1565 1082 1627 enim
1111 1574 1141 1626 et
1163 1566 1279 1627 saecula
1301 1575 1399 1646 tempo

313 1676 422 1729 structa
446 1677 530 1741 sunt,
553 1676 686 1745 tempora
708 1674 807 1727 autem
831 1665 936 1727 diebus
959 1674 989 1727 et
1010 1665 1163 1728 mensibus
1190 1677 1220 1727 et
1241 1668 1328 1728 annis
1350 1687 1399 1729 cot

229 1762 235 1774 '
313 1778 438 1848 guntur,
461 1768 525 1830 dies
548 1786 639 1847 porro
662 1776 693 1829 et
714 1785 835 1828 menses
858 1776 888 1828 et
903 1768 972 1828 anni
995 1767 1109 1829 solibus
1133 1778 1163 1829 et
1183 1768 1261 1829 lunis
1286 1781 1315 1829 et
1338 1769 1399 1830 side

185 1882 302 1932 Gordus·
313 1870 456 1932 creatoris
478 1870 634 1949 signantur
655 1869 685 1929 in
706 1869 765 1929 hoc
786 1867 823 1928 ab
845 1887 881 1928 ec
903 1868 1011 1947 positis
1034 1868 1083 1941 (Et
1098 1879 1185 1930 erunt
1206 1869 1300 1941 enim,
1323 1869 1399 1948 inqui

314 1971 398 2050 signa
425 1970 573 2032 mensium
602 1980 632 2031 et
658 1973 834 2047 annorum),
871 1977 994 2048 apparet
1025 1979 1056 2030 et
1087 1970 1202 2031 saecula
1231 1971 1376 2031 creatoris

314 2084 342 2134 et
364 2090 453 2133 omne
474 2070 554 2150 quod
582 2080 649 2132 ante
677 2071 793 2133 saecula
821 2071 1010 2151 propositum
1039 2070 1153 2131 dicatur
1180 2090 1241 2131 nnn
1269 2071 1392 2132 alterius

312 2192 401 2253 quam
422 2172 507 2234 cuius
530 2181 560 2234 et
581 2172 708 2234 saecula.
740 2171 799 2233 Aut
819 2170 928 2252 probet
949 2172 994 2233 dei
1019 2170 1066 2232 sui
1081 2171 1197 2233 saecula
1212 2172 1360 2244 llarcion;
1384 2192 1399 2234 o

313 2274 363 2335 dat
384 2283 415 2335 et
437 2273 578 2335 mundum
600 2272 699 2352 ipsum
721 2273 751 2334 in
773 2292 833 2353 qun
849 2273 964 2334 saecula
980 2272 1174 2352 deputentur,
1198 2292 1249 2333 vas
1268 2274 1397 2352 quodam

314 2382 498 2455 temporum,
522 2382 552 2435 et
574 2374 657 2453 signa
679 2374 776 2454 aliqua
797 2374 844 2436 rel
865 2374 1018 2435 ‘ordinem
1041 2386 1172 2436 eorum·.
1209 2374 1240 2434 Si
1264 2374 1338 2434 nihil
1360 2375 1399 2435 de

314 2484 402 2548 strat,
426 2483 561 2536 revertor
581 2484 616 2537 ut
637 2485 666 2537 et
688 2474 758 2537 illud
776 2476 888 2548 dicam,
912 2475 970 2537 Cur
992 2482 1090 2535 autem
1112 2483 1181 2536 ante
1203 2474 1321 2536 saecula
1343 2494 1399 2537 cre

312 2576 472 2656 proposuit
493 2575 615 2655 gloriam
639 2575 796 2639 nostram?
834 2577 941 2638 Posset
962 2576 1054 2637 videri
1078 2595 1142 2637 eam
1165 2586 1233 2637 ante
1255 2576 1371 2637 saecula
1397 2584 1399 2602 “

313 2676 454 2756 posuisse
482 2696 570 2757 quam
598 2677 818 2740 introductione
847 2678 957 2739 saeculi
986 2676 1159 2739 revelasset.
1208 2681 1246 2738 ut
1273 2696 1339 2739 cum
1368 2677 1398 2739 id

312 2796 407 2857 paene
429 2778 488 2839 iam
517 2779 586 2840 totis
610 2779 735 2841 saeculis
766 2779 910 2841 creatoris
938 2778 1136 2859 ⁷prodactisl,
1173 2796 1247 2839 vane
1275 2789 1343 2841 ante
1373 2798 1399 2841 st

312 2879 487 2959 proposuit,
510 2889 540 2943 et
561 2900 622 2943 non
644 2881 738 2960 magis
760 2882 838 2944 intra
860 2880 994 2952 saecula,
1017 2879 1095 2959 quud
1112 2877 1295 2942 revelaturus
1316 2889 1399 2963 erat]

313 2989 384 3059 post
412 2981 539 3044 saecula.
582 2983 649 3044 Non
679 2983 757 3044 enim
787 2983 852 3044 eius
875 2992 921 3044 est
942 2983 1102 3043 festinasse
1124 2982 1154 3043 in
1176 2983 1374 3061 proponendo

313 3090 343 3142 et
364 3083 533 3144 retardasse
556 3085 588 3145 in
609 3084 778 3145 revelando.
823 3070 956 3147 Creatori
983 3091 1081 3144 antem
1110 3076 1252 3162 competit
1273 3092 1399 3165 utrumqt

313 3192 381 3244 ante
403 3185 519 3245 saecula
541 3186 739 3265 proposuisse
761 3193 790 3246 et
819 3186 850 3244 in
872 3185 930 3244 line
953 3184 1140 3245 saeculorum
1162 3183 1329 3257 revelasse,
1362 3200 1399 3264 qa

314 3283 393 3362 quod
416 3285 575 3364 proposuit
595 3295 626 3345 et
647 3283 801 3355 revelarit,
829 3283 927 3344 medio
952 3284 1048 3362 spatio
1071 3283 1258 3344 saeculorum
1280 3285 1311 3344 iu
1332 3285 1399 3362 ligtn

293 3384 527 3464 ,aenigmatibus
559 3393 588 3445 et
615 3383 764 3462 allegoriis
792 3383 1069 3463 praeministravit..
1111 3383 1169 3445 Sed
1204 3384 1273 3462 quia
1308 3383 1399 3447 subici

313 3486 406 3564 gloria
434 3493 554 3558 nostra,
586 3485 665 3563 quod
694 3502 757 3545 eam
785 3502 873 3545 nemo
896 3484 1137 3564 exprincipibus
1164 3483 1254 3545 huius
1283 3486 1347 3546 aevi
1376 3503 1399 3546 st

175 3594 298 3645 tessus.
313 3594 443 3645 ceterum
467 3586 493 3646 si
508 3586 652 3658 scissent,
676 3603 825 3665 nunquam
846 3585 998 3646 dominum
1014 3585 1126 3663 gloriae
1140 3585 1377 3659 crucifixissent,
1394 3604 1399 3648 t

312 3692 461 3746 mentatur
481 3686 647 3748 haereticus
669 3686 749 3766 quod
778 3686 928 3765 principes
956 3687 1045 3747 buius
1072 3685 1136 3747 aevi
1165 3685 1333 3760 dominum,
1365 3676 1399 3748 alt

315 3784 426 3845 scilicet
454 3785 500 3846 dei
529 3787 698 3861 Christum,
736 3787 817 3848 eruci
845 3786 1053 3859 'confixerint,
1093 3796 1126 3848 ut
1152 3787 1199 3848 'et
1231 3787 1291 3848 boo
1323 3789 1354 3848 in
1387 3787 1399 3869 i¹

316 3884 454 3945 ¹⁰recidat
475 3895 649 3949 creatorem.
704 3888 799 3949 Porro
822 3888 869 3949 cui
897 3907 987 3968 snpra
1011 3888 1224 3949 ¹¹ostendimus
1253 3888 1362 3967 quibus
1387 3907 1399 3950 t

313 3983 405 4062 gloria
428 3995 531 4048 nostra
553 4007 569 4049 a
592 3997 725 4050 creatore
747 3989 786 4051 sit
807 3988 991 4069 deputanda,
1019 3987 1250 4067 praeiudicatum
1279 3988 1399 4051 esseda

315 4103 379 4146 eam
401 4105 475 4165 quae
498 4087 664 4150 inocculto
692 4090 781 4151 luerit
806 4090 885 4170 apud
912 4098 1075 4152 creatorem
1104 4091 1211 4151 merito
1239 4090 1372 4169 ignotam
1397 4118 1399 4139 ι

316 4269 360 4319 bb.
380 4272 548 4322 aestimaretur
569 4276 690 4324 Vaticanus
708 4276 775 4325 alter.
833 4275 857 4324 4.
876 4277 1025 4340 inproposita
1045 4275 1087 4326 tto.
1145 4276 1170 4325 5.
1194 4276 1304 4326 ordinem
1329 4291 1399 4327 eorun

315 4345 468 4388 ortanecrum
488 4342 560 4391 Bcob.
596 4350 675 4390 ortum
694 4356 778 4391 eorum
796 4343 890 4407 reliqui,
910 4343 1200 4394 esconieotnrnltltenont'.
1236 4352 1305 4394 notas
1323 4358 1399 4393 eorus

317 4405 420 4454 llrsinns.
473 4408 496 4456 d.
516 4409 638 4470 proluisse
658 4409 681 4457 G.
733 4409 758 4458 'l.
782 4413 907 4473 productis
935 4412 1055 4461 Vaticanus
1072 4419 1176 4475 uterque.
1232 4410 1257 4461 8
1277 4427 1331 4459 enm
1351 4413 1399 4462 itaet

315 4485 368 4520 eum
388 4474 481 4522 liserint
500 4476 524 4524 B.
576 4476 601 4524 9.
621 4477 668 4523 boe
685 4483 708 4524 et
725 4477 768 4527 dd.
817 4477 855 4526 ll).
875 4478 966 4527 recidat
982 4481 1048 4528 obed.
1085 4479 1178 4540 redigat
1195 4478 1247 4539 bil,
1267 4479 1305 4529 li.
1320 4480 1399 4530 lttttt'ttt

315 4541 465 4589 ostendimus
484 4545 519 4592 cd.
540 4543 700 4593 latiomorum
716 4546 782 4595 alter.
817 4546 996 4596 ostenderimus
1011 4548 1105 4611 reliqui

349 4673 407 4736 Cap.
418 4675 452 4722 tt.
472 4691 493 4724 r.
504 4677 613 4726 ordinem
628 4675 734 4744 eorsum]
748 4679 781 4727 lta
792 4693 876 4728 enten-
928 4680 1041 4741 displicet
1058 4680 1195 4730 emendatio
1213 4686 1281 4730 nelos
1299 4694 1386 4732 eornm.

202 4786 205 4794 ,
314 4740 367 4789 dani
385 4751 523 4804 corruptam
548 4753 653 4794 veterum
678 4747 795 4794 librorum
814 4748 876 4797 scri·
963 4751 985 4797 b.
1006 4743 1148 4814 prodactis]
1171 4749 1208 4799 Cl.
1227 4748 1321 4799 adnott.
1337 4744 1399 4799 adi

189 4822 201 4838 ·
314 4817 409 4872 pteram
433 4819 587 4863 ortoneorsss.
630 4813 680 4863 llse
704 4813 777 4865 tutati
797 4814 876 4864 Ursini
929 4814 1034 4880 cupid.
1359 4830 1362 4835 ·
