3242 5775
566 654 716 699 sommus
737 654 911 702 usacvorvmr
932 659 990 704 nro.
1006 661 1033 704 v.
1325 655 1389 720 275

215 799 353 880 probem
374 802 427 883 qui
449 803 758 885 omniaapostolatus
786 806 852 870 eius
879 807 1077 874 instrumenta
1103 814 1272 893 pranderit.
1320 809 1391 899 lpse

215 919 259 973 se,
277 902 390 983 inquit,
415 904 584 984 apostolum
606 914 655 968 est
674 907 850 986 protessus,
884 911 1052 988 etquidem
1074 932 1135 974 non
1158 914 1195 976 ab
1217 915 1389 984 bominibus
1402 934 1501 990 unna.

200 1020 265 1096 'rec
284 1023 341 1084 per
362 1004 534 1079 bominem,
557 1005 611 1067 scd
633 1025 688 1085 per
701 1007 802 1070 lesum
819 1007 993 1073 Christum.'
1011 1012 1102 1075 Plane
1116 1016 1267 1095 profiteri·
1287 1028 1390 1099 potest

215 1104 404 1185 smedpsm
426 1105 529 1185 ⁷quis‚
552 1124 654 1167 verum
675 1107 827 1185 professio
850 1110 915 1172 eius
937 1112 1057 1176 alterius
1071 1116 1248 1178 annosiore
1262 1119 1386 1182 confid-

215 1213 266 1265 ω.
294 1206 382 1268 Alius
398 1206 519 1280 scribit,
540 1206 616 1268 alius
633 1207 812 1280 subscribit,
836 1207 912 1271 alius
928 1211 1082 1288 obsignat,
1105 1215 1180 1278 olins
1194 1218 1268 1280 actis
1282 1220 1386 1283 relert.

213 1304 300 1368 buno
324 1307 385 1371 sibi
409 1316 440 1369 et
460 1309 617 1388 professor
638 1316 670 1369 et
692 1308 778 1371 testis
800 1317 857 1371 esc
906 1309 1029 1372 Praeter
1056 1312 1130 1375 hacc
1156 1317 1259 1394 utique
1286 1319 1387 1398 legisti

215 1407 319 1470 maltos
347 1418 493 1471 venturos
519 1409 567 1488 qui
597 1408 711 1482 dicant,
743 1409 806 1489 Bgo
836 1429 903 1472 sum
932 1411 1080 1474 Christus.
1135 1414 1167 1476 si
1198 1425 1246 1478 est
1272 1418 1323 1496 qui
1352 1433 1529 1488 seuuemo

215 1507 362 1572 Christum
384 1511 561 1583 mentiatur,
584 1519 695 1590 quanto
717 1511 812 1590 magis
835 1511 885 1591 qui
901 1531 934 1573 se
949 1513 1116 1591 apostolum
1132 1515 1283 1593 praedicet
1297 1517 1385 1580 Glari·

215 1609 272 1672 sd?
307 1610 414 1673 Adhuc
435 1629 492 1690 eqo
512 1612 544 1673 in
564 1630 694 1691 persona
717 1611 854 1691 discipuli
884 1622 914 1674 et
934 1613 1120 1692 inquisitoris
1142 1633 1320 1692 conversor,
1352 1627 1387 1679 ut

218 1709 267 1772 h
288 1711 359 1774 binc
381 1721 411 1774 et
432 1712 520 1804 tidem
542 1720 623 1774 tuam
645 1712 838 1786 obtundant,
861 1714 912 1793 qni
927 1713 1091 1779 undeeam
1114 1715 1225 1794 probes
1247 1735 1309 1778 non
1329 1717 1385 1779 ba·

219 1810 280 1883 bes,
303 1821 335 1875 et
355 1813 569 1892 impudentiam
587 1814 782 1887 suffundam,
805 1814 856 1893 qui
871 1814 1018 1887 vindicas,
1042 1824 1072 1876 et
1093 1814 1172 1876 unde
1193 1816 1296 1894 possis
1318 1817 1385 1880 rin-

190 1981 191 2008 }
220 1911 310 1975 dure
330 1932 393 1976 non
413 1913 533 1993 recipis.
575 1914 638 1976 'Sit
659 1914 813 1987 Christus,
837 1915 877 1976 sit
898 1916 1070 1995 apostolus,
1099 1924 1132 1976 ut
1153 1916 1290 1990 alterins,
1314 1917 1385 1980 dum

223 2029 274 2076 aon
294 2015 479 2096 ’probantur
500 2015 559 2078 nisi
579 2014 617 2076 de
631 2016 831 2077 instrumento
847 1997 999 2078 nestoris.
1034 2016 1131 2078 ¹⁰Nam
1147 2017 1221 2079 mihi
1236 2017 1385 2081 ¹¹Paulum

225 2114 302 2176 stiam
324 2115 451 2178 Genesis
475 2116 545 2178 olim
567 2116 749 2196 repromisit.
781 2115 864 2177 Inter
884 2116 948 2178 illas
970 2117 1048 2178 enirn
1070 2118 1179 2197 figuras
1201 2128 1233 2181 et
1252 2119 1386 2200 propbe-

226 2214 289 2277 ὓς
309 2235 401 2297 super
422 2217 500 2278 lilios
523 2236 596 2280 suos
619 2217 843 2280 benedictiones
859 2217 945 2280 lacob
968 2236 1033 2278 cum
1057 2218 1093 2279 ad
1108 2218 1260 2282 Beniamin
1276 2219 1385 2282 ¹'dire-

229 2314 326 2391 tisset,
347 2317 518 2391 Beniamin,
539 2318 651 2397 inquit,
674 2318 762 2398 lupus
776 2336 867 2397 rapax
888 2318 923 2379 ad
938 2318 1268 2410 matutinnmncomedet
1281 2319 1387 2393 adbuc,
1400 2300 1512 2402 12⁰1&

231 2417 302 2479 stad
323 2437 477 2499 vesperam
506 2419 588 2482 dabit
615 2437 725 2481 escam.
774 2418 816 2480 Bx
847 2420 925 2481 tribu
955 2420 1033 2481 enim
1061 2419 1214 2481 Beniamin
1242 2419 1387 2482 oriturum

233 2513 335 2581 lardum
357 2520 550 2601 providebat,
575 2520 676 2601 lupum
699 2538 834 2599 rapacem
857 2521 894 2582 ad
915 2520 1091 2582 matutinum
1113 2520 1334 2595 comedentem,
1355 2519 1387 2584 id

236 2625 271 2679 td
285 2621 373 2700 prinu
395 2630 492 2683 aetate
514 2630 693 2684 vastaturum
717 2640 824 2699 pecora
852 2621 963 2683 domini
991 2631 1024 2684 ut
1045 2631 1268 2700 persecutorem
1290 2621 1386 2685 eccle·

239 2715 342 2794 tinm,
363 2721 474 2783 debinc
494 2722 531 2784 ad
553 2740 709 2801 vesperam
732 2740 831 2783 escam
853 2722 1005 2795 daturum,
1030 2723 1058 2784 id
1077 2733 1122 2785 est
1136 2723 1313 2803 devergente
1327 2723 1387 2786 iant

189 2845 192 2882 r
239 2825 310 2882 uate
336 2841 407 2886 oves
435 2821 546 2884 Christi
579 2824 770 2884 educaturum
799 2831 833 2883 ut
860 2823 1012 2886 doctorem
1039 2825 1203 2889 nationum.
1255 2823 1330 2887 Nam
1358 2832 1388 2886 et

189 2943 196 2986 r
242 2914 313 2983 tatic
333 2925 431 3004 primo
455 2925 602 3004 asperitas
624 2923 830 2987 insectationis
853 2943 921 3003 erga
943 2925 1049 2998 David,
1082 2926 1189 2987 debinc
1210 2923 1522 3031 poenitentiaxlvsffffiq.

189 3050 199 3088 v
244 3024 448 3098 annstactio,
481 3025 560 3086 bona
589 3045 644 3105 pro
673 3025 758 3088 malis
785 3025 970 3103 recipientis,
998 3044 1060 3086 rron
1088 3026 1165 3088 aliud
1192 3026 1388 3104 portendebat

189 3148 202 3187 s
244 3134 304 3194 Μ
322 3125 445 3187 Paulum
467 3125 499 3187 in
521 3127 609 3188 Saule.
629 3126 793 3189 secundum
821 3126 917 3187 tribus
940 3135 969 3186 et
989 3127 1089 3187 lesum
1112 3126 1141 3186 in
1164 3127 1254 3188 Bavid
1277 3144 1386 3189 secun-

246 3214 293 3279 δι
308 3224 429 3300 virginis
452 3241 588 3281 censum.
626 3223 706 3281 llaec
727 3221 886 3298 figurarum
908 3235 1090 3288 sacramenta
1112 3227 1139 3287 si
1154 3227 1206 3287 tibi
1222 3226 1387 3304 displicent,

246 3322 376 3382 &blus
392 3321 605 3400 Apostolorum
629 3320 734 3382 ¹³hunc
754 3320 826 3381 mibi
850 3320 984 3380 ordinem
999 3319 1081 3380 Pauli
1104 3326 1304 3397 tradiderunt,
1326 3343 1343 3385 a
1360 3332 1389 3387 te
1400 3326 1529 3418 sofflari.

190 3437 203 3479 r
245 3428 332 3498 fitque
352 3440 416 3483 non
439 3421 615 3499 negandum.
649 3421 722 3482 lnde
737 3419 904 3500 apostolum
921 3418 1049 3478 ostendo
1065 3428 1306 3496 persecutorem,
1328 3441 1390 3483 non

247 3560 370 3633 ipone.
392 3574 517 3624 Vaticanus
534 3581 638 3638 aterque.
673 3573 749 3636 quivis
766 3572 860 3635 reliqui.
919 3569 1136 3627 nsuetudine,
1163 3569 1194 3618 sit
1212 3568 1338 3633 apostolus
1356 3570 1389 3630 d.,

248 3644 374 3690 aaaron
394 3642 471 3690 roten
486 3641 571 3689 Ursini.
607 3642 647 3688 Sic
664 3641 699 3697 (Si
718 3639 754 3693 B.)
773 3639 893 3695 Christus,
916 3639 951 3685 sic
970 3637 1096 3701 apostolus
1113 3638 1205 3700 reliqui.
1257 3636 1281 3685 9.
1302 3637 1392 3700 proba·

189 3756 197 3775 u
246 3702 301 3755 Η
351 3708 392 3757 10.
410 3708 471 3757 navo
490 3710 558 3757 cicd.
577 3708 707 3756 Gorsiensis
725 3708 791 3756 liber.
827 3705 881 3753 Non
899 3706 992 3769 reliqui.
1038 3703 1078 3753 ll.
1096 3704 1168 3767 polus
1186 3704 1212 3754 B.
1259 3702 1298 3752 tt.
1317 3703 1391 3753 dixis·

246 3776 269 3817 lt
280 3773 314 3823 dd.
366 3774 408 3823 13.
427 3775 484 3823 binc
500 3774 544 3823 BC.
580 3775 643 3824 bunc
660 3776 745 3837 reliqui
762 3778 783 3821 et
802 3772 941 3821 Gorsiensis.

190 3950 194 3959 .
246 3901 329 3964 *ture
355 3916 378 3956 et
403 3921 525 3969 exponere
549 3923 618 3968 earn;
650 3913 780 3958 constanter
831 3905 888 3954 ltern
908 3905 1083 3969 profitebantur
1100 3902 1163 3952 illios
1183 3910 1252 3952 natos
1270 3901 1391 3966 sibiapad

245 3978 300 4021 tlt·
320 3974 471 4024 Tertulliano
496 3976 566 4035 rotgo
591 3984 629 4023 est
651 3975 779 4036 intrepide,
831 3982 882 4022 acta
902 3980 1001 4030 veteres,
1020 3986 1081 4035 quse
1099 3986 1139 4021 res
1158 3980 1207 4019 tum
1223 3978 1323 4028 certam,
1341 3977 1393 4019 tum

247 4030 305 4095 flers.
326 4044 379 4090 siae
402 4043 606 4097 dissimulatione,
631 4050 656 4090 ut
684 4042 724 4090 nb.
743 4041 779 4099 lll,
831 4040 927 4089 incitem
946 4043 1029 4087 aetatis
1048 4038 1339 4100 [sciebatprobotionerm
1356 4036 1392 4086 si·

247 4106 314 4167 qli
339 4110 493 4172 „discipulos
513 4125 560 4158 non
579 4117 709 4159 constanter
727 4118 780 4157 tae·
832 4109 929 4170 quando
949 4107 1085 4155 biniusmodi
1098 4105 1195 4154 dubium
1208 4105 1339 4154 incidisset.
1364 4102 1392 4153 la

245 4165 498 4231 hta.seaexcus·t.·¹
525 4179 566 4225 Sic
584 4181 654 4225 etiam
673 4185 781 4226 constans
833 4176 897 4223 bunc
928 4188 1026 4223 serrsurn
1057 4173 1180 4231 etocaorer
1214 4173 1272 4221 dixit
1299 4171 1393 4220 Seneca

246 4240 289 4297 'i
307 4256 369 4299 eam,
399 4252 424 4292 et
447 4246 585 4294 eonstsstio.
631 4245 668 4293 (ll.
692 4244 723 4292 ad
747 4242 781 4291 uc
832 4244 956 4306 „promen
973 4255 1014 4288 aes
1031 4240 1163 4299 alienum,“
1184 4239 1208 4287 id
1226 4238 1291 4301 qnod
1309 4236 1393 4286 condi·

244 4298 292 4367 lapt-
307 4326 357 4372 esp.
371 4310 410 4360 Π.
832 4310 881 4357 dati
901 4310 979 4355 lucere
998 4307 1145 4367 cogebsntur
1163 4314 1186 4355 et
1203 4308 1248 4364 rei,
1267 4306 1300 4353 Be
1311 4303 1393 4352 Benel.

265 4372 413 4442 sprottteri]
438 4377 556 4440 loquitur
579 4378 609 4427 de
627 4376 781 4439 professione
835 4376 877 4424 lib.
889 4376 914 4423 vt
934 4370 998 4439 [asp.
1010 4371 1074 4438 nul,
1099 4373 1176 4421 livine
1203 4373 1324 4436 „profiteri
1339 4372 1393 4420 tra·

241 4446 325 4499 wear
341 4448 404 4508 apud
415 4454 477 4493 acts.
501 4444 781 4507 lisvnprollternurdnnr
823 4438 958 4492 'arentum‘'
978 4441 1056 4490 nott
1074 4434 1217 4504 {esp-lll,
1235 4440 1275 4487 ubi
1293 4438 1317 4487 in
1336 4450 1393 4500 per·

241 4506 316 4567 hbes
333 4520 358 4562 et
374 4513 439 4575 apud
458 4519 512 4561 acta
535 4513 598 4560 ultro
623 4510 713 4574 aliquid
738 4510 782 4559 de·
832 4510 934 4569 vulgatis
957 4508 1133 4571 exemplaribus
1163 4506 1279 4556 mendose
1307 4504 1395 4563 legitur

238 4580 366 4637 manas,
394 4580 466 4627 relati
484 4593 539 4627 cunr
558 4580 699 4640 protlternnr
718 4591 782 4625 rner-
832 4576 960 4638 „contineri
970 4577 1077 4635 cogendo
1086 4566 1396 4630 trumentrrm.“(Blrenaa.l

235 4652 318 4701 ἤιε
337 4646 621 4708 ὶιικιίμΙίροιιάυυάο
636 4645 782 4708 reipublicae
867 4644 891 4691 d.
909 4639 1053 4706 obtundam]
1081 4641 1206 4699 Belellarn,
1230 4639 1345 4693 arincam,
1369 4638 1396 4681 at

234 4706 288 4760 *aas
304 4714 360 4772 Bru
384 4714 449 4762 vade
473 4726 588 4770 „ras-raes
605 4710 783 4775 improiessas“
835 4709 926 4768 nutv,
945 4709 1049 4773 cnp.38.
1068 4706 1232 4767 (antonine.)

232 4772 355 4829 basam
378 4780 402 4829 in
422 4781 552 4829 Pandectis
578 4789 654 4838 vocat,
682 4791 783 4842 quarum
869 4792 891 4824 e.
909 4771 1057 4841 srvllundrrn]
1083 4776 1121 4825 cl.
1144 4774 1236 4824 adnott.
1260 4767 1290 4817 ad
1308 4766 1395 4825 Scorp-

228 4848 317 4897 uiss
347 4846 440 4897 nnllam
472 4846 573 4908 vectigal
604 4848 711 4896 solatum
739 4852 784 4893 est.
835 4842 941 4908 cipli).

1189 4915 1244 4967 ts·
