3242 5775
641 637 680 679 us
702 636 796 681 cunm
820 637 946 683 cuursrr.
1309 623 1381 687 dut

233 794 256 846 et
275 786 390 860 Penius,
427 793 532 866 utpote
559 786 692 848 eiusdem
722 787 863 867 evangelii
891 796 921 850 et
948 762 1110 867 disciputus
1139 796 1170 849 et
1191 790 1334 868 magister
1354 798 1385 852 st
1443 741 1446 746 Α

232 887 311 960 testis,
333 889 407 967 ‘qua
429 886 562 971 eiusdem
584 887 697 966 ‘ipsius
721 888 831 950 Christi
853 890 1025 969 spostolus,
1054 889 1209 951 confirmet
1231 889 1384 952 Christum

231 1005 258 1046 ex
275 988 382 1049 sume
403 988 496 1050 David
518 989 680 1050 secuudum
703 1008 837 1062 curnem,
861 990 962 1069 utique
984 989 1090 1069 ipsius.
1122 990 1202 1070 Ergo
1217 1009 1253 1052 ex
1268 987 1529 1092 seniuefffflffi

229 1086 300 1149 david
321 1108 390 1151 curo
406 1089 527 1151 Christi.
561 1090 611 1151 'si
634 1090 796 1151 secundum
820 1090 928 1152 Mariae
949 1109 1068 1153 curnem
1090 1109 1125 1152 ex
1149 1092 1264 1153 semiue
1281 1092 1383 1166 David,

228 1206 284 1268 ergo
305 1209 339 1252 ex
361 1191 471 1252 hieriae
492 1208 581 1252 carne
603 1198 666 1265 cst,
696 1192 765 1252 dum
789 1211 822 1252 ex
848 1192 962 1254 semine
985 1201 1032 1253 est
1053 1192 1153 1254 usur.
1199 1194 1383 1274 Quocunque

227 1288 373 1353 detorseris
396 1291 542 1363 'dichrm‚
576 1301 627 1354 sut
654 1312 688 1353 ex
718 1311 805 1354 cerne
835 1302 882 1354 est
903 1293 1011 1356 hieriae
1040 1294 1120 1373 quod
1144 1312 1178 1354 ex
1201 1294 1317 1356 semine
1337 1302 1385 1357 est

224 1390 316 1465 haud,
337 1401 389 1454 sut
410 1412 447 1454 ex
468 1392 559 1453 David
581 1393 695 1454 semiue
718 1403 764 1455 est
786 1394 867 1471 quod
890 1412 924 1454 ex
946 1411 1034 1456 carue
1056 1403 1103 1456 cst
1124 1395 1243 1457 hieriae.
1276 1395 1383 1458 Totum

223 1490 285 1555 haue
305 1495 539 1556 controversiam
568 1494 680 1555 dirimit
706 1495 785 1556 idem
812 1495 983 1573 spostolus,
1013 1496 1110 1575 ipsum
1138 1497 1284 1558 definiens
1314 1514 1384 1559 usse
1455 1480 1480 1526 ⁹·

222 1590 359 1655 'marrae
379 1613 493 1656 semen.
533 1594 605 1656 Cnm
627 1596 788 1668 Abraham,
811 1598 915 1675 utique
937 1598 1029 1656 rurritu
1051 1598 1146 1676 magis
1168 1598 1275 1670 dissid,
1297 1598 1381 1677 quusi

220 1695 394 1757 ruentioris.
425 1696 574 1757 Retexens
597 1697 676 1757 euim
704 1696 963 1777 ¹⁰promissioueur
988 1696 1204 1762 benedictionis
1226 1698 1381 1760 nationum

221 1793 411 1858 in¹¹uomiue
432 1796 595 1869 Abraham,
624 1798 661 1859 Et
688 1800 718 1860 iu
746 1798 860 1860 semiue
888 1806 940 1858 tuo
963 1798 1176 1859 benedicentur
1198 1815 1303 1860 omnes
1326 1816 1381 1860 nn·

220 1896 321 1970 iones,
344 1898 425 1968 Nou,
448 1895 559 1978 iuquit,
588 1899 661 1959 dixit
682 1899 865 1972 seminibus,
896 1910 1034 1978 tanquam
1056 1898 1095 1960 de
1116 1899 1267 1979 pluribus,
1296 1898 1529 1970 ”sedunensem

220 1999 337 2071 semiue,
367 1998 405 2059 de
434 2017 509 2071 unu,
539 1999 618 2078 quod
642 1984 689 2061 est
710 1996 881 2061 Christus'
908 2000 965 2073 Qui
989 2002 1061 2061 haec
1083 2000 1206 2079 ieginms
1229 2008 1259 2062 st
1280 2000 1379 2063 credi·
1488 2029 1492 2038 ,

220 2116 291 2172 uus,
312 2116 400 2178 quam
423 2099 565 2161 debemus
588 2110 618 2162 et
638 2119 801 2179 possumus
817 2118 979 2179 agnoscere
996 2102 1027 2162 in
1043 2102 1162 2163 Christo
1184 2102 1282 2163 curnis
1304 2119 1379 2181 qus·

220 2197 342 2262 dutum?
364 2201 465 2279 utique
486 2219 548 2261 nou
570 2202 655 2262 odiam
678 2220 764 2279 quam
782 2201 972 2275 ¹³hh1uham,
997 2203 1143 2282 siquidem
1166 2220 1269 2264 semen
1284 2202 1361 2264 Ahrn
1452 2186 1457 2196 ’

222 2298 276 2362 ham
292 2301 447 2374 Christus;
468 2319 523 2363 uec
544 2302 630 2363 uliam
652 2321 738 2382 quam
755 2303 853 2375 iesse,
878 2303 1023 2381 siquidem
1047 2322 1081 2364 ex
1105 2302 1204 2364 radice
1218 2304 1303 2365 iesse
1323 2303 1380 2367 dos

223 2399 360 2477 Christus3
381 2402 561 2476 usualium,
583 2422 670 2482 quam
693 2404 801 2477 David,
829 2404 974 2482 siquidem
997 2405 1111 2465 fructus
1133 2423 1168 2465 ex
1191 2402 1299 2465 lumbis
1319 2402 1380 2464 Du·
1458 2476 1463 2484 k

223 2501 261 2563 rid
280 2502 433 2576 Christum
456 2522 510 2575 nee
531 2504 617 2565 edium
639 2524 725 2584 quum
749 2524 784 2566 ex
806 2506 913 2579 Maria,
939 2505 1084 2584 siquidem
1106 2525 1140 2567 en
1163 2505 1380 2567 hiericuntem
1404 2565 1407 2570 .

224 2600 361 2678 Chrisuss3
394 2613 423 2666 et
445 2603 541 2666 adhuc
561 2606 699 2683 superius
722 2624 777 2667 uec
799 2606 885 2667 uliam
908 2625 995 2686 quum
1017 2608 1124 2680 ddum,
1155 2606 1301 2686 siquidem
1329 2623 1380 2668 se·

225 2706 321 2768 mudus
343 2706 436 2767 Adam
459 2704 603 2766 Christus.
641 2705 832 2785 Consequens
856 2725 926 2785 ergo
950 2715 994 2768 est
1016 2716 1049 2767 ut
1071 2708 1149 2768 ¹⁴uut
1169 2708 1237 2768 iilos
1259 2707 1380 2786 spirits·

224 2801 269 2867 lem
288 2825 407 2869 carnem
428 2806 570 2867 hahuisse
593 2808 788 2880 contendunt,
811 2826 870 2888 quo
893 2809 994 2869 eadem
1020 2808 1177 2870 ¹⁵conditio
1198 2807 1382 2870 substantiae
1490 2791 1501 2808 ’

226 2902 370 2970 deducatur
392 2909 423 2970 iu
446 2908 579 2981 Christo,
603 2917 652 2969 aut
674 2910 838 2971 concedunt
858 2929 976 2971 carnem
999 2908 1107 2972 Christi
1134 2910 1297 2991 spiritalem
1320 2926 1380 2971 uun

224 3006 317 3083 tuisse,
343 3010 445 3088 ¹⁶quse
466 3028 526 3070 uon
550 3010 586 3071 de
608 3010 732 3088 spiritali
755 3012 849 3089 stirpe
871 3021 1018 3073 censetur.
1214 3005 1226 3019 '

291 3111 352 3173 Sed
373 3111 562 3190 agnoscimus
584 3111 736 3189 adimpleri
758 3112 960 3189 propheticum
991 3130 1092 3172 vocem
1116 3111 1265 3173 Simeonis
1288 3130 1379 3190 super
1396 3117 1529 3175 ΜΕΝ·

223 3210 302 3275 adhue
323 3221 474 3273 recentem
497 3212 638 3273 infantem
661 3213 813 3273 domiuum
833 3213 840 3242 ¹
848 3213 1082 3289 pronuntiatum:
1107 3212 1181 3273 Ecce
1197 3213 1244 3272 hic
1258 3213 1377 3291 positus
1391 3229 1516 3282 suenus.

199 3314 306 3374 -estin
328 3312 445 3373 ruinam
470 3322 499 3372 et
521 3313 744 3374 suscitationem
767 3311 928 3374 multorum
952 3311 980 3370 in
1002 3311 1112 3381 Israel,
1147 3308 1227 3371 etin
1251 3311 1379 3388 signum,

222 3409 305 3492 ‘quud
332 3414 578 3475 ³cuutradicetur.
630 3414 752 3492 Signum
782 3413 860 3472 enim
889 3413 1048 3472 nativitatis
1076 3410 1186 3472 Christi
1216 3409 1379 3470 secuudum

220 3510 341 3577 Esaiam:
375 3515 537 3594 Propterea
560 3515 640 3575 dabit
661 3514 763 3574 *vobis
787 3514 925 3573 dominus
947 3512 1012 3592 ipse
1035 3513 1168 3591 siguum:
1199 3511 1274 3571 Ecce
1297 3508 1523 3587 virgoresvuu.

219 3617 353 3696 concipiet
373 3616 405 3676 in
428 3624 529 3688 uteru,
552 3624 581 3675 et
603 3616 698 3694 pariet
712 3616 814 3675 dilium.
852 3614 1047 3693 Agnoscimus
1069 3630 1140 3691 ergo
1165 3611 1281 3691 siguum
1304 3628 1380 3670 cun·

219 3717 386 3790 credebile,
410 3725 584 3794 conceptum
608 3725 772 3794 otpertum
796 3715 918 3794 virginis
934 3715 1057 3787 Mariae,
1083 3714 1119 3774 de
1142 3731 1200 3792 quo
1216 3708 1380 3773 Academici
1440 3736 1446 3750 =

217 3814 288 3880 'istiz
322 3817 444 3898 Peperit
465 3818 513 3878 6ει
539 3836 599 3878 nou
629 3817 760 3896 peperit,
791 3817 873 3895 virgo
902 3816 948 3877 ⁷et
976 3836 1034 3877 uon
1064 3815 1164 3894 virg03
1197 3811 1283 3892 quusi
1307 3829 1378 3886 nou,

218 3920 265 3981 etsi
284 3920 326 3982 ita
348 3919 505 3980 dicendum
528 3927 623 3989 esset,
653 3918 778 3978 anubis
801 3917 912 3996 ⁸mugis
942 3917 998 3978 dici
1027 3915 1208 3978 conveniret.
1258 3911 1379 3991 Peperit

217 4021 302 4095 uim,
324 4039 401 4100 quse
425 4039 460 4079 cx
483 4022 537 4080 sua
560 4037 662 4091 carne,
693 4027 722 4078 et
744 4037 804 4078 uon
827 4019 958 4098 peperit,
988 4037 1062 4096 quoe
1085 4035 1146 4076 nun
1170 4014 1299 4076 c1⁹viri
1326 4032 1377 4075 se-

217 4120 303 4196 miue,
325 4129 358 4182 et
379 4120 478 4200 virgo,
501 4124 642 4200 quantum
665 4120 777 4193 avire),
801 4138 862 4180 nou
886 4120 983 4199 virgo,
1008 4125 1148 4198 quantum
1165 4137 1180 4178 a
1195 4125 1297 4196 partu:
1319 4128 1381 4175 non

216 4304 234 4354 d.
251 4309 304 4373 quin
322 4309 351 4358 u.
370 4310 396 4357 iu
412 4322 485 4370 murq.
538 4306 560 4355 6.
581 4307 657 4369 ipsius
676 4306 764 4355 Christi
784 4307 851 4355 ohcd.
888 4305 975 4354 Christi
995 4304 1058 4353 BCD.
1100 4304 1232 4353 dtiuruiu
1250 4303 1305 4351 edit.
1324 4301 1382 4350 iihe-
1459 4346 1463 4351 .

215 4378 263 4424 usui
280 4392 302 4426 a.
316 4375 391 4427 1528.
412 4378 516 4425 additum
535 4376 618 4437 decitur
637 4374 720 4437 ipsius.
774 4372 797 4423 7.
817 4373 841 4421 Si
861 4388 910 4435 eqo.
952 4373 998 4421 Sed
1018 4373 1175 4421 iibriomues.
1227 4367 1251 4418 8.
1277 4369 1381 4417 fructum

216 4456 266 4505 tuq.
318 4443 343 4493 9.
362 4443 477 4492 rhrsham
496 4443 539 4491 BC.
595 4442 632 4490 10.
653 4439 1032 4504 benedictionispromissionem
1051 4440 1076 4487 B.
1136 4438 1175 4487 li.
1202 4437 1296 4486 semiue
1322 4449 1381 4496 amq.

217 4508 250 4559 12.
266 4511 309 4561 sed
328 4513 422 4560 semiue
440 4511 536 4568 (semini
556 4508 594 4570 e),
614 4519 735 4572 tamquam
755 4509 784 4557 de
803 4523 851 4557 uno
871 4510 906 4557 cd.
966 4507 1006 4557 1³.
1030 4506 1134 4555 ahrahae
1154 4504 1177 4555 C.
1231 4504 1271 4554 14.
1296 4510 1337 4553 unt
1359 4508 1382 4550 u

214 4576 264 4626 ihus
281 4579 307 4628 Β.
362 4579 402 4628 15.
421 4578 540 4628 condictio
559 4579 584 4627 B.
639 4577 677 4625 16.
697 4591 743 4640 qus
762 4578 817 4625 edit.
837 4576 939 4625 Semteri.
976 4574 1058 4625 Nescio
1075 4575 1144 4622 uude.
1282 4573 1286 4582 “

275 4646 334 4711 Cap
352 4647 435 4696 Xiilii.
484 4645 506 4695 1.
526 4647 725 4709 prouuucirutcm
746 4644 768 4693 C.
823 4642 845 4692 2.
866 4644 902 4692 cui
922 4643 959 4692 Bc.
981 4643 1225 4692 Putiruuorumuuus.
1279 4635 1302 4685 3.
1323 4646 1381 4710 ron·

214 4713 338 4764 inuretur
355 4715 453 4776 BCdtdiu
469 4714 626 4776 murq.)uhcd.
670 4714 694 4763 4.
714 4712 784 4761 nohis
801 4711 828 4760 B.
876 4710 899 4758 5.
919 4711 956 4759 isti
976 4711 1079 4771 unrohrd.
1116 4708 1148 4757 nti
1169 4707 1227 4756 cua.
1261 4707 1338 4751 nosur
1355 4698 1381 4747 B·

214 4777 274 4830 het
291 4799 336 4832 om.
354 4799 414 4846 amq.
467 4782 491 4831 Ἰ.
510 4790 533 4831 et
551 4798 594 4832 om.
614 4798 672 4844 umq.
718 4780 742 4829 8.
761 4780 808 4830 dici
827 4778 902 4840 mugis
921 4778 964 4828 PC.
1015 4778 1039 4827 9.
1057 4776 1099 4826 riri
1119 4764 1380 4835 ucuttsmsrototrd·

213 4847 267 4898 virili
285 4851 313 4900 D.
