3242 5775
703 673 743 715 ne
764 673 864 717 inin.
999 731 1002 739 Ι
1307 659 1369 725 605

197 820 323 881 lamosas
345 830 426 881 retro
450 820 531 882 tundi
553 821 757 883 amoenissimi
780 823 1027 896 obliteraverunt,
1060 824 1148 885 silvas
1164 842 1239 890 ,arva
1261 824 1370 888 domu·

197 931 291 992 emnt,
315 921 392 981 ieras
415 939 524 1000 pecora
548 923 733 1000 legaverunt,
758 923 914 985 ¹⁷bar‘enae
931 934 1082 999 seruntur,
1105 943 1173 987 saxa
1194 935 1372 1004 panguntur,

197 1023 316 1102 paludes
345 1022 525 1100 eliquantur,
559 1031 657 1084 tantae
685 1023 804 1085 ¹‘urbes
834 1031 979 1103 quantae·
1007 1044 1068 1086 non
1096 1044 1181 1087 casae
1210 1027 1369 1104 quondam.

197 1124 254 1184 lam
276 1141 332 1183 nec
353 1122 467 1183 insulae
491 1123 623 1197 horrent,
647 1143 703 1186 nec
725 1124 866 1203 ¹⁹scopuli
882 1134 1013 1200 terrent;
1036 1125 1145 1205 ubique
1161 1126 1278 1199 domus,
1301 1125 1370 1188 ubi·

197 1243 249 1303 pue
271 1224 417 1303 populns,
440 1224 549 1303 ubique
565 1224 746 1304 respublica,
771 1225 879 1304 ubique
894 1226 961 1286 vita.
999 1227 1153 1287 Summum
1170 1228 1371 1290 testimoninm

197 1325 377 1404 frequentiae
399 1326 554 1386 humanae.
599 1326 728 1387 Onerosi
750 1345 854 1388 sumus
877 1327 1005 1400 mundo,
1038 1327 1086 1388 vix
1114 1327 1202 1389 nobis
1225 1329 1371 1389 elementa

197 1426 361 1496 sufiiciunt,
396 1435 426 1487 et
453 1426 649 1487 necessitates
677 1426 850 1500 ”artiorem
881 1435 910 1489 et
937 1427 1116 1508 ¹¹querellae
1145 1428 1222 1507 apud
1253 1446 1371 1502 omnes,

197 1528 264 1588 ilum
288 1528 347 1588 ianr
369 1546 424 1587 nos
447 1535 551 1588 natura
573 1546 634 1589 non
648 1527 816 1589 ”sustinet
854 1528 967 1590 Revera
989 1530 1054 1592 lues
1077 1538 1107 1590 et
1129 1531 1222 1590 fames
1245 1538 1275 1589 et
1296 1528 1372 1590 bella

197 1639 223 1690 et
246 1628 403 1706 voragines
426 1628 575 1688 civitatum
598 1648 652 1708 pro
674 1629 808 1712 remedio
831 1630 1013 1708 deputanda,
1046 1629 1225 1709 ”umquem
1248 1637 1373 1691 tonsura

197 1729 434 1792 ”insolescentis
457 1729 575 1807 generis
597 1731 734 1804 bumani3
769 1739 932 1803 ettamen,
962 1749 1028 1791 cnm
1059 1729 1204 1793 eiusmodi
1235 1727 1374 1792 secures¹

197 1832 352 1893 maximam
376 1830 543 1890 mortalium
567 1831 623 1891 vim
653 1832 745 1892 semel
773 1831 910 1904 caedant,
944 1831 1122 1910 ”nunquam
1150 1831 1372 1893 restitutionem

197 1934 261 1994 eins
284 1931 365 1992 vivos
389 1950 424 1992 ex
447 1932 572 1992 mortuis
595 1932 785 1993 reducentem
814 1940 885 2010 post
914 1932 993 1994 mille
1020 1943 1135 1994 annos*
1166 1932 1258 1994 semel
1290 1931 1373 1994 orbis

197 2033 322 2113 expavit.
366 2032 403 2092 Et
432 2032 489 2092 boc
515 2032 593 2092 enim
621 2032 762 2094 sensibile
791 2032 913 2093 fecisset
943 2052 1036 2113 aequa
1063 2033 1108 2094 vis
1137 2032 1310 2095 amissionis
1343 2040 1373 2094 et

197 2134 409 2205 restitutionis,
443 2133 469 2193 si
497 2133 554 2193 vivi
583 2152 618 2193 ex
647 2134 773 2194 mortuis
800 2135 915 2194 fierent.
960 2134 1020 2194 Gur
1048 2143 1144 2195 autem
1174 2134 1253 2195 mille
1284 2133 1370 2195 annis

197 2245 278 2316 post,
301 2234 361 2295 ”et
383 2249 444 2294 non
465 2234 565 2294 statim
588 2253 623 2294 ex
646 2236 771 2295 mortuis
794 2234 866 2305 vivi,
890 2253 972 2307 cum,
996 2234 1022 2294 si
1046 2254 1106 2295 non
1128 2235 1227 2296 statim
1250 2252 1365 2314 suppa-

197 2346 277 2398 retur
298 2335 378 2415 qnod
400 2333 610 2413 ”ei·ogatum¹²,
640 2335 671 2395 in
694 2343 786 2395 totum
809 2334 924 2395 absumi
954 2334 1137 2414 periclitetur
1157 2336 1369 2415 praeveniente

197 2437 415 2500 restitutionem
438 2435 618 2507 delectione,
641 2435 710 2513 quia
732 2454 787 2496 nec
807 2434 981 2514 ”pariasset
1003 2436 1200 2497 commeatusi
1223 2436 1271 2497 bic
1292 2436 1367 2497 ritae

198 2541 322 2602 miliario
346 2536 471 2615 tempori
493 2536 580 2615 longe
602 2536 714 2597 scilicet
734 2535 854 2596 brevior
883 2545 911 2596 et
938 2536 1048 2598 idcirco
1077 2537 1190 2598 facilior
1217 2545 1285 2599 ante
1315 2555 1370 2597 ex-

200 2640 289 2720 tingui
312 2658 400 2719 quam
428 2636 627 2698 redaccendi?
670 2637 763 2715 lgitur
789 2656 864 2716 qnae
892 2637 951 2699 boc
978 2638 1067 2699 modo
1096 2638 1314 2711 intercidisset,
1343 2638 1370 2699 si

200 2743 252 2803 viri
275 2760 312 2803 ex
333 2739 460 2800 mortuis
483 2739 603 2810 tierent,
627 2738 743 2817 quando
766 2757 826 2799 non
843 2738 1006 2814 iptercidit,
1030 2757 1091 2800 non
1113 2740 1170 2801 erit
1189 2739 1369 2802 credendum

201 2844 277 2906 viros
302 2861 338 2904 er
360 2839 486 2902 mortuis
510 2840 584 2901 b'eri.

280 2945 344 3005 lam
366 2961 437 3003 vero
461 2942 486 3002 si
510 2961 545 3001 ex
568 2942 694 3001 mortuis
709 2941 776 3012 vivi,
799 2942 901 3020 utique
917 2942 1024 3021 singuli
1040 2961 1075 3002 ex
1091 2942 1225 3021 singulis.
1260 2942 1370 3021 Singu-
1390 2974 1526 3031 cmm-1·

201 3046 293 3107 lorum
317 3062 390 3122 ergo
413 3062 573 3122 corporum
597 3042 726 3103 ¹animas
749 3051 782 3102 ut
805 3043 935 3122 singulas
965 3043 995 3102 in
1025 3043 1140 3120 singula
1168 3061 1294 3123 corpora
1322 3062 1373 3105 re-

201 3148 270 3208 verti
285 3153 469 3225 oportuerat.
505 3144 618 3203 Porro·
642 3145 669 3203 si
692 3151 722 3203 et
743 3143 829 3204 binae
853 3154 882 3205 et
905 3144 999 3203 trinae
1022 3152 1051 3203 et
1072 3145 1180 3222 quinae
1203 3163 1297 3223 usque
1314 3162 1373 3205 uno

201 3258 282 3309 utero
305 3255 515 3316 resumuntur,
539 3263 597 3304 non
621 3252 707 3305 erunt
730 3262 765 3304 er
788 3245 913 3305 mortuis
937 3244 1009 3315 vivi,
1033 3243 1100 3321 quia
1124 3262 1183 3304 non
1207 3245 1315 3321 singuli
1338 3263 1374 3306 er

201 3349 334 3428 singulis.
380 3346 416 3406 Et
438 3347 494 3406 boc
516 3354 612 3406 autem
636 3346 724 3405 modo
747 3343 902 3423 primordii
932 3345 1025 3403 torma
1047 3344 1227 3421 ²signatnrl,
1256 3362 1322 3405 cum
1346 3352 1376 3404 et

203 3536 239 3585 l'l.
257 3537 365 3584 barense
382 3533 459 3582 Auca.
501 3547 588 3580 arenae
608 3534 628 3581 b.
691 3528 729 3577 18.
749 3528 822 3576 urbes
846 3530 891 3577 iam
919 3537 1021 3591 quantae
1041 3531 1062 3578 l.
1104 3529 1149 3575 iarn
1176 3529 1248 3577 urbes
1272 3536 1376 3591 quantae

200 3604 263 3652 Fslr.
277 3604 382 3651 Ursinus.
439 3599 476 3647 19.
496 3599 633 3662 scopoliA.
686 3596 726 3644 20.
747 3596 926 3645 artioresdBl.
969 3596 1085 3644 arctiores
1110 3596 1202 3659 reliqui.
1256 3594 1296 3644 21.
1315 3610 1376 3658 que·

200 3672 273 3720 rellse
292 3671 317 3718 A.
353 3667 466 3731 querelae
484 3668 576 3730 reliqui.
630 3665 670 3714 22.
690 3666 822 3712 sustineret
839 3664 888 3727 Avp.
942 3661 982 3710 23.
1002 3663 1183 3724 remquamdii.
1214 3663 1374 3726 Ubiquefrre.

200 3737 240 3788 rt.
258 3737 415 3786 inolescentis
434 3737 455 3783 b.
520 3734 560 3782 25.
580 3747 709 3796 numquam
728 3732 770 3793 Αβ.
808 3730 895 3794 Ubique
917 3735 973 3794 scre.
1035 3728 1075 3778 26.
1101 3737 1124 3778 et
1142 3744 1190 3778 noo
1209 3733 1288 3780 oni.l.
1332 3727 1374 3780 27.

200 3813 313 3868 erogatur
331 3806 362 3863 b,
381 3819 431 3851 runs
449 3803 529 3850 Fuluio
549 3802 639 3849 Ursino.
694 3798 733 3847 28.
753 3799 843 3861 perias,
861 3798 903 3845 sed
923 3798 947 3846 B.
998 3847 999 3850 ,

266 3873 326 3933 Cap.
345 3870 422 3919 lllllll.
461 3870 482 3917 l.
502 3869 580 3917 anima
600 3868 764 3917 edd.Semleri
782 3873 802 3914 et
822 3866 939 3928 leopoldi.
967 3865 1060 3914 Vitiosi.
1112 3863 1135 3912 2.
1154 3863 1375 3927 signatnrlimcdo.

201 3939 337 4003 singulatur
355 3937 413 3987 Allo.

233 4065 509 4133 elautae-quantae]
528 4069 552 4118 ld
568 4077 604 4117 est
614 4077 648 4117 tot
662 4094 695 4101 —
706 4075 764 4131 quot
814 4068 906 4131 puriore
924 4067 953 4114 el.
974 4073 1063 4114 ennott.
1083 4065 1112 4113 nd
1130 4065 1184 4113 inv.
1196 4059 1266 4114 liare.
1283 4063 1376 4126 ll,29.,

201 4157 227 4191 ss
252 4156 297 4190 usu
322 4139 462 4189 Tertulliani
492 4146 515 4185 et
542 4138 686 4199 scriptorum
712 4136 764 4183 eius
816 4143 839 4182 et
857 4134 886 4182 de
905 4149 961 4181 roce
985 4141 1122 4182 commeatus
1146 4133 1236 4182 adnott.
1261 4132 1294 4180 lle
1312 4133 1376 4195 Fuga

201 4210 260 4259 sevi.
296 4207 409 4270 Exemplo
430 4206 483 4254 dedi
504 4204 531 4252 ad
551 4205 651 4265 Apolog.
671 4218 722 4265 cup.
743 4202 764 4250 l.
816 4203 840 4251 in
860 4202 980 4249 l‘erseont.
1001 4214 1052 4263 cap.
1063 4199 1087 4249 9.
1370 4228 1373 4233 ·

235 4278 252 4326 l.
276 4268 389 4338 secures]
418 4273 534 4320 Similiter
561 4273 660 4335 Apolog.
686 4269 764 4333 cepi
851 4269 907 4331 Cap.
927 4266 1005 4316 xxtt.
1041 4283 1062 4315 a.
1082 4263 1168 4327 Porro]
1191 4266 1215 4314 ld
1235 4274 1272 4316 est
1289 4273 1321 4327 st,
1339 4275 1376 4317 at·

203 4344 285 4402 „illam
305 4350 407 4390 veterem
428 4349 450 4388 et
469 4341 618 4402 squalentem
633 4339 715 4387 silvam
729 4339 764 4385 le·
817 4337 888 4384 enim.
923 4335 947 4382 V.
967 4334 1057 4382 adnott.
1077 4335 1105 4382 ad
1126 4334 1158 4381 llo
1177 4334 1272 4382 Corona
1291 4334 1376 4397 capsi.

202 4426 258 4472 gum
276 4411 343 4459 novis
362 4407 531 4472 principalium
551 4408 723 4468 rescriptorum
742 4411 766 4452 ct
851 4405 873 4451 b.
893 4397 1011 4465 signatur]
1031 4400 1145 4461 Rigaltius
1162 4401 1235 4450 edidit
1247 4402 1378 4464 singulatur

202 4479 336 4527 edictorum
364 4479 484 4525 securibus
512 4477 626 4523 truncatis
657 4481 681 4521 et
709 4487 765 4521 cae·
817 4485 844 4519 ex
868 4470 931 4518 libro
949 4468 1077 4529 dgobardi,
1102 4475 1125 4516 et
1150 4467 1180 4516 ita
1207 4470 1378 4532 interpretatos

202 4541 298 4595 oiiisr‘
818 4539 985 4594 estrlmmo,
1012 4536 1097 4597 inquit,
1124 4550 1177 4583 vera
1202 4535 1299 4585 bomani
1325 4535 1376 4599 pri-

235 4629 259 4674 g.
278 4618 334 4675 post
352 4605 516 4669 milleannos]
536 4606 765 4657 CLPlatoneedr.
818 4605 903 4653 mordii
928 4606 1005 4652 torma
1030 4603 1171 4663 singulatur,
1200 4617 1253 4652 cum
1273 4611 1295 4651 et
1314 4616 1378 4651 onoc

200 4696 225 4746 p.
236 4678 287 4730 248
299 4694 352 4741 sqq.
389 4677 422 4725 [le
442 4676 541 4738 Republ.
560 4677 588 4734 x,
607 4674 702 4738 potr.
818 4686 845 4721 er
864 4687 911 4719 uno
931 4678 954 4718 et
971 4670 1086 4731 singulari
1112 4670 1209 4718 bomine
1233 4670 1316 4732 plnres
1334 4682 1377 4729 gs·

234 4746 344 4810 b.qnod
364 4740 766 4807 erogatnmlliebocverbodixi
817 4747 939 4789 rorantur.
985 4738 1035 4786 lloc
1059 4738 1130 4786 modo
1155 4737 1308 4798 singularitas
1331 4735 1394 4813 brt-v

201 4817 232 4865 sd
252 4814 378 4875 Scorpiae.
399 4827 451 4874 cap.
465 4811 488 4860 6.
819 4808 880 4854 mani
901 4805 1025 4868 primordii
1044 4813 1160 4863 servatur,
1189 4818 1241 4852 cum
1267 4809 1290 4850 et
1314 4814 1378 4850 none

233 4885 253 4933 i.
279 4881 401 4946 pariasset
427 4873 594 4944 commeatus]
627 4877 662 4928 lle
694 4876 766 4925 serbo
817 4874 900 4939 plures
919 4874 1012 4924 enimse
1031 4873 1061 4924 de
1079 4887 1125 4922 nna
1142 4872 1308 4936 proteruntur.
