3242 5775
283 600 326 666 86
544 612 645 664 QUINTI
667 611 799 655 SssPlllll
819 607 984 653 raounrrs
1005 608 1201 652 rennuerunt

144 774 349 848 ‚emanarat
370 764 478 843 anquis
500 781 576 842 quae
598 761 711 823 sintin
732 761 789 821 deo
811 758 871 820 nisi
893 758 1016 838 spiritns
1037 758 1097 821 dai.
1145 757 1247 819 blandi
1275 766 1380 819 antem
1410 759 1465 821 ba-

144 868 387 951 10„‚1‚21,baates
410 864 564 942 spiritum,
587 881 649 924 non
671 868 868 940 agnoscentes
891 860 949 922 ¹⁸in
970 859 1115 938 sapientia
1137 858 1186 920 dei
1206 877 1262 938 per
1273 860 1467 938 *sapientiam

283 966 387 1039 deum,
412 963 640 1026 ”consultiores
661 962 782 1024 sibimet
802 961 941 1023 ridentur
957 962 1032 1035 deo,
1054 960 1196 1038 quoniam
1218 960 1297 1021 sicut
1319 961 1468 1041 sapienda

283 1066 387 1129 mnndi
408 1064 531 1128 starltitia
553 1072 601 1125 est
627 1082 720 1143 penes
749 1063 854 1134 deum,
887 1061 927 1123 ita
956 1070 987 1124 et
1014 1061 1158 1140 sapientia
1185 1060 1233 1122 dei
1262 1061 1393 1124 stultitia
1420 1070 1465 1125 eet

144 1184 375 1247 reor.r,ae.penes
396 1165 551 1227 mundum.
592 1165 651 1226 Sed
673 1184 730 1225 nos
752 1163 863 1225 scimus
885 1163 1009 1224 stultum
1031 1161 1077 1222 dci
1100 1162 1264 1241 sapientius
1285 1162 1460 1226 haminibus

286 1275 317 1330 et
341 1266 500 1329 invalidum
529 1266 575 1327 dei
604 1265 729 1326 validius
756 1262 940 1325 bominibus.
993 1263 1032 1324 Et
1059 1262 1099 1323 ita
1127 1263 1201 1324 deus
1235 1270 1308 1324 tunc
1335 1265 1461 1327 maxime

283 1387 424 1447 magnus,
448 1386 515 1428 cum
536 1366 651 1428 homini
672 1365 814 1445 pusillus,
838 1373 868 1425 et
889 1373 960 1425 tnnc
980 1363 1108 1425 maxime
1130 1364 1278 1443 optimus,
1312 1383 1382 1427 carna
1404 1366 1459 1427 bo·

284 1469 357 1531 mini
379 1487 440 1530 non
461 1467 577 1538 bonus,
599 1473 630 1527 et
651 1475 722 1527 tunc
735 1465 863 1526 maxime
877 1482 971 1537 unus,
995 1483 1061 1525 cnm
1076 1464 1190 1526 bomini
1208 1466 1267 1526 duo
1283 1474 1337 1527 ant
1349 1467 1463 1546 plures.

131 1586 266 1640 recanat.
287 1569 401 1644 Quodsi
423 1568 625 1646 aprtmontto
653 1568 743 1627 homo
768 1565 921 1627 animalis⁸
948 1583 1010 1626 non
1032 1565 1180 1644 recipiens
1203 1584 1279 1644 quae
1302 1576 1377 1629 sunt
1397 1569 1461 1647 spi-

283 1670 360 1733 ritus
382 1668 535 1731 stultitiam
557 1667 735 1729 existimavit
755 1667 803 1727 dei
824 1665 937 1745 legam,
968 1674 1110 1744 utquam
1138 1666 1300 1728 observare
1320 1668 1461 1747 neglexit,

170 1774 257 1867 xlffitlli
283 1771 412 1849 ideoque
433 1789 493 1830 non
516 1768 652 1829 babendo
675 1768 763 1829 tidem
785 1768 873 1829 etiam
895 1767 974 1844 quod
995 1766 1151 1828 videbatur
1164 1768 1274 1829 habere
1289 1768 1462 1849 ademptam

133 1855 333 1933 Lucillilli-est
359 1870 416 1945 illi,
448 1870 577 1948 paradisi
606 1868 700 1948 gratia
732 1878 762 1929 et
787 1866 969 1929 familiaritas
1002 1867 1051 1929 dei
1083 1886 1137 1946 per
1167 1887 1255 1947 quam
1283 1869 1385 1931 arnnia
1413 1870 1463 1932 dei

286 1972 476 2051 cognovisset
497 1971 523 2031 si
547 1969 715 2042 obedisset,
738 1968 808 2047 quid
831 1968 957 2040 mirum,
980 1967 1007 2028 si
1028 1968 1195 2031 redhibitus
1221 1970 1363 2032 materiae
1390 1988 1463 2033 ease

285 2081 317 2135 ct
337 2072 368 2132 in
391 2072 571 2150 ergastulum
592 2079 695 2144 terrae¹
711 2068 891 2129 laborandae
911 2068 1076 2146 relegatns‘
1105 2070 1135 2130 in
1157 2070 1224 2150 ipso
1246 2088 1339 2151 opere
1361 2089 1462 2151 perone

281 2181 318 2234 et
337 2172 448 2232 donaro
471 2173 507 2231 ad
530 2180 658 2232 terramt
679 2178 854 2248 usurpatum
882 2189 919 2230 ex
945 2169 994 2230 illa
1023 2170 1162 2249 spiritum
1190 2171 1291 2232 mundi
1318 2172 1462 2234 nnirerse

281 2274 388 2353 generi
411 2271 624 2344 suotradidit,
653 2271 792 2332 duntaxat
813 2270 930 2331 animali
954 2279 982 2331 et
1004 2270 1185 2345 haeretico&
1216 2291 1278 2333 non
1305 2273 1464 2353 recipienb’

286 2392 363 2452 quaa
377 2380 447 2435 sunt
461 2370 532 2434 dei?
564 2372 620 2432 Ant
643 2371 709 2449 quis
732 2370 879 2432 dubitabit
898 2371 997 2448 ipsum
1019 2371 1090 2433 illnd
1103 2372 1182 2433 Adae
1205 2372 1344 2435 delictum
1360 2373 1462 2437 ”bae-

282 2473 378 2533 resim
394 2472 587 2550 pronuntiare
608 2472 688 2547 qnod
709 2490 764 2550 per
780 2470 995 2533 ¹¹electionemi
1017 2490 1089 2533 suae
1110 2474 1212 2551 potius
1234 2491 1323 2552 quam
1345 2473 1464 2538 divium

286 2572 452 2632 sententiae
480 2569 623 2631 admisit?
670 2571 735 2631 Nisi
764 2573 844 2649 qnod
872 2572 963 2632 Adam
995 2590 1144 2651 nunquam
1172 2574 1260 2651 ligula
1291 2593 1348 2636 sno
1379 2576 1485 2652 dina.

285 2669 352 2731 Non
379 2670 543 2749 prudenter
569 2670 717 2732 definxisti
746 2691 804 2733 me.
857 2672 1020 2734 Conlessns
1051 2680 1098 2734 est
1129 2673 1344 2737 seductionem.
1394 2677 1463 2740 Noa

286 2771 442 2832 occultavit
475 2771 680 2833 seductricem.
729 2772 825 2833 lludis
859 2773 1046 2833 ”admodum
1078 2774 1244 2836 haereticus
1280 2776 1345 2838 tait.
1397 2777 1463 2840 Non

192 2870 196 2876 ’
285 2869 463 2946 ¹³obaudiit,
496 2891 558 2934 non
589 2881 686 2934 tamen
719 2872 935 2953 blasphemavit
967 2882 1150 2948 creatorem,
1183 2894 1239 2936 nec
1270 2877 1466 2957 reprehendit

287 2980 453 3045 auctorem,
486 2992 574 3052 quem
602 2993 619 3035 a
647 2974 811 3052 primordio
840 2974 887 3036 sui
913 2974 1053 3037 ²“bonum
1082 2984 1111 3037 et
1131 2975 1277 3054 optimum
1299 2978 1465 3054 invenerat,

288 3081 319 3135 et
338 3073 423 3153 ipsc,
447 3073 474 3134 si
495 3073 604 3147 lortel,
626 3074 753 3136 iudicem
774 3074 916 3137 ”fecerat
936 3094 953 3137 a
975 3076 1149 3155 primordio.

130 3217 138 3231 .
169 3209 270 3266 mm,
355 3174 465 3254 ·lgitur
487 3174 637 3255 oportebit
663 3176 800 3236 ineuntes
829 3176 1076 3237 examinationem
1103 3177 1134 3238 in
1162 3177 1250 3239 deum
1279 3186 1402 3254 notum,
1435 3180 1464 3242 si

198 3326 203 3334 .
286 3276 438 3355 quaeritur
459 3276 490 3337 in
512 3295 570 3355 qua
592 3275 766 3337 condicione
788 3275 830 3337 sit
850 3285 958 3348 notus,
987 3277 1023 3337 ab
1052 3278 1193 3356 operibus
1224 3279 1288 3340 eius
1318 3275 1492 3360 incipere*¹

288 3396 362 3458 quae
383 3377 484 3457 priora
507 3388 578 3439 sunt
597 3376 733 3450 bomine,
757 3378 901 3438 utstatim
918 3396 983 3437 cnm
1007 3377 1072 3456 ipso
1095 3378 1380 3475 compertasbonitas
1396 3366 1492 3444 eins'

284 3488 319 3540 et
340 3479 446 3541 exinde
468 3479 628 3540 constituta
648 3487 736 3558 atque
757 3478 939 3558 praescripta
954 3477 1079 3555 aliquem
1096 3497 1219 3540 sensnm
1242 3490 1382 3561 suggerat
1404 3501 1464 3543 no·

283 3618 329 3680 ¹18.
347 3631 370 3678 in
388 3631 506 3692 sapientia
524 3632 560 3679 cd.
595 3631 618 3680 in
636 3630 778 3694 sapientiam
797 3631 823 3679 l.
859 3629 1020 3692 insipientiam
1041 3630 1094 3680 Cob.
1117 3631 1361 3683 lall.eerbaldnndi
1380 3643 1492 3691 satem,

286 3721 322 3731 —
337 3720 372 3730 -
388 3719 423 3729 —
443 3697 467 3744 in
492 3699 609 3758 sapientia
633 3699 671 3746 dei
696 3705 748 3746 sant
772 3699 866 3746 omissa.
927 3696 967 3745 ts.
992 3698 1145 3746 consultores
1171 3699 1214 3747 All.
1272 3699 1313 3749 20.
1341 3701 1466 3755 haeresia

286 3763 397 3822 didicat.
433 3763 544 3812 haeresin
563 3766 598 3812 ed.
640 3762 680 3812 ²1.
699 3765 826 3813 lectionem
844 3763 888 3813 tc.
929 3762 969 3812 22.
989 3763 1117 3812 adrnadarn
1136 3765 1487 3830 disteddaraieasistiber-

240 3862 247 3871 ·
288 3837 309 3880 et
331 3831 451 3881 Vaticanus
468 3837 571 3893 aterque.
612 3829 690 3879 adhoc
709 3832 732 3880 G.
789 3828 829 3881 23.
849 3830 970 3880 obaudivit
996 3832 1155 3882 vaticanorum
1173 3849 1241 3884 crtus.
1300 3833 1341 3883 tt.
1368 3836 1464 3889 bonan

286 3898 360 3947 lnce.
382 3899 503 3947 Vaticanus
519 3903 623 3960 aterque.
659 3906 682 3947 ct
700 3898 788 3948 bonam
809 3899 862 3949 Cot.
914 3897 955 3948 25.
975 3900 1071 3949 lecerat.
1106 3898 1276 3964 lprimcrdia
1295 3902 1368 3963 igitur
1386 3917 1468 3968 apor-

287 3963 347 4013 tebit
364 3970 416 4014 cett.
435 3965 556 4025 distinguit
573 3965 611 4013 l'r.
623 3965 712 4014 lenias.
742 3968 745 3975 '

322 4077 342 4112 e.
362 4062 435 4112 boaro
452 4058 576 4128 animalis]
596 4057 721 4129 Ψυχαός.
750 4065 780 4114 Er
796 4074 848 4115 sta·
933 4066 955 4116 b.
975 4065 1088 4114 duntaxat
1104 4067 1202 4116 animali
1221 4076 1245 4116 et
1258 4065 1395 4134 haeretica]
1413 4069 1470 4120 lte·

287 4129 330 4179 tim
354 4131 457 4193 explicet
483 4145 550 4190 „non
574 4134 694 4196 recipiens
712 4147 774 4197 qaae
791 4141 850 4183 sant
898 4147 945 4196 qne
963 4133 1024 4181 alios
1042 4133 1169 4196 psychicos
1188 4135 1252 4192 tacit,
1276 4135 1338 4184 alica
1356 4137 1471 4188 beanti-
1490 4178 1492 4183 .

287 4196 413 4260 spiritns.“
432 4198 538 4258 (Rigalt.)
628 4202 630 4206 '
899 4214 950 4258 cos,
975 4208 1000 4248 ut
1023 4202 1086 4249 etin
1106 4203 1225 4264 principio
1250 4202 1304 4251 libri
1323 4202 1358 4252 llo
1377 4204 1467 4254 Mona·

322 4264 339 4312 l.
366 4265 388 4312 in
417 4265 563 4324 ergastulum
590 4275 668 4316 terrae
701 4266 848 4317 laborandae
899 4268 985 4328 genia.
1009 4269 1038 4316 Et
1056 4270 1260 4318 tamenldamnm
1279 4270 1370 4332 ipsam,
1390 4286 1469 4335 qrrean

287 4327 420 4395 relegatae]
440 4333 646 4396 ltel’alliocep.3
664 4334 780 4398 „pettam
793 4335 848 4384 orbi
899 4335 1037 4398 psychicum
1057 4343 1131 4394 vocnt,
1151 4350 1205 4385 mox
1223 4337 1357 4400 appellabit
1374 4339 1469 4389 asem·

288 4406 314 4446 at
332 4399 429 4447 metallo
447 4400 554 4458 datar.“,
580 4401 609 4449 ad
634 4416 695 4464 quse
717 4402 788 4450 rerba
815 4403 847 4452 cl.
899 4403 980 4451 ticum.
999 4402 1104 4463 (Rigalt.)
1455 4425 1459 4431 ·

288 4479 350 4528 qaae
367 4466 483 4515 adnotari.
529 4467 564 4517 Cl.
588 4469 661 4517 etism
688 4468 752 4531 lips.
772 4469 848 4520 Elect.
932 4469 948 4517 i.
967 4483 1011 4531 per
1028 4466 1182 4534 electionem]
1207 4471 1243 4519 ct
1262 4470 1296 4519 lle
1316 4470 1469 4536 Praeseript.

287 4531 319 4593 ll,
333 4532 373 4582 lb.
391 4533 484 4595 pnes.
503 4534 566 4598 Opp.
584 4536 622 4584 ed.
642 4535 719 4584 Vesal.
899 4536 994 4585 Haeret.
1015 4551 1066 4599 cap.
1080 4536 1103 4585 6.
1139 4538 1212 4596 Adde,
1231 4540 1250 4585 si
1270 4533 1359 4600 placet,
1379 4538 1465 4590 butt.

321 4615 344 4662 g.
363 4614 441 4662 prono
458 4609 482 4651 et
499 4602 587 4652 devexo
606 4604 635 4652 sd
652 4597 755 4666 terram]
776 4603 847 4653 llixe·
899 4603 996 4652 llerald.
1015 4604 1122 4666 Digrese.
1141 4604 1169 4661 ll,
1181 4605 1204 4653 b.
1223 4620 1247 4668 p.
1257 4604 1316 4654 286.

288 4676 325 4717 rat
343 4668 440 4717 Persius
459 4665 520 4733 [Sat.
535 4669 565 4730 ll,
577 4669 630 4734 bl]
656 4670 693 4730 „0
714 4685 799 4720 carrae
823 4671 847 4720 la
933 4671 955 4720 l.
975 4672 994 4719 si
1014 4670 1087 4736 torte]
1107 4672 1140 4720 lle
1154 4673 1199 4721 bec
1211 4672 1342 4731 locatione,
1360 4674 1469 4736 proprie

288 4743 366 4785 umes
391 4737 486 4787 animae
511 4744 536 4787 et
560 4738 701 4789 aelestiaaa
729 4735 846 4788 iaanesl‘¹
899 4737 1070 4797 Tertullianea,
1098 4740 1237 4789 adnotatam
1256 4749 1293 4790 eet
1311 4740 1341 4790 sd
1359 4740 1395 4789 lle
1414 4740 1489 4790 Ceo·

287 4802 394 4867 (Rigalt.)
899 4818 959 4854 rana
976 4820 1030 4868 cap·
1042 4807 1065 4855 b.
