3242 5775
305 675 369 741 lid
561 688 662 742 ournar
684 664 816 732 saraim
836 684 1003 730 rtonnnrrs
1025 684 1220 729 renrummru

255 906 257 910 ,
306 841 412 906 divinis
432 841 557 902 vocibus
581 837 809 920 ”persuadeam
853 836 1010 899 Videamus
1031 836 1120 916 igitur
1142 836 1201 897 boc
1220 836 1367 916 primum,
1397 855 1471 917 quo-

305 959 380 1008 nam*
397 942 507 1005 ¹³titulo
528 927 603 1022 spes‘
621 941 676 1003 ista
692 939 882 1021 “proscripta
896 939 945 1000 sit.
977 937 1089 1012 Unum,
1113 939 1236 1018 opinor,
1259 938 1336 1017 apud
1364 956 1468 1000 omnes

308 1041 461 1109 ¹llsdictmn
483 1043 530 1105 dei
551 1041 691 1124 pendeti,
718 1041 907 1103 Resurrectio
928 1049 1125 1102 mortuorum.
1169 1038 1233 1100 Duo
1263 1040 1353 1102 verba
1381 1059 1471 1120 expe·

307 1147 382 1222 dita,
404 1147 516 1219 decisa,
539 1146 665 1207 detersa.
702 1143 769 1222 lpsa
791 1143 977 1216 conveniam,
1000 1143 1064 1222 ipsa
1087 1128 1257 1215 discutiam,
1281 1141 1328 1203 cui
1350 1159 1385 1203 se
1400 1142 1472 1203 sub·

307 1248 432 1311 stantiae
463 1246 607 1309 addicant.
659 1244 731 1306 Cum
764 1244 852 1340 aud·
885 1244 1136 1305 resurrectionem
1165 1243 1276 1303 homini
1306 1243 1469 1315 imminere,

307 1368 446 1430 quaeram
467 1365 590 1410 necesse
613 1355 660 1408 est
680 1346 749 1426 quid
764 1346 830 1407 eius
845 1345 950 1407 cadere
966 1344 1105 1406 sortitum
1128 1345 1149 1376 ¹⁶
1157 1346 1211 1418 sit3
1235 1344 1383 1422 siquidem
1398 1343 1471 1405 nibil

307 1441 648 1530 resurgere'expectabit
669 1447 727 1508 nisi
748 1446 828 1527 quod
851 1454 918 1507 ante
934 1446 1101 1508 succiderit.
1137 1446 1193 1519 Qui
1216 1445 1334 1524 ignorat
1356 1464 1471 1508 earnem

308 1553 413 1616 cadere
434 1570 488 1632 per
509 1558 651 1631 morum,
673 1556 774 1629 potest
794 1566 859 1609 eam
880 1566 936 1609 nec
950 1555 1076 1609 stantem
1092 1565 1183 1609 nosse
1199 1566 1253 1627 per
1267 1546 1366 1610 vitam.
1395 1548 1472 1609 Sen-

159 1638 430 1716 commutantium
452 1652 499 1713 dei
521 1661 624 1714 natura
639 1649 823 1731 pronuntiat:
847 1649 938 1711 Terre
962 1667 1011 1722 es,
1035 1657 1063 1710 et
1085 1649 1115 1710 in
1137 1657 1246 1711 terram
1268 1648 1336 1709 ibis.
1370 1649 1409 1710 Et
1423 1649 1472 1728 qui

309 1773 371 1817 non
403 1751 555 1827 flandra,
587 1751 674 1813 videt.
729 1750 812 1811 Nulla
844 1768 928 1812 more
954 1769 1014 1811 non
1043 1751 1127 1812 ruina
1154 1750 1357 1812 membrorum
1392 1750 1474 1812 ¹⁸est.

308 1856 392 1919 lianc
412 1855 548 1936 corporis
569 1863 681 1916 sortem
703 1852 840 1914 dominus
861 1869 980 1931 quoque
1002 1853 1164 1931 expressit,
1197 1852 1289 1914 ¹”cum
1312 1851 1377 1931 ipsa
1400 1851 1473 1915 sub-

193 1963 295 2016 ¹⁰·¹¹·¹⁸·
309 1957 416 2021 stantia
438 1957 572 2029 indutus,
595 1954 723 2025 Discite,
746 1953 854 2033 inquit,
877 1954 1018 2033 templum
1041 1954 1137 2028 istud,
1161 1961 1191 2015 et
1212 1972 1266 2033 ego
1288 1953 1358 2016 illud
1376 1954 1474 2016 triduo

310 2058 503 2122 resuscitabo.
558 2056 696 2119 Ostendit
729 2054 807 2118 enim
839 2056 923 2117 cuius
957 2056 997 2116 sit
1028 2056 1121 2128 dirui,
1155 2056 1238 2117 cuius
1272 2055 1358 2128 elidi,
1391 2056 1476 2118 usius

311 2160 422 2235 iacere,
453 2159 565 2222 ”cuius
594 2167 624 2220 et
651 2157 772 2219 relevari
801 2166 830 2218 et
856 2157 1042 2231 resuscitari3
1080 2175 1253 2237 quamquam
1287 2165 1317 2217 et
1350 2156 1476 2219 animam

185 2254 296 2350 xmp·
310 2261 541 2324 ¹¹circumferret
567 2260 760 2339 trepidantem
791 2277 886 2338 usque
913 2259 949 2320 ad
977 2268 1119 2332 mortem,
1151 2259 1204 2319 sed
1233 2276 1293 2319 non
1323 2258 1477 2320 cadentem

196 2335 364 2445 10.11'.u.per
385 2372 526 2436 mortem3
559 2362 626 2442 quia
649 2370 679 2423 et
699 2360 860 2440 scriptura,
894 2361 936 2422 lle
958 2379 1100 2439 corpore,
1129 2361 1239 2440 inquit,
1273 2379 1329 2422 suo
1352 2360 1475 2422 dixerat.

309 2469 405 2545 Atque
427 2465 500 2526 adeo
523 2482 591 2525 earn
615 2472 662 2524 est
682 2482 757 2541 qnae
783 2471 879 2524 morte
906 2461 1073 2534 subruitur,
1108 2472 1140 2524 ut
1167 2462 1271 2523 exinde
1299 2481 1314 2524 a
1344 2455 1478 2524 cadendo

312 2567 434 2629 cadaver
455 2565 677 2626 ”renuntietur
719 2564 823 2626 Anima
843 2582 935 2652 porro
957 2583 1013 2626 nec
1033 2564 1174 2624 vocabulo
1203 2563 1296 2632 cadit,
1326 2564 1394 2644 quia
1423 2583 1479 2625 nec

312 2668 414 2730 babitu
445 2667 513 2728 nsit
566 2664 701 2744 ”Atquin
729 2666 794 2744 ipsa
824 2675 871 2726 est
898 2684 972 2744 quae
1001 2666 1114 2726 ruinam
1143 2666 1261 2743 corpori
1290 2665 1379 2726 insert
1410 2684 1478 2727 cum

312 2768 409 2834 efflata
431 2778 494 2841 est,
525 2766 602 2828 sicut
621 2767 684 2845 ipsa
707 2775 754 2828 est
780 2785 854 2844 quae
876 2766 946 2827 illud
969 2767 1005 2828 de
1029 2774 1105 2827 tersa
1126 2765 1311 2828 ²‘suscitabit
1330 2767 1478 2847 ingressa.

310 2870 377 2933 Non
399 2877 500 2950 potest
520 2869 624 2931 cadere
646 2886 720 2946 quae
739 2865 921 2930 ¹‘suscitabit
935 2867 1086 2948 ingressa3
1109 2887 1169 2930 non
1184 2877 1286 2948 potest
1299 2888 1386 2932 ruere
1400 2888 1480 2950 quae

311 2971 422 3055 &elidit
443 2988 573 3049 egressa.
616 2969 714 3031 Artius
737 2969 846 3044 dicam,
871 2988 910 3031 ne
931 2971 962 3031 in
984 2989 1121 3032 somnum
1144 2970 1261 3050 quidem
1283 2971 1359 3034 cedit
1379 2973 1481 3034 anima

314 3090 380 3135 cum
403 3090 545 3152 corpore,
567 3089 605 3132 ne
627 3083 687 3132 tum
709 3070 826 3150 quidem
850 3070 992 3132 sternitur
1014 3091 1079 3133 curn
1103 3091 1199 3134 carne.
1247 3072 1388 3134 ”litemm
1413 3074 1481 3152 agi·
1517 3152 1519 3157 η

314 3181 393 3235 tatur
419 3172 586 3235 insomnis
615 3180 644 3234 et
670 3172 831 3247 lectitatum
865 3173 1031 3251 quiesceret
1058 3182 1171 3248 autem,
1206 3175 1232 3235 si
1260 3175 1384 3248 iaceret,
1419 3174 1481 3236 ”et

313 3275 437 3349 iaceret,
460 3274 486 3336 ei
501 3275 628 3336 caderet.
664 3273 706 3334 lta
722 3291 777 3335 nec
796 3274 827 3334 in
848 3274 1026 3335 ”venialem
1050 3276 1153 3337 mortis
1176 3275 1252 3336 cadit
1273 3290 1349 3354 quae
1367 3292 1425 3337 nec
1447 3277 1480 3337 in

247 3396 250 3401 ·
291 3375 497 3456 '⁸⁰imaginem
519 3377 584 3439 eius
605 3375 673 3436 ruit.
709 3360 842 3454 Se'quens
864 3394 942 3437 nunc
959 3376 1146 3450 uocabulum,
1168 3378 1361 3450 Mortuerum,
1383 3394 1482 3457 aeque

315 3478 427 3560 dispice
449 3479 496 3540 cui
518 3477 699 3540 substantiae
720 3477 874 3551 ³¹insidat3
901 3496 1075 3558 quamquam
1097 3478 1127 3539 in
1149 3478 1205 3540 bac
1225 3480 1347 3542 materia
1367 3478 1480 3541 admit-

315 3589 410 3643 tamus
431 3579 579 3642 interdum
601 3579 809 3641 mortalitatem
831 3580 945 3641 animae
966 3579 1110 3658 assignari
1133 3580 1169 3641 ab
1184 3580 1357 3654 haereticis,
1378 3589 1430 3656 ut,
1453 3582 1483 3642 si

315 3682 411 3744 anima
432 3682 566 3742 mortalis
587 3680 834 3743 resurrectionem
856 3689 1049 3743 consecutura
1072 3691 1133 3756 est,
1155 3682 1366 3761 praeiudicium
1389 3684 1483 3745 silet

316 3783 396 3845 carni
417 3800 476 3844 non
500 3782 597 3844 minus
619 3783 734 3843 mortali
754 3783 1003 3844 resurrectionem
1019 3784 1295 3846 communicaturae.
1326 3783 1386 3847 Sed
1400 3802 1484 3847 nunc

318 3934 358 3985 12.
376 3934 548 3998 persuadeatur
566 3933 623 3982 lico.
678 3933 715 3984 13.
734 3935 802 3985 titulo
820 3936 976 3999 lttmqatcd.
1011 3936 1067 3985 stilo
1088 3937 1110 3986 C.
1165 3936 1203 3985 tl.
1227 3938 1363 4002 prescripta
1385 3936 1479 3987 diss.

316 4003 450 4068 perscripta
469 4018 489 4052 c.
507 4009 553 4051 trra
574 4003 682 4051 Vaticani.
741 4002 780 4052 15.
804 4004 892 4066 pendet
915 4004 1017 4053 edictum
1043 4005 1080 4054 dei
1098 4006 1124 4054 Α.
1183 4003 1221 4053 to.
1246 4006 1278 4054 sit
1294 4002 1393 4056 cml!-
1436 4003 1478 4052 l'l.

317 4069 403 4120 audirit
422 4071 466 4130 cd,
486 4085 515 4118 ee
532 4070 610 4121 codice
627 4071 797 4121 inelementia.
833 4072 898 4121 audit
914 4073 1006 4137 reliqui.
1059 4072 1097 4123 18.
1117 4081 1153 4122 est
1170 4072 1284 4123 omnic.
1318 4072 1479 4137 Addidltpn'-

315 4154 377 4188 nrum
396 4139 523 4197 &nuncius
542 4141 570 4187 de
587 4140 636 4187 seis
654 4141 721 4189 codd.
775 4139 814 4189 19.
834 4153 886 4188 cum
905 4142 980 4191 orn.b.
1038 4139 1076 4189 20.
1096 4140 1147 4189 eius
1165 4157 1193 4201 c.,
1214 4155 1243 4189 ee
1260 4142 1335 4190 trites
1355 4140 1480 4193 Vaticanis.

317 4205 357 4256 21.
378 4206 541 4255 circumferret
559 4207 594 4256 cd.
612 4213 657 4255 tres
678 4206 787 4257 Vaticani.
822 4207 972 4257 circumferet
991 4208 1015 4257 B.
1056 4217 1079 4258 et
1097 4208 1248 4258 circumferet
1265 4209 1290 4257 l.
1326 4209 1481 4258 circumierat

316 4275 408 4338 reliqui.
452 4272 492 4322 22.
511 4276 651 4323 enuncietur
668 4276 690 4323 b.
735 4273 776 4324 23.
792 4276 867 4338 tltque
886 4292 906 4325 c.
940 4275 1009 4339 tltqui
1030 4276 1052 4325 C.
1097 4275 1136 4325 tt.
1156 4276 1277 4326 suscitavit
1295 4278 1333 4326 eb.
1377 4275 1419 4327 25.
1437 4292 1480 4326 se·

317 4342 409 4392 scitarit
429 4340 481 4392 cat.
516 4344 541 4391 ln
558 4343 583 4391 B.
602 4343 762 4392 desideranter
778 4345 846 4392 serbe
864 4343 915 4392 Non
934 4351 1014 4407 potest
1032 4345 1116 4394 cedere
1135 4359 1195 4408 quae
1213 4344 1338 4394 suscitabit
1361 4345 1481 4407 inpressa.

317 4408 359 4460 26.
378 4408 449 4470 elegit
466 4411 526 4460 tlt.
571 4409 611 4459 27.
630 4410 720 4458 Etenim
740 4411 785 4470 cd„
805 4426 835 4460 ea
847 4411 938 4461 cedia.
953 4413 1079 4462 clemenstia.
1114 4412 1162 4461 Sed
1181 4414 1244 4461 enim
1261 4413 1355 4476 reliqui.
1398 4412 1437 4464 28.
1457 4421 1483 4462 et

318 4479 414 4534 iaceret,
439 4479 459 4526 si
484 4478 579 4528 cederet
606 4478 718 4528 omitt.
759 4478 854 4528 Addidit
872 4481 926 4529 bees
943 4484 1041 4544 primam
1058 4482 1087 4530 de
1104 4482 1153 4529 seis
1171 4481 1238 4530 codd.
1258 4481 1398 4544 denunties.
1439 4478 1480 4531 29.

317 4545 414 4597 veritate
431 4545 506 4595 Asca.
559 4545 599 4595 30.
619 4547 720 4609 imagine
737 4545 812 4597 luca
865 4545 1067 4597 ³1.instdent.
1102 4547 1197 4597 insidiet
1214 4550 1239 4598 l.

350 4646 374 4696 d.
393 4645 495 4696 edictum
514 4645 552 4696 dei
565 4640 664 4710 pendet]
684 4647 872 4712 Quasiappensa
922 4649 991 4697 edicti
1011 4648 1115 4711 pendere
1133 4647 1294 4698 mandavero“
1306 4658 1361 4699 cett
1374 4649 1484 4711 (Rigalt.)

317 4715 406 4773 tabula,
425 4714 487 4761 unde
505 4715 534 4764 de
553 4716 624 4778 plano
643 4722 707 4765 reete
725 4713 770 4777 legi
788 4716 872 4778 possit.
922 4716 962 4765 Sic
979 4716 1032 4765 lde.
1053 4716 1122 4765 blare
1142 4715 1235 4776 lv,36:
1254 4717 1307 4776 „rel
1327 4718 1358 4768 de
1375 4718 1481 4768 recenti·

317 4784 358 4834 Sie
374 4783 493 4832 Ausonius
504 4783 615 4846 Panegyr.
635 4783 701 4842 „llas
718 4798 762 4843 eqo
780 4784 871 4832 litteras
921 4783 966 4832 bus
984 4784 1162 4846 Augustinianis
1186 4785 1307 4845 censibus,
1332 4788 1409 4836 adbuc
1425 4793 1482 4836 tune

317 4860 370 4902 taes
387 4853 409 4900 si
426 4850 450 4898 iu
468 4851 579 4900 omnibus
602 4850 659 4914 pilis
684 4857 754 4914 atque
772 4852 871 4914 portici·
920 4856 1018 4916 sortasse
1035 4851 1221 4917 pendentibue.“,
1242 4853 1282 4903 obi
1300 4868 1320 4902 u.
1340 4854 1432 4905 adnott.

316 4919 371 4982 bns,
389 4917 451 4969 unde
469 4919 498 4970 de
515 4918 588 4985 pleno
606 4918 652 4980 legi
671 4919 774 4982 possint,
797 4920 872 4969 instar
