3242 5775
735 617 752 650 Ο

649 685 796 729 invorsos
819 686 962 731 anausim
1125 706 1129 713 ,
1329 673 1391 738 689

216 828 294 896 'lius
317 834 353 896 ad
375 842 507 915 patrem,
532 845 561 895 et
583 854 683 896 sermo
707 836 743 897 ad
766 833 879 897 deum?
923 834 989 915 ipsa
1012 854 1130 916 quoquo
1152 837 1279 901 clausula
1302 855 1392 902 evan-

216 935 283 1015 gelii
305 943 429 1014 propter
450 935 519 1014 quivl
542 936 696 1013 consignat
717 937 790 997 haer
812 935 939 1015 scripta,
962 937 1036 1009 nisi,
1059 936 1096 999 Ut
1118 938 1262 1011 credatis,
1286 938 1390 1019 inquit,
1405 948 1524 1001 texum.

215 1036 315 1097 lesum
338 1036 487 1097 Christum
510 1036 601 1098 filium
624 1035 696 1098 dei?
727 1037 819 1116 lgitur
840 1055 1032 1116 quaecunque
1055 1056 1091 1100 ex
1110 1020 1160 1100 bis
1180 1040 1333 1121 putaveris
1354 1041 1391 1102 ad

216 1136 501 1197 demonstrationem
526 1137 658 1198 eiusdem
681 1140 774 1216 patris
796 1146 826 1198 et
840 1136 909 1198 filii‘
929 1138 1074 1217 proficere
1090 1139 1142 1200 tibi
1159 1158 1263 1219 posse,
1286 1141 1394 1203 adver-

216 1256 269 1298 sus
293 1238 470 1298 definitivam
494 1237 634 1316 evangelii
657 1238 834 1299 sententiam
851 1238 966 1299 niteris.
1003 1239 1067 1300 Non
1091 1240 1158 1301 ideo
1181 1241 1260 1303 enim
1283 1242 1394 1322 scripta

215 1348 300 1410 sunt,
324 1347 357 1399 ut
378 1349 492 1417 patrem
516 1340 619 1400 eredas
642 1339 758 1399 ”lesum
782 1338 948 1412 Christum,
973 1339 1026 1400 sed
1049 1349 1081 1402 ut
1102 1340 1206 1402 filium.

300 1439 427 1519 Propter
448 1459 540 1500 uuum
563 1440 688 1519 Philippi
712 1459 882 1501 sermonem
915 1449 945 1500 et
967 1440 1079 1501 domini
1101 1442 1332 1522 responsionem
1355 1442 1391 1505 atl
1408 1446 1529 1503 ctum!

215 1559 282 1601 eum
307 1540 457 1601 ’videmur
479 1541 599 1601 loannis
623 1542 803 1619 evangelium
827 1541 1068 1615 ’decucurrisse,
1091 1560 1130 1604 ne
1152 1551 1197 1604 tot
1218 1540 1393 1606 ’manifeste
1452 1585 1458 1590 -

214 1641 405 1721 pronuntiata
434 1650 463 1700 et
490 1650 557 1701 ante
585 1650 615 1700 et
643 1651 745 1720 postea
776 1661 854 1703 unus
887 1660 988 1702 sermo
1023 1642 1188 1714 subvertat,
1228 1643 1392 1706 seeundum

216 1741 314 1801 omnia
337 1741 438 1819 potius
462 1760 549 1820 quam
572 1742 715 1802 adversus
739 1743 854 1815 omnia,
893 1742 979 1803 etiam
1009 1742 1151 1804 adversus
1181 1761 1254 1804 suos
1283 1760 1393 1805 sensus

215 1842 467 1919 interpretandus.
513 1842 649 1903 Ceterum
674 1844 782 1905 utalia
811 1843 958 1921 evangelia
988 1860 1048 1903 non
1077 1844 1285 1922 interponam,
1316 1824 1393 1922 {puae

214 1943 383 2002 ‘nativitate
406 1941 552 2002 <lominica
575 1943 679 2003 'fidem
703 1944 893 2017 confirmant,
921 1943 1031 2004 sulfioit
1052 1943 1137 2004 “eum
1159 1944 1209 2023 qui
1233 1943 1314 2006 nasei
1337 1944 1393 2006 ba·

214 2044 304 2104 bebai
326 2062 360 2103 ex
384 2041 497 2121 virgine
520 2043 556 2103 ab
579 2043 645 2121 ipso
669 2045 837 2107 annuntiari
861 2045 965 2123 angelo
981 2044 1074 2104 lilium
1091 2043 1138 2104 dei
1153 2043 1393 2129 determinatum.

215 2144 347 2223 Spiritus
369 2143 416 2203 dei
439 2146 626 2222 superveniet
649 2145 678 2205 in
707 2154 751 2217 te,
785 2154 815 2205 et
842 2145 935 2205 virtus
964 2143 1102 2205 altissimi
1130 2143 1318 2206 obumbrabit
1345 2153 1522 2216 tenueras.

214 2254 373 2324 propterea
396 2245 474 2321 quod
498 2254 637 2305 nascetur
658 2264 694 2305 ex
717 2255 745 2306 te
767 2246 936 2317 'sanetum,
961 2245 1113 2305 vocabitur
1135 2244 1213 2306 filius
1236 2245 1294 2306 dei.
1330 2245 1393 2306 Vo-

214 2346 278 2406 lent
300 2344 416 2424 quidem
440 2354 468 2404 et
491 2345 539 2404 bic
568 2345 783 2423 argumentari,
818 2346 870 2406 sed
900 2345 1008 2414 veritas
1036 2344 1224 2424 praevalebit.
1268 2345 1392 2425 Nempe,

215 2446 369 2525 inquiunt,
394 2445 471 2505 filius
494 2445 541 2505 ‹lei
564 2446 637 2506 deus
661 2455 724 2517 est,
748 2456 778 2506 et
799 2447 894 2506 virtus
910 2447 1045 2507 altissimi
1062 2446 1224 2507 altissimus
1239 2455 1297 2507 est.
1333 2445 1395 2508 Neo

214 2546 309 2627 pudet
330 2546 397 2606 illos
421 2546 530 2606 inicere
553 2545 666 2625 ‘quod,
690 2547 715 2605 si
739 2555 836 2618 esset,
870 2547 1012 2626 scriptum
1035 2547 1150 2610 fuisset.
1196 2546 1291 2618 Quem
1313 2545 1393 2607 enim
1493 2568 1497 2580 ⁷

216 2646 388 2718 verebatur,
412 2654 444 2705 ut
468 2664 526 2705 non
550 2655 651 2724 aperte
673 2647 894 2725 pronuntiaret,
924 2648 1002 2708 Deus
1025 2646 1229 2725 superveniet,
1253 2653 1284 2707 et
1305 2645 1394 2707 altis-

217 2748 312 2807 simus
336 2746 524 2807 obumbrabit
547 2745 599 2806 te?
643 2747 749 2807 Dicens
773 2755 888 2821 autem,
921 2747 1050 2826 Spiritus
1078 2746 1143 2820 dei,
1173 2746 1231 2808 etsi
1251 2744 1393 2826 ’spiritus

216 2849 282 2920 dei,
307 2856 405 2908 tamen
429 2865 487 2908 non
511 2840 622 2908 directo
646 2848 733 2909 deum
757 2849 913 2910 nominans
947 2848 1115 2928 portionem
1143 2847 1236 2910 totius
1265 2845 1394 2926 intellegi
1469 2873 1476 2882 ¹

214 2950 325 3020 voluit,
349 2968 423 3027 quae
447 2967 568 3009 cessura
591 2958 654 3009 erat
676 2950 704 3008 in
721 2951 772 3011 lilii
788 2970 908 3011 nomen.
942 2950 997 3012 llic
1019 2949 1142 3029 spiritus
1166 2949 1213 3009 dei
1236 2948 1314 3026 idem
1338 2947 1395 3009 erit

215 3069 327 3111 sermo.
362 3049 470 3109 ¹⁰Sicut
493 3051 569 3109 enim
594 3050 702 3110 loanne
724 3051 850 3122 dicente,
874 3051 978 3111 Sermo
998 3069 1066 3111 caro
1083 3051 1204 3110 ¹¹laetus
1220 3058 1274 3124 est,
1298 3046 1390 3128 ¹'spi·
1406 3064 1499 3116 10.1,n.

216 3152 308 3212 ritum
332 3169 449 3229 quoque
473 3149 668 3227 intellegimus
693 3152 889 3212 inaementione
906 3152 1069 3222 sermonis,
1093 3150 1132 3211 ita
1155 3160 1185 3210 et
1206 3150 1255 3211 bio
1276 3167 1393 3210 sermo-
1417 3136 1425 3147 ’
1489 3141 1493 3153 ’

217 3271 287 3313 nem
311 3270 428 3330 quoque
451 3251 639 3328 agnoscimus
662 3252 691 3310 in
715 3252 836 3312 nomine
858 3253 992 3330 spiritus.
1027 3251 1099 3310 Nam
1123 3258 1151 3310 et
1173 3249 1295 3328 spiritus
1318 3248 1393 3309 sub·
1450 3227 1453 3277 Ι

217 3353 326 3413 stantia
350 3361 396 3411 est
418 3351 577 3422 sermonis,
602 3359 630 3409 et
653 3370 751 3410 sermo
776 3351 909 3429 operatio
931 3351 1062 3429 spiritus,
1080 3358 1115 3410 et
1130 3349 1189 3409 duo
1205 3365 1296 3408 unum
1313 3355 1394 3407 sunt.
1452 3406 1455 3410 ,

219 3454 358 3513 Ceterum
382 3452 468 3512 alium
493 3452 619 3511 loannes
642 3450 831 3528 profitebitur
858 3469 976 3510 carnem
1000 3451 1124 3520 santum,
1157 3447 1246 3507 alium
1273 3446 1395 3525 angelus

218 3571 337 3613 carnem
362 3554 507 3622 tutorum,
536 3550 645 3610 sinon
669 3560 697 3610 et
720 3550 844 3628 spiritus
868 3568 967 3609 sermo
990 3558 1053 3620 est,
1087 3556 1116 3607 et
1138 3564 1238 3607 sermo
1262 3545 1395 3624 spiritus.

219 3654 305 3714 Siout
327 3671 397 3730 ergo
422 3671 520 3711 sermo
544 3651 590 3710 dei
613 3669 671 3710 non
696 3660 742 3710 est
764 3650 829 3729 ipse
851 3649 935 3710 cuius
958 3657 1022 3720 est,
1052 3648 1091 3707 ita
1120 3665 1174 3708 neo
1196 3645 1336 3726 spiritus,
1367 3653 1397 3706 et

219 3753 247 3814 si
271 3747 344 3813 ileus
368 3753 462 3812 dictus
486 3761 545 3823 est,
580 3769 640 3811 non
664 3750 789 3810 ¹³tamen
813 3749 877 3827 ipse
906 3756 951 3809 est
980 3747 1064 3809 ouius
1086 3755 1133 3807 est
1155 3747 1261 3807 dictus.
1312 3744 1396 3806 Nulla
1446 3774 1451 3780 ·

220 3874 271 3915 res
294 3853 416 3914 alieuius
439 3854 504 3931 ipsa
528 3861 574 3912 est
590 3852 680 3928 ⁸euius
704 3857 759 3911 est.
809 3850 900 3911 Plane
929 3868 994 3910 cum
1024 3847 1094 3928 quid
1124 3867 1158 3908 ex
1187 3847 1253 3926 ipso
1277 3853 1338 3918 est,
1367 3852 1397 3906 ot

220 3955 264 4017 sio
288 3955 353 4016 eius
376 3964 436 4024 est,
461 3954 529 4013 dum
553 3972 587 4013 ex
610 3954 675 4030 ipso
699 3952 753 4022 sit,
786 3958 888 4029 potest
909 3950 966 4010 tale
989 3949 1058 4029 quid
1082 3966 1149 4010 esse
1172 3947 1257 4027 quale
1280 3953 1310 4008 et
1330 3945 1397 4024 ipso

221 4076 257 4116 ex
280 4075 339 4134 quo
363 4064 409 4114 est
432 4065 461 4114 et
483 4055 566 4115 ouius
590 4061 644 4112 est.
690 4052 726 4111 Et
749 4051 815 4111 ideo
840 4050 962 4128 spiritus
987 4049 1107 4122 ¹⁴deus,
1134 4057 1163 4109 et
1186 4066 1287 4109 sermo
1310 4047 1397 4119 deus,
1463 4125 1470 4137 ·

222 4157 290 4235 quia
314 4174 349 4216 ex
371 4156 444 4227 deo,
469 4174 528 4215 non
552 4163 648 4214 tamen
672 4153 735 4231 ipse
759 4171 794 4212 ex
818 4146 884 4230 quo·
900 4158 954 4212 est.
1001 4149 1115 4221 ¹⁵Quod
1139 4148 1215 4210 deus
1236 4147 1300 4222 dei,
1329 4155 1396 4208 tan-
1431 4208 1436 4214 ,

222 4309 246 4358 9.
267 4310 290 4358 iu
310 4309 388 4357 lesum
407 4309 449 4358 nt.
469 4308 533 4355 leid.

293 4378 351 4438 Cap.
372 4376 446 4424 lle'l.
492 4374 512 4421 l.
532 4374 692 4421 videmused.
748 4372 769 4419 2.
789 4372 926 4420 decurrisse
944 4372 968 4419 A.
988 4370 1052 4418 Leid-
1105 4366 1399 4417 ammonentem.

223 4445 247 4492 4.
268 4445 297 4491 de
317 4445 435 4491 nativitate
454 4443 489 4490 cd.
539 4441 561 4487 5.
582 4441 644 4489 ivlem
665 4443 696 4498 d„
717 4455 767 4489 cum
785 4441 865 4488 Fulvio
886 4438 976 4486 Ursino.
1024 4434 1047 4484 6.
1067 4436 1129 4483 enim
1147 4433 1191 4484 AB.
1211 4434 1274 4483 teta.
1315 4432 1338 4481 l.
1357 4447 1399 4480 vo-

223 4512 317 4560 cabitur
336 4520 433 4558 sanetus
451 4512 475 4557 Α,
496 4509 558 4556 teto.
622 4507 645 4556 8.
670 4508 734 4569 quod
752 4530 784 4540 —
802 4531 837 4540 -
861 4506 986 4553 verebatur
1009 4518 1052 4552 om.
1067 4507 1093 4551 A.
1112 4502 1176 4550 leid.
1238 4500 1262 4550 9.
1286 4499 1399 4562 spiritum

224 4581 262 4627 dei
282 4596 301 4628 c.
338 4580 437 4639 spiritus
457 4576 494 4623 dei
515 4577 574 4622 deus
594 4577 625 4635 d„
646 4590 696 4623 rum
714 4576 793 4622 Fuluio
806 4573 895 4621 Ursino.
944 4571 983 4619 10.
1002 4569 1069 4618 Sicut
1086 4571 1122 4618 ed.
1141 4569 1213 4629 teta,
1233 4567 1400 4641 tartaricum,

224 4648 265 4695 Sic
283 4647 376 4708 reliqui.
433 4643 470 4691 ll.
491 4642 712 4690 lautumiibeid.
760 4640 797 4689 12.
817 4641 916 4703 spiritns
935 4655 956 4687 n.
1012 4635 1051 4685 1³.
1069 4636 1133 4686 enim
1150 4638 1175 4685 Λ.
1195 4637 1260 4685 besil.
1304 4631 1400 4709 lbdet

225 4716 286 4762 deus
305 4722 328 4762 et
346 4726 427 4761 sermo
446 4711 484 4758 dei
503 4711 563 4758 deus
582 4713 614 4768 d„
634 4710 697 4757 fulv.
709 4709 814 4757 Ursinus.
869 4707 907 4755 15.
927 4704 996 4763 Quod
1015 4707 1035 4753 si
1054 4705 1087 4765 tl„
1107 4719 1157 4753 evm
1174 4703 1255 4752 Fulvio
1275 4701 1367 4749 llrsmo.

262 4816 277 4862 t.
299 4814 529 4862 demonstrationem
550 4810 657 4858 eiusdem
674 4811 750 4872 patris
770 4817 793 4858 et
810 4803 866 4871 nni]
896 4806 948 4855 llos
973 4811 1011 4854 est
1033 4804 1097 4869 qnod
1121 4811 1191 4867 pater
1214 4809 1237 4850 et
1255 4799 1319 4849 illins
1337 4798 1401 4847 idem

226 4883 284 4932 sint.
318 4881 509 4943 breviloquentia
528 4877 685 4941 Septimiana.

259 4968 277 5009 Τ
280 4979 418 5010 saturemur
434 4978 485 5008 err.
498 4975 644 5007 nomnen.
664 4961 727 5005 Tom.
738 4959 765 5004 ll.
1215 4949 1249 4999 44
