3242 5775
477 642 483 654 ·
583 633 734 681 lumem
755 634 899 683 runnu.
1268 629 1331 696 005
1382 631 1385 636 ·

158 784 213 858 sit,
242 793 364 864 apparet
390 794 544 865 quatenus
564 802 632 847 eum
659 793 810 849 mortuum
833 786 927 861 dicat,
960 786 991 851 id
1013 800 1062 853 est
1082 809 1141 872 qun
1161 811 1281 858 carnem
1303 803 1335 860 at

155 886 310 948 bominem
333 894 362 947 et
383 886 475 947 tilium
497 885 644 960 bominis,
667 904 728 949 non
749 887 826 968 ‘qua
848 888 988 970 spiritum
1009 899 1041 953 et
1053 909 1225 957 sermonem
1239 901 1272 965 et
1283 896 1333 959 dei

155 986 261 1048 filium.
295 986 442 1048 ‘Dicendo
465 987 609 1066 denique,
632 987 768 1050 Christus
789 996 928 1053 mortuus
949 997 1013 1065 cst,
1035 991 1066 1054 id
1087 977 1280 1070 catulinus,
1300 995 1334 1058 id

156 1088 237 1167 quod
259 1096 380 1150 unctum
403 1097 449 1150 est
470 1097 619 1151 mortuum
642 1088 790 1162 ostendit,
814 1088 844 1152 id
866 1097 915 1153 eat
935 1108 1065 1154 carnem
1108 1093 1199 1174 llrgo,
1220 1093 1332 1176 monia,
1411 1105 1418 1113 '

156 1199 187 1264 et
209 1207 266 1250 nos
289 1189 392 1250 cadem
414 1190 529 1251 ratione
550 1190 701 1253 ‘diceutes
724 1208 781 1271 qua
802 1189 875 1253 ⁷vos
895 1191 989 1254 lilium
1011 1209 1073 1255 nou
1090 1191 1332 1276 blasphemumne

155 1290 187 1352 iu
211 1290 364 1352 dominum
386 1292 491 1365 deum
514 1308 575 1352 nou
598 1291 678 1353 enim
700 1309 735 1352 ex
757 1290 873 1366 divina,
895 1292 949 1355 sed
971 1310 1008 1354 cx
1024 1292 1152 1356 bumana
1166 1295 1333 1360 substantie

155 1401 308 1453 mortuum
330 1391 483 1453 ‘dicimus
526 1391 651 1471 ⁹atquin
672 1371 902 1471 blasphematis,
931 1410 993 1455 nou
1021 1401 1135 1456 unium
1156 1395 1226 1476 quia
1246 1413 1331 1460 mor-

156 1502 244 1555 tuum·
264 1493 361 1555 dicitis
384 1501 515 1572 patrem,
550 1493 604 1554 sed
633 1501 663 1555 et
684 1492 752 1573 quia
774 1492 955 1555 crucifixum.
1000 1494 1231 1568 ”Maledictione
1251 1497 1331 1562 enim

156 1593 304 1667 crucifixi,
327 1612 401 1673 quae
423 1612 458 1655 cx
480 1593 544 1672 lege
566 1594 597 1655 in
619 1593 712 1655 filium
734 1594 878 1674 competit
903 1594 985 1674 (quia
1005 1593 1143 1660 Christus
1164 1615 1221 1679 pro
1240 1596 1469 1671 uobieenmta.

155 1694 325 1757 maledictio
347 1696 441 1756 lactus
465 1703 527 1767 est,
550 1695 741 1774 conpater),
764 1694 913 1757 Christum
936 1695 1103 1777 inpetrem
1124 1686 1355 1763 murortontce'
1382 1711 1396 1758 J

154 1797 186 1859 in
209 1806 323 1877 patrem
345 1795 569 1876 blasphematis.
612 1795 675 1857 Nos
704 1804 801 1858 autem
832 1795 966 1858 dicentes
989 1781 1144 1860 Christum
1158 1798 1436 1903 mundaumffl

154 1916 218 1959 non
241 1895 442 1958 maledicimus
465 1896 562 1971 illum,
591 1896 645 1959 sed
675 1895 862 1959 maledictum
883 1896 957 1976 legis
978 1898 1153 1973 referimus,
1185 1899 1255 1981 quia
1275 1919 1333 1966 nee

155 1998 313 2079 apostolus
347 1997 405 2060 lioc
435 1998 536 2059 dicens
568 1996 793 2076 blasphemavit.
849 1996 932 2059 Sicut
963 2007 1062 2061 autem
1095 1998 1133 2061 de
1165 2018 1225 2080 quo
1259 2001 1331 2083 quaid
1370 2003 1377 2016 “

155 2101 235 2180 capit
255 2098 311 2160 dici
334 2098 399 2159 sine
420 2098 603 2177 blasphemia
625 2098 749 2172 dicitur,
778 2097 819 2159 ita
840 2099 920 2177 quod
943 2117 1004 2161 uon
1026 2099 1119 2180 capit,
1146 2099 1332 2181 blaspbemia

155 2209 220 2274 est,
254 2200 280 2262 si
309 2199 432 2261 dicatur.
481 2198 562 2279 Ergo
591 2217 646 2261 nec
674 2216 849 2279 compassus
876 2206 925 2261 est
950 2207 1036 2279 pater
1062 2200 1134 2263 lilio.
1183 2201 1332 2266 nScilicet

154 2302 297 2365 directam
319 2299 533 2379 blasphemiam
554 2299 585 2362 in
607 2307 722 2380 patrem
743 2299 830 2362 veriti
851 2299 975 2362 diminui
997 2318 1062 2362 eam
1079 2300 1138 2363 boc
1151 2301 1242 2364 modo
1257 2321 1330 2383 ape·
1383 2360 1391 2382 ‚
1433 2365 1438 2372 ,
1484 2331 1494 2348 ·

153 2411 239 2475 rant,
264 2400 488 2463 ''concedentes
511 2400 569 2462 iam
591 2409 705 2479 patrem
727 2408 758 2463 et
778 2400 871 2463 tilium
892 2401 970 2462 duos
992 2419 1079 2476 esee,
1108 2401 1135 2463 si
1156 2401 1235 2465 illiue
1258 2399 1332 2470 ¹!eic

154 2503 275 2584 quidem
296 2504 422 2581 patitur,
445 2509 529 2581 pater
550 2520 620 2564 vero
643 2502 832 2581 compatitur.
869 2501 956 2563 Stulti
979 2510 1009 2565 et
1030 2501 1061 2563 in
1083 2502 1151 2563 boe.
1183 2502 1263 2576 Quid
1283 2511 1332 2568 cet

155 2600 236 2667 enim
258 2602 385 2683 compati
414 2621 502 2682 quam
530 2620 597 2664 cum
619 2602 677 2664 alio
706 2600 790 2681 pati?
832 2601 928 2663 Porro
956 2602 982 2664 si
1015 2600 1206 2683 impassibilis
1233 2611 1331 2683 pater,

154 2705 258 2785 utique
280 2713 309 2765 et
330 2702 599 2783 incompassibilis;
627 2708 680 2764 aut
700 2701 726 2763 si
749 2701 984 2782 compassibilis,
1011 2702 1116 2782 utique
1138 2700 1330 2784 “passibilia

153 2806 235 2869 Nibil
257 2805 284 2868 ei
308 2804 382 2865 ¹‘rel
403 2804 462 2865 boc
487 2802 595 2864 timore
624 2810 675 2864 tuo
703 2811 849 2882 praestas.
899 2803 1001 2866 'limes
1031 2802 1130 2864 dicere
1157 2802 1330 2883 passibilem
1362 2853 1396 2866 ..
1436 2847 1440 2852 -

153 2927 243 2989 quem
266 2907 340 2969 dicis
363 2905 613 2986 compassibilem.
660 2904 734 2966 Tam
755 2914 853 2966 autem
876 2903 1156 2990 ¹⁸incompassibilis
1176 2914 1263 2995 pater
1283 2914 1332 2968 est

153 3029 242 3090 quam
264 3007 456 3089 impassibilis
479 3008 567 3068 etiam
589 3006 667 3068 lilius
690 3026 727 3068 cx
749 3025 783 3068 ca
805 3005 981 3068 condicione
1003 3024 1061 3084 qua
1082 3005 1232 3070 deusest.
1268 3005 1332 3069 Sed

154 3110 334 3192 ¹'quomodo
357 3108 435 3170 tilius
456 3125 563 3187 passus
586 3115 649 3181 est,
672 3107 696 3168 si
719 3125 782 3169 non
805 3124 982 3187 compassus
997 3114 1044 3168 eet
1058 3105 1211 3187 etpotarl
1245 3106 1330 3170 ”Se-

152 3222 313 3292 paratura
336 3209 412 3284 lilio,
440 3226 501 3270 uon
523 3227 540 3269 a
561 3209 630 3270 deo.
673 3208 747 3270 Nam
770 3217 800 3269 et
821 3206 945 3280 fluvius,
977 3206 1004 3267 si
1032 3205 1128 3286 aliqua
1149 3206 1331 3271 turbulentia

154 3312 388 3381 contaminatur,
416 3327 592 3390 quamquam
615 3326 672 3370 uua
693 3306 858 3369 substantia
880 3306 917 3368 de
939 3307 1022 3368 tonte
1042 3307 1180 3368 decurrat
1199 3323 1257 3368 nec
1277 3324 1330 3369 se-

154 3411 452 3483 connaturalem,
477 3419 573 3472 minen
595 3409 676 3471 duvii
699 3407 806 3471 iniuria
828 3425 888 3468 uon
910 3405 1072 3485 pertinebit
1093 3406 1130 3467 ad
1147 3407 1278 3481 lontcm3
1299 3414 1332 3468 et
1443 3454 1447 3459 .

153 3513 223 3576 licet
244 3530 321 3592 aqna
342 3511 434 3572 lentis
458 3509 524 3571 ¹⁹sit
546 3529 621 3590 quae
648 3510 776 3590 patiatur
802 3507 834 3569 iu
855 3506 961 3580 fluvio,
998 3506 1069 3567 dum
1097 3521 1159 3566 uon
1187 3505 1218 3567 in
1247 3507 1331 3568 tonte

153 3616 281 3696 patitur,
305 3612 360 3673 sed
382 3613 411 3672 in
433 3611 540 3684 fluvio,
563 3630 623 3672 nou
646 3613 715 3672 tons
736 3607 863 3689 patitur,
893 3607 947 3668 sed
969 3605 1093 3679 liutius,
1117 3605 1168 3685 qui
1189 3624 1227 3667 ex
1247 3607 1330 3669 loute

155 3725 211 3779 est.
244 3714 288 3777 lta
310 3712 369 3775 ¹”et
389 3712 512 3793 spiritua
535 3712 583 3774 dei
604 3711 684 3791 quod
705 3710 767 3790 pati
788 3706 916 3789 ¹¹possit
936 3706 1060 3780 initio,
1082 3704 1255 3785 ”quianon
1269 3702 1331 3769 ”iu

153 3901 178 3952 l.
198 3901 268 3966 qnasi
285 3901 313 3950 Λ.
330 3900 395 3951 leid.
436 3899 460 3948 5.
479 3898 586 3962 lienique
604 3896 740 3947 dicendol.
759 3896 823 3945 leid.
868 3893 892 3943 6.
910 3893 1018 3943 diceutes
1029 3890 1331 3956 uurroalnoelddaeid.)

151 3969 228 4021 tait.
246 3968 312 4019 tert.
346 3967 454 4017 diceutes
472 3973 564 4030 patrem
582 3980 628 4029 qua
647 3978 688 4013 sos
706 3979 727 4014 c.
762 3970 855 4027 patrem
875 3969 996 4010 mortuum
1014 3960 1173 4022 dicentur„
1191 3959 1331 4011 camme
1359 3982 1364 3989 ·

154 4037 249 4087 Ursino.
290 4033 315 4084 Ἰ.
334 4032 382 4084 noo
400 4035 476 4084 illium
494 4035 559 4084 brid.
595 4047 642 4082 non
662 4031 739 4081 llliid.
781 4028 804 4079 8.
823 4028 1096 4079 dictatiunculae.
1131 4026 1331 4091 il.ltquiuabcd.

152 4104 181 4153 tt
199 4116 256 4154 cam
273 4102 319 4153 ld.
337 4102 401 4152 teet.
444 4100 483 4150 lo.
502 4100 712 4150 llaledictioenim
730 4097 774 4148 ta.
792 4098 856 4147 leid.
899 4095 938 4145 ll.
957 4094 1054 4159 Scilicet
1072 4109 1122 4158 epo.
1157 4092 1277 4144 Siceuim
1294 4095 1329 4157 d,

153 4169 403 4222 umsseleiollrriro.
439 4168 506 4217 Sicut
523 4168 610 4218 tdubc.
628 4168 692 4217 beid.
738 4164 777 4214 12.
795 4163 969 4214 contendentes
985 4164 1010 4212 Α.
1046 4160 1094 4211 ld.
1111 4161 1262 4226 sicquidem
1279 4176 1330 4224 cco.

153 4237 253 4303 quidem
271 4239 305 4299 d,
325 4251 376 4287 aaa
393 4236 473 4285 Ftcloio
493 4235 584 4285 Ursino.
619 4234 738 4298 siquidem
755 4233 842 4283 Alicio.
860 4232 924 4280 leid.
981 4227 1022 4278 lt.
1039 4236 1063 4277 nt
1080 4227 1204 4292 putribilis
1221 4230 1248 4280 Δ.
1264 4228 1331 4279 laid.

155 4304 195 4355 15.
213 4304 251 4355 iet
270 4304 318 4354 boc
336 4304 423 4353 timore
441 4310 482 4352 tuo
500 4304 533 4364 d.,
553 4319 582 4352 cc
599 4303 712 4351 mendac
729 4301 805 4350 Fuluii
816 4298 900 4348 Ursini.
940 4295 1013 4345 veluti
1031 4302 1126 4345 mortuo
1143 4295 1217 4346 Adeb-
1257 4294 1330 4345 ueluti

155 4381 268 4422 mortuus
285 4372 352 4422 leid.
392 4370 465 4420 vetuti
488 4369 562 4426 trelut
580 4370 605 4419 B.
622 4372 646 4418 in
664 4367 747 4438 murq.)
771 4366 889 4415 morituro
913 4364 978 4422 litia
994 4377 1077 4427 uturp,
1104 4377 1135 4413 ea
1150 4363 1238 4424 codice,
1261 4368 1328 4428 peto,

154 4438 366 4504 Hbmpiensilc,
384 4445 431 4487 trcr
452 4439 563 4487 Vaticani.
623 4435 662 4486 to.
681 4432 1003 4498 compraedicantur.
1061 4429 1101 4479 ll.
1125 4429 1222 4495 quando
1244 4454 1279 4465 -
1296 4452 1330 4464 ·-

153 4514 191 4557 cst
207 4515 233 4558 et
250 4513 330 4571 peter,
347 4513 475 4570 separetur
490 4505 555 4555 Fata.
568 4504 673 4554 desines.
726 4501 764 4552 ta.
782 4499 946 4565 Separabatur
964 4499 986 4548 d.
1036 4496 1075 4547 te.
1093 4497 1125 4546 ait
1142 4510 1204 4561 quae
1222 4496 1246 4546 d.
1280 4496 1329 4545 uti·

153 4588 200 4639 qne
217 4575 264 4633 (sel
281 4572 370 4637 aeque)
388 4574 501 4623 latinius.
535 4573 603 4622 sitire
620 4571 707 4621 tdcbe.
724 4570 788 4620 leid
848 4566 888 4616 20.
914 4573 937 4615 ct
954 4565 1054 4630 spiritua
1072 4565 1110 4615 dei
1129 4563 1194 4629 quod
1211 4561 1261 4628 pati
1278 4576 1328 4624 epo.

152 4643 198 4692 etei
215 4642 320 4707 spiritua
339 4639 378 4690 dei
395 4641 453 4706 quid
471 4640 520 4703 peti
539 4642 563 4691 d.
604 4646 627 4688 ct
644 4639 744 4703 spiritus
768 4636 806 4686 dci
831 4636 871 4699 qui
896 4632 944 4698 pati
961 4634 1000 4683 lc·
1018 4634 1091 4694 leid,
1111 4638 1134 4683 et
1150 4639 1197 4682 tres
1217 4630 1329 4681 Vaticani.

152 4717 177 4760 et
193 4710 296 4775 spiritus
313 4707 353 4758 dci
370 4708 419 4773 peti
438 4708 463 4756 a.
483 4706 580 4772 'etqui
600 4707 648 4771 pati
666 4709 704 4756 ab.
723 4705 862 4755 doratensis.
910 4700 952 4750 21.
970 4701 1049 4764 possit
1064 4700 1152 4751 Ababa.
1169 4696 1233 4750 leid.
1286 4708 1329 4745 os·

153 4784 191 4826 eet
209 4779 243 4839 d.,
263 4791 318 4828 case
335 4776 400 4826 Fcis.
420 4777 509 4826 tiniae.
571 4773 613 4824 22.
631 4774 686 4839 quia
705 4780 784 4823 temen
809 4785 857 4820 nou
882 4770 914 4831 d,
933 4784 984 4820 cum
1001 4768 1082 4820 Fsloio
1102 4767 1193 4816 Ursino.
1278 4762 1329 4813 .in

151 4852 220 4909 pens
237 4853 276 4897 cst
293 4849 420 4910 pataron
436 4844 463 4895 t.
479 4843 545 4895 leid.
