<?xml version="1.0" encoding="UTF-8"?>
<!DOCTYPE html PUBLIC "-//W3C//DTD XHTML 1.0 Transitional//EN"
    "http://www.w3.org/TR/xhtml1/DTD/xhtml1-transitional.dtd">
<html xmlns="http://www.w3.org/1999/xhtml" xml:lang="en" lang="en">
 <head>
  <title>
</title>
<meta http-equiv="Content-Type" content="text/html;charset=utf-8" />
  <meta name='ocr-system' content='tesseract 3.04.00' />
  <meta name='ocr-capabilities' content='ocr_page ocr_carea ocr_par ocr_line ocrx_word'/>
</head>
<body>
  <div class='ocr_page' id='page_1' title='image "./quaesupersuntom00oehlgoog_0059.png"; bbox 0 0 3242 5775; ppageno 0'>
   <div class='ocr_carea' id='block_1_1' title="bbox 284 680 1202 741">
    <p class='ocr_par' dir='ltr' id='par_1_1' title="bbox 284 680 1202 741">
     <span class='ocr_line' id='line_1_1' title="bbox 284 680 1202 741; baseline -0.008 -7"><span class='ocrx_word' id='word_1_1' title='bbox 284 680 329 741; x_wconf 78' lang='grc'><strong>50</strong></span> <span class='ocrx_word' id='word_1_2' title='bbox 543 690 645 740; x_wconf 73' lang='lat' dir='ltr'><strong>ont-m</strong></span> <span class='ocrx_word' id='word_1_3' title='bbox 667 689 797 732; x_wconf 66' lang='lat' dir='ltr'><strong>stertuit</strong></span> <span class='ocrx_word' id='word_1_4' title='bbox 820 687 984 730; x_wconf 72' lang='lat' dir='ltr'><strong>rutundus</strong></span> <span class='ocrx_word' id='word_1_5' title='bbox 1006 685 1202 730; x_wconf 71' lang='lat' dir='ltr'><strong>retroactam</strong></span> 
     </span>
    </p>
   </div>
   <div class='ocr_carea' id='block_1_2' title="bbox 164 833 1439 4034">
    <p class='ocr_par' dir='ltr' id='par_1_2' title="bbox 281 833 1439 2224">
     <span class='ocr_line' id='line_1_2' title="bbox 284 833 1439 919; baseline -0.006 -14"><span class='ocrx_word' id='word_1_6' title='bbox 284 844 317 905; x_wconf 90' lang='lat' dir='ltr'><strong>iu</strong></span> <span class='ocrx_word' id='word_1_7' title='bbox 338 847 501 903; x_wconf 74' lang='lat' dir='ltr'><strong>creatorem</strong></span> <span class='ocrx_word' id='word_1_8' title='bbox 521 840 733 919; x_wconf 88' lang='lat' dir='ltr'><strong>interpretatus</strong></span> <span class='ocrx_word' id='word_1_9' title='bbox 754 836 860 899; x_wconf 85' lang='lat' dir='ltr'><strong>malam</strong></span> <span class='ocrx_word' id='word_1_10' title='bbox 882 834 1020 897; x_wconf 77' lang='lat' dir='ltr'><strong>arborem</strong></span> <span class='ocrx_word' id='word_1_11' title='bbox 1046 834 1140 896; x_wconf 90' lang='lat' dir='ltr'><strong>malos</strong></span> <span class='ocrx_word' id='word_1_12' title='bbox 1168 835 1284 897; x_wconf 83' lang='lat' dir='ltr'><strong>fructus</strong></span> <span class='ocrx_word' id='word_1_13' title='bbox 1306 833 1439 898; x_wconf 78' lang='lat' dir='ltr'><strong>&#39;condet</strong></span> 
     </span>
     <span class='ocr_line' id='line_1_3' title="bbox 286 934 1439 1016; baseline -0.007 -13"><span class='ocrx_word' id='word_1_14' title='bbox 286 950 363 1014; x_wconf 86' lang='lat' dir='ltr'><strong>tem,</strong></span> <span class='ocrx_word' id='word_1_15' title='bbox 391 940 504 1003; x_wconf 91' lang='lat' dir='ltr'><strong>scilicet</strong></span> <span class='ocrx_word' id='word_1_16' title='bbox 524 941 616 1011; x_wconf 91' lang='lat' dir='ltr'><strong>mala,</strong></span> <span class='ocrx_word' id='word_1_17' title='bbox 644 939 733 1001; x_wconf 91' lang='lat' dir='ltr'><strong>alium</strong></span> <span class='ocrx_word' id='word_1_18' title='bbox 755 939 843 1000; x_wconf 89' lang='lat' dir='ltr'><strong>deum</strong></span> <span class='ocrx_word' id='word_1_19' title='bbox 865 936 1067 1016; x_wconf 79' lang='lat' dir='ltr'><strong>praesumpsit</strong></span> <span class='ocrx_word' id='word_1_20' title='bbox 1093 953 1163 997; x_wconf 87' lang='lat' dir='ltr'><strong>esse</strong></span> <span class='ocrx_word' id='word_1_21' title='bbox 1184 934 1296 998; x_wconf 90' lang='lat' dir='ltr'><strong>debere</strong></span> <span class='ocrx_word' id='word_1_22' title='bbox 1316 934 1351 997; x_wconf 92' lang='lat' dir='ltr'><strong>iu</strong></span> <span class='ocrx_word' id='word_1_23' title='bbox 1372 934 1439 1015; x_wconf 71' lang='lat' dir='ltr'><strong>&#39;pu</strong></span> 
     </span>
     <span class='ocr_line' id='line_1_4' title="bbox 285 1034 1439 1115; baseline -0.006 -13"><span class='ocrx_word' id='word_1_24' title='bbox 285 1050 346 1102; x_wconf 85' lang='lat' dir='ltr'><strong>tem</strong></span> <span class='ocrx_word' id='word_1_25' title='bbox 367 1041 463 1103; x_wconf 92' lang='lat' dir='ltr'><strong>bonae</strong></span> <span class='ocrx_word' id='word_1_26' title='bbox 484 1040 601 1102; x_wconf 88' lang='lat' dir='ltr'><strong>arboris</strong></span> <span class='ocrx_word' id='word_1_27' title='bbox 622 1040 719 1100; x_wconf 90' lang='lat' dir='ltr'><strong>bonos</strong></span> <span class='ocrx_word' id='word_1_28' title='bbox 742 1040 884 1100; x_wconf 57' lang='lat' dir='ltr'><strong>fructosa</strong></span> <span class='ocrx_word' id='word_1_29' title='bbox 935 1038 973 1098; x_wconf 81' lang='lat' dir='ltr'><strong>Et</strong></span> <span class='ocrx_word' id='word_1_30' title='bbox 999 1037 1039 1098; x_wconf 92' lang='lat' dir='ltr'><strong>ita</strong></span> <span class='ocrx_word' id='word_1_31' title='bbox 1061 1035 1091 1096; x_wconf 91' lang='lat' dir='ltr'><strong>iu</strong></span> <span class='ocrx_word' id='word_1_32' title='bbox 1114 1035 1234 1098; x_wconf 80' lang='lat' dir='ltr'><strong>Christo</strong></span> <span class='ocrx_word' id='word_1_33' title='bbox 1263 1034 1351 1115; x_wconf 82' lang='lat' dir='ltr'><strong>quasi</strong></span> <span class='ocrx_word' id='word_1_34' title='bbox 1374 1036 1439 1104; x_wconf 69' lang='lat' dir='ltr'><strong>aliu</strong></span> 
     </span>
     <span class='ocr_line' id='line_1_5' title="bbox 284 1135 1439 1220; baseline -0.001 -19"><span class='ocrx_word' id='word_1_35' title='bbox 284 1140 439 1204; x_wconf 81' lang='lat' dir='ltr'><strong>inveniens</strong></span> <span class='ocrx_word' id='word_1_36' title='bbox 461 1137 691 1220; x_wconf 72' lang='lat' dir='ltr'><strong>dispositionem</strong></span> <span class='ocrx_word' id='word_1_37' title='bbox 714 1138 836 1200; x_wconf 85' lang='lat' dir='ltr'><strong>¹⁰solius</strong></span> <span class='ocrx_word' id='word_1_38' title='bbox 859 1147 889 1200; x_wconf 91' lang='lat' dir='ltr'><strong>et</strong></span> <span class='ocrx_word' id='word_1_39' title='bbox 909 1156 1000 1216; x_wconf 87' lang='lat' dir='ltr'><strong>purae</strong></span> <span class='ocrx_word' id='word_1_40' title='bbox 1022 1136 1228 1216; x_wconf 75' lang='lat' dir='ltr'><strong>benignitatis,</strong></span> <span class='ocrx_word' id='word_1_41' title='bbox 1261 1145 1295 1198; x_wconf 92' lang='lat' dir='ltr'><strong>ut</strong></span> <span class='ocrx_word' id='word_1_42' title='bbox 1323 1135 1439 1200; x_wconf 85' lang='lat' dir='ltr'><strong>diversa</strong></span> 
     </span>
     <span class='ocr_line' id='line_1_6' title="bbox 284 1237 1439 1320; baseline -0.003 -15"><span class='ocrx_word' id='word_1_43' title='bbox 284 1262 302 1305; x_wconf 92' lang='lat' dir='ltr'><strong>a</strong></span> <span class='ocrx_word' id='word_1_44' title='bbox 323 1251 471 1315; x_wconf 88' lang='lat' dir='ltr'><strong>creatore,</strong></span> <span class='ocrx_word' id='word_1_45' title='bbox 494 1242 578 1304; x_wconf 81' lang='lat' dir='ltr'><strong>facile</strong></span> <span class='ocrx_word' id='word_1_46' title='bbox 599 1260 703 1303; x_wconf 86' lang='lat' dir='ltr'><strong>noram</strong></span> <span class='ocrx_word' id='word_1_47' title='bbox 726 1249 755 1302; x_wconf 93' lang='lat' dir='ltr'><strong>et</strong></span> <span class='ocrx_word' id='word_1_48' title='bbox 768 1238 938 1320; x_wconf 67' lang='lat' dir='ltr'><strong>hospitamd</strong></span> <span class='ocrx_word' id='word_1_49' title='bbox 960 1247 1182 1317; x_wconf 77' lang='lat' dir='ltr'><strong>argumentatus</strong></span> <span class='ocrx_word' id='word_1_50' title='bbox 1204 1244 1252 1298; x_wconf 89' lang='lat' dir='ltr'><strong>est</strong></span> <span class='ocrx_word' id='word_1_51' title='bbox 1273 1237 1439 1302; x_wconf 76' lang='lat' dir='ltr'><strong>divinitates</strong></span> 
     </span>
     <span class='ocr_line' id='line_1_7' title="bbox 284 1337 1439 1418; baseline -0.002 -15"><span class='ocrx_word' id='word_1_52' title='bbox 284 1343 315 1403; x_wconf 95' lang='lat' dir='ltr'><strong>in</strong></span> <span class='ocrx_word' id='word_1_53' title='bbox 337 1342 454 1403; x_wconf 80' lang='lat' dir='ltr'><strong>Christo</strong></span> <span class='ocrx_word' id='word_1_54' title='bbox 477 1361 532 1404; x_wconf 94' lang='lat' dir='ltr'><strong>suo</strong></span> <span class='ocrx_word' id='word_1_55' title='bbox 555 1342 730 1413; x_wconf 80' lang='lat' dir='ltr'><strong>revelatam,</strong></span> <span class='ocrx_word' id='word_1_56' title='bbox 762 1338 937 1418; x_wconf 81' lang='lat' dir='ltr'><strong>modicoque</strong></span> <span class='ocrx_word' id='word_1_57' title='bbox 965 1338 1071 1400; x_wconf 89' lang='lat' dir='ltr'><strong>exinde</strong></span> <span class='ocrx_word' id='word_1_58' title='bbox 1099 1339 1245 1399; x_wconf 89' lang='lat' dir='ltr'><strong>lermento</strong></span> <span class='ocrx_word' id='word_1_59' title='bbox 1275 1346 1368 1400; x_wconf 91' lang='lat' dir='ltr'><strong>totam</strong></span> <span class='ocrx_word' id='word_1_60' title='bbox 1391 1337 1439 1401; x_wconf 76' lang='lat' dir='ltr'><strong>nu</strong></span> 
     </span>
     <span class='ocr_line' id='line_1_8' title="bbox 283 1437 1439 1520; baseline -0.003 -15"><span class='ocrx_word' id='word_1_61' title='bbox 283 1462 412 1505; x_wconf 84' lang='lat' dir='ltr'><strong>massam</strong></span> <span class='ocrx_word' id='word_1_62' title='bbox 435 1443 584 1505; x_wconf 88' lang='lat' dir='ltr'><strong>haeretico</strong></span> <span class='ocrx_word' id='word_1_63' title='bbox 608 1442 628 1474; x_wconf 90' lang='lat'><strong>¹¹</strong></span> <span class='ocrx_word' id='word_1_64' title='bbox 636 1460 723 1502; x_wconf 88' lang='lat' dir='ltr'><strong>acore</strong></span> <span class='ocrx_word' id='word_1_65' title='bbox 746 1440 931 1520; x_wconf 86' lang='lat' dir='ltr'><strong>¹¹desipuit·.</strong></span> <span class='ocrx_word' id='word_1_66' title='bbox 974 1439 1082 1502; x_wconf 87' lang='lat' dir='ltr'><strong>Habuit</strong></span> <span class='ocrx_word' id='word_1_67' title='bbox 1103 1448 1134 1500; x_wconf 93' lang='lat' dir='ltr'><strong>et</strong></span> <span class='ocrx_word' id='word_1_68' title='bbox 1155 1437 1338 1500; x_wconf 76' lang='lat' dir='ltr'><strong>Cerdonem‘</strong></span> <span class='ocrx_word' id='word_1_69' title='bbox 1359 1457 1439 1519; x_wconf 83' lang='lat' dir='ltr'><strong>quea</strong></span> 
     </span>
     <span class='ocr_line' id='line_1_9' title="bbox 283 1539 1439 1619; baseline -0.002 -15"><span class='ocrx_word' id='word_1_70' title='bbox 283 1544 369 1617; x_wconf 87' lang='lat' dir='ltr'><strong>darn,</strong></span> <span class='ocrx_word' id='word_1_71' title='bbox 402 1542 650 1605; x_wconf 77' lang='lat' dir='ltr'><strong>¹’informatorem</strong></span> <span class='ocrx_word' id='word_1_72' title='bbox 673 1541 802 1603; x_wconf 78' lang='lat' dir='ltr'><strong>scandali</strong></span> <span class='ocrx_word' id='word_1_73' title='bbox 824 1540 930 1613; x_wconf 88' lang='lat' dir='ltr'><strong>buius,</strong></span> <span class='ocrx_word' id='word_1_74' title='bbox 959 1559 1018 1619; x_wconf 90' lang='lat' dir='ltr'><strong>quo</strong></span> <span class='ocrx_word' id='word_1_75' title='bbox 1047 1539 1160 1601; x_wconf 78' lang='lat' dir='ltr'><strong>facilius</strong></span> <span class='ocrx_word' id='word_1_76' title='bbox 1182 1539 1258 1601; x_wconf 90' lang='lat' dir='ltr'><strong>duos</strong></span> <span class='ocrx_word' id='word_1_77' title='bbox 1279 1539 1356 1601; x_wconf 90' lang='lat' dir='ltr'><strong>deos</strong></span> <span class='ocrx_word' id='word_1_78' title='bbox 1378 1557 1439 1602; x_wconf 78' lang='lat' dir='ltr'><strong>caet</strong></span> 
     </span>
     <span class='ocr_line' id='line_1_10' title="bbox 281 1640 1439 1723; baseline -0.002 -19"><span class='ocrx_word' id='word_1_79' title='bbox 281 1643 474 1723; x_wconf 82' lang='lat' dir='ltr'><strong>perspexisse</strong></span> <span class='ocrx_word' id='word_1_80' title='bbox 495 1661 529 1704; x_wconf 89' lang='lat' dir='ltr'><strong>se</strong></span> <span class='ocrx_word' id='word_1_81' title='bbox 551 1642 799 1718; x_wconf 81' lang='lat' dir='ltr'><strong>existimaverunt.</strong></span> <span class='ocrx_word' id='word_1_82' title='bbox 854 1641 951 1703; x_wconf 86' lang='lat' dir='ltr'><strong>Unum</strong></span> <span class='ocrx_word' id='word_1_83' title='bbox 979 1640 1057 1701; x_wconf 86' lang='lat' dir='ltr'><strong>enirn</strong></span> <span class='ocrx_word' id='word_1_84' title='bbox 1086 1658 1146 1700; x_wconf 91' lang='lat' dir='ltr'><strong>nou</strong></span> <span class='ocrx_word' id='word_1_85' title='bbox 1175 1640 1290 1719; x_wconf 87' lang='lat' dir='ltr'><strong>integre</strong></span> <span class='ocrx_word' id='word_1_86' title='bbox 1311 1640 1439 1702; x_wconf 79' lang='lat' dir='ltr'><strong>videraut</strong></span> 
     </span>
     <span class='ocr_line' id='line_1_11' title="bbox 283 1740 1439 1823; baseline -0.002 -18"><span class='ocrx_word' id='word_1_87' title='bbox 283 1741 489 1823; x_wconf 86' lang='lat' dir='ltr'><strong>Lippientibus</strong></span> <span class='ocrx_word' id='word_1_88' title='bbox 511 1743 599 1805; x_wconf 89' lang='lat' dir='ltr'><strong>etiam</strong></span> <span class='ocrx_word' id='word_1_89' title='bbox 622 1742 780 1821; x_wconf 84' lang='lat' dir='ltr'><strong>singularis</strong></span> <span class='ocrx_word' id='word_1_90' title='bbox 802 1741 922 1804; x_wconf 90' lang='lat' dir='ltr'><strong>lucerua</strong></span> <span class='ocrx_word' id='word_1_91' title='bbox 944 1760 1103 1802; x_wconf 86' lang='lat' dir='ltr'><strong>numerosa</strong></span> <span class='ocrx_word' id='word_1_92' title='bbox 1125 1750 1181 1802; x_wconf 74' lang='lat' dir='ltr'><strong>est.</strong></span> <span class='ocrx_word' id='word_1_93' title='bbox 1212 1740 1345 1801; x_wconf 78' lang='lat' dir='ltr'><strong>Alterum</strong></span> <span class='ocrx_word' id='word_1_94' title='bbox 1368 1740 1439 1820; x_wconf 81' lang='lat' dir='ltr'><strong>igitr</strong></span> 
     </span>
     <span class='ocr_line' id='line_1_12' title="bbox 283 1840 1439 1924; baseline -0.001 -19"><span class='ocrx_word' id='word_1_95' title='bbox 283 1844 382 1916; x_wconf 90' lang='lat' dir='ltr'><strong>deum,</strong></span> <span class='ocrx_word' id='word_1_96' title='bbox 405 1862 493 1924; x_wconf 91' lang='lat' dir='ltr'><strong>quem</strong></span> <span class='ocrx_word' id='word_1_97' title='bbox 514 1843 649 1906; x_wconf 87' lang='lat' dir='ltr'><strong>confiteri</strong></span> <span class='ocrx_word' id='word_1_98' title='bbox 670 1843 840 1922; x_wconf 86' lang='lat' dir='ltr'><strong>cogebatur,</strong></span> <span class='ocrx_word' id='word_1_99' title='bbox 863 1842 900 1903; x_wconf 91' lang='lat' dir='ltr'><strong>de</strong></span> <span class='ocrx_word' id='word_1_100' title='bbox 921 1842 998 1903; x_wconf 91' lang='lat' dir='ltr'><strong>malo</strong></span> <span class='ocrx_word' id='word_1_101' title='bbox 1014 1842 1182 1904; x_wconf 90' lang='lat' dir='ltr'><strong>inlamaudo</strong></span> <span class='ocrx_word' id='word_1_102' title='bbox 1200 1840 1359 1915; x_wconf 85' lang='lat' dir='ltr'><strong>destruxit,</strong></span> <span class='ocrx_word' id='word_1_103' title='bbox 1381 1841 1439 1904; x_wconf 86' lang='lat' dir='ltr'><strong>alta</strong></span> 
     </span>
     <span class='ocr_line' id='line_1_13' title="bbox 282 1941 1439 2023; baseline 0 -18"><span class='ocrx_word' id='word_1_104' title='bbox 282 1962 363 2016; x_wconf 88' lang='lat' dir='ltr'><strong>rum,</strong></span> <span class='ocrx_word' id='word_1_105' title='bbox 397 1962 483 2023; x_wconf 86' lang='lat' dir='ltr'><strong>quem</strong></span> <span class='ocrx_word' id='word_1_106' title='bbox 517 1944 708 2005; x_wconf 87' lang='lat' dir='ltr'><strong>commentari</strong></span> <span class='ocrx_word' id='word_1_107' title='bbox 743 1941 991 2015; x_wconf 74' lang='lat' dir='ltr'><strong>¹⁴counitebatur,</strong></span> <span class='ocrx_word' id='word_1_108' title='bbox 1028 1942 1065 2003; x_wconf 91' lang='lat' dir='ltr'><strong>de</strong></span> <span class='ocrx_word' id='word_1_109' title='bbox 1097 1942 1178 2003; x_wconf 90' lang='lat' dir='ltr'><strong>bono</strong></span> <span class='ocrx_word' id='word_1_110' title='bbox 1212 1941 1439 2021; x_wconf 77' lang='lat' dir='ltr'><strong>¹‘praestruend</strong></span> 
     </span>
     <span class='ocr_line' id='line_1_14' title="bbox 282 2041 1439 2122; baseline -0.001 -17"><span class='ocrx_word' id='word_1_111' title='bbox 282 2044 475 2105; x_wconf 72' lang='lat' dir='ltr'><strong>consumier.</strong></span> <span class='ocrx_word' id='word_1_112' title='bbox 511 2045 572 2106; x_wconf 88' lang='lat' dir='ltr'><strong>llas</strong></span> <span class='ocrx_word' id='word_1_113' title='bbox 594 2052 714 2104; x_wconf 90' lang='lat' dir='ltr'><strong>naturas</strong></span> <span class='ocrx_word' id='word_1_114' title='bbox 735 2042 844 2121; x_wconf 86' lang='lat' dir='ltr'><strong>quibus</strong></span> <span class='ocrx_word' id='word_1_115' title='bbox 867 2042 1051 2122; x_wconf 88' lang='lat' dir='ltr'><strong>disposuerit</strong></span> <span class='ocrx_word' id='word_1_116' title='bbox 1071 2042 1202 2105; x_wconf 85' lang='lat' dir='ltr'><strong>articulis</strong></span> <span class='ocrx_word' id='word_1_117' title='bbox 1224 2060 1278 2121; x_wconf 92' lang='lat' dir='ltr'><strong>per</strong></span> <span class='ocrx_word' id='word_1_118' title='bbox 1300 2041 1383 2121; x_wconf 90' lang='lat' dir='ltr'><strong>ipsas</strong></span> <span class='ocrx_word' id='word_1_119' title='bbox 1404 2059 1439 2104; x_wconf 84' lang='lat' dir='ltr'><strong>re</strong></span> 
     </span>
     <span class='ocr_line' id='line_1_15' title="bbox 284 2142 823 2224; baseline -0.004 -19"><span class='ocrx_word' id='word_1_120' title='bbox 284 2144 465 2224; x_wconf 89' lang='lat' dir='ltr'><strong>sponsiones</strong></span> <span class='ocrx_word' id='word_1_121' title='bbox 487 2154 606 2206; x_wconf 88' lang='lat' dir='ltr'><strong>nostras</strong></span> <span class='ocrx_word' id='word_1_122' title='bbox 629 2142 823 2205; x_wconf 88' lang='lat' dir='ltr'><strong>ostendimus.</strong></span> 
     </span>
    </p>

    <p class='ocr_par' dir='ltr' id='par_1_3' title="bbox 164 2242 1439 4034">
     <span class='ocr_line' id='line_1_16' title="bbox 164 2242 1439 2325; baseline 0 -19"><span class='ocrx_word' id='word_1_123' title='bbox 164 2258 267 2319; x_wconf 62' lang='lat' dir='ltr'><strong>capnt.</strong></span> <span class='ocrx_word' id='word_1_124' title='bbox 367 2245 542 2325; x_wconf 89' lang='lat' dir='ltr'><strong>Principalis</strong></span> <span class='ocrx_word' id='word_1_125' title='bbox 564 2246 676 2323; x_wconf 82' lang='lat' dir='ltr'><strong>itaque,</strong></span> <span class='ocrx_word' id='word_1_126' title='bbox 707 2244 754 2304; x_wconf 75' lang='lat' dir='ltr'><strong>&#39;ct</strong></span> <span class='ocrx_word' id='word_1_127' title='bbox 774 2242 879 2304; x_wconf 82' lang='lat' dir='ltr'><strong>exinde</strong></span> <span class='ocrx_word' id='word_1_128' title='bbox 900 2251 961 2305; x_wconf 91' lang='lat' dir='ltr'><strong>tota</strong></span> <span class='ocrx_word' id='word_1_129' title='bbox 983 2244 1157 2323; x_wconf 78' lang='lat' dir='ltr'><strong>congressio</strong></span> <span class='ocrx_word' id='word_1_130' title='bbox 1187 2243 1224 2304; x_wconf 89' lang='lat' dir='ltr'><strong>dc</strong></span> <span class='ocrx_word' id='word_1_131' title='bbox 1246 2261 1391 2317; x_wconf 88' lang='lat' dir='ltr'><strong>numero,</strong></span> <span class='ocrx_word' id='word_1_132' title='bbox 1419 2261 1439 2306; x_wconf 84' lang='lat' dir='ltr'><strong>u</strong></span> 
     </span>
     <span class='ocr_line' id='line_1_17' title="bbox 282 2342 1439 2425; baseline 0.002 -19"><span class='ocrx_word' id='word_1_133' title='bbox 282 2346 357 2408; x_wconf 90' lang='lat' dir='ltr'><strong>duos</strong></span> <span class='ocrx_word' id='word_1_134' title='bbox 379 2346 453 2407; x_wconf 89' lang='lat' dir='ltr'><strong>deos</strong></span> <span class='ocrx_word' id='word_1_135' title='bbox 475 2346 561 2408; x_wconf 91' lang='lat' dir='ltr'><strong>liceat</strong></span> <span class='ocrx_word' id='word_1_136' title='bbox 582 2344 698 2418; x_wconf 88' lang='lat' dir='ltr'><strong>induci,</strong></span> <span class='ocrx_word' id='word_1_137' title='bbox 721 2343 747 2405; x_wconf 89' lang='lat' dir='ltr'><strong>si</strong></span> <span class='ocrx_word' id='word_1_138' title='bbox 768 2342 892 2415; x_wconf 82' lang='lat' dir='ltr'><strong>²lorte·,</strong></span> <span class='ocrx_word' id='word_1_139' title='bbox 925 2344 1042 2422; x_wconf 79' lang='lat' dir='ltr'><strong>poetica</strong></span> <span class='ocrx_word' id='word_1_140' title='bbox 1065 2353 1095 2407; x_wconf 90' lang='lat' dir='ltr'><strong>et</strong></span> <span class='ocrx_word' id='word_1_141' title='bbox 1115 2345 1240 2425; x_wconf 86' lang='lat' dir='ltr'><strong>pictoria</strong></span> <span class='ocrx_word' id='word_1_142' title='bbox 1262 2344 1398 2418; x_wconf 90' lang='lat' dir='ltr'><strong>licentia,</strong></span> <span class='ocrx_word' id='word_1_143' title='bbox 1426 2363 1439 2408; x_wconf 86' lang='lat' dir='ltr'><strong>e</strong></span> 
     </span>
     <span class='ocr_line' id='line_1_18' title="bbox 282 2444 1439 2524; baseline 0.003 -17"><span class='ocrx_word' id='word_1_144' title='bbox 282 2447 367 2508; x_wconf 87' lang='lat' dir='ltr'><strong>tertia</strong></span> <span class='ocrx_word' id='word_1_145' title='bbox 389 2447 463 2519; x_wconf 91' lang='lat' dir='ltr'><strong>iam,</strong></span> <span class='ocrx_word' id='word_1_146' title='bbox 485 2448 643 2509; x_wconf 87' lang='lat' dir='ltr'><strong>haeretica.</strong></span> <span class='ocrx_word' id='word_1_147' title='bbox 676 2446 735 2507; x_wconf 92' lang='lat' dir='ltr'><strong>Sed</strong></span> <span class='ocrx_word' id='word_1_148' title='bbox 758 2444 866 2506; x_wconf 83' lang='lat' dir='ltr'><strong>veritas</strong></span> <span class='ocrx_word' id='word_1_149' title='bbox 882 2444 1048 2506; x_wconf 84' lang='lat' dir='ltr'><strong>Christiana</strong></span> <span class='ocrx_word' id='word_1_150' title='bbox 1062 2444 1221 2506; x_wconf 73' lang='lat' dir='ltr'><strong>&#39;destricte</strong></span> <span class='ocrx_word' id='word_1_151' title='bbox 1242 2445 1439 2524; x_wconf 79' lang='lat' dir='ltr'><strong>pronuntiarit</strong></span> 
     </span>
     <span class='ocr_line' id='line_1_19' title="bbox 280 2544 1439 2624; baseline 0.004 -19"><span class='ocrx_word' id='word_1_152' title='bbox 280 2546 360 2607; x_wconf 82' lang='lat' dir='ltr'><strong>lleus</strong></span> <span class='ocrx_word' id='word_1_153' title='bbox 382 2545 408 2605; x_wconf 94' lang='lat' dir='ltr'><strong>si</strong></span> <span class='ocrx_word' id='word_1_154' title='bbox 430 2564 490 2607; x_wconf 90' lang='lat' dir='ltr'><strong>oon</strong></span> <span class='ocrx_word' id='word_1_155' title='bbox 512 2565 590 2608; x_wconf 88' lang='lat' dir='ltr'><strong>unus</strong></span> <span class='ocrx_word' id='word_1_156' title='bbox 613 2555 676 2618; x_wconf 88' lang='lat' dir='ltr'><strong>est,</strong></span> <span class='ocrx_word' id='word_1_157' title='bbox 706 2552 852 2617; x_wconf 89' lang='lat' dir='ltr'><strong>nonest,</strong></span> <span class='ocrx_word' id='word_1_158' title='bbox 879 2545 948 2624; x_wconf 87' lang='lat' dir='ltr'><strong>quia</strong></span> <span class='ocrx_word' id='word_1_159' title='bbox 976 2544 1093 2622; x_wconf 81' lang='lat' dir='ltr'><strong>dignius</strong></span> <span class='ocrx_word' id='word_1_160' title='bbox 1116 2545 1263 2609; x_wconf 89' lang='lat' dir='ltr'><strong>credimus</strong></span> <span class='ocrx_word' id='word_1_161' title='bbox 1284 2545 1367 2607; x_wconf 75' lang='lat' dir='ltr'><strong>‘non</strong></span> <span class='ocrx_word' id='word_1_162' title='bbox 1389 2565 1439 2610; x_wconf 82' lang='lat' dir='ltr'><strong>ess</strong></span> 
     </span>
     <span class='ocr_line' id='line_1_20' title="bbox 280 2644 1439 2725; baseline 0.004 -19"><span class='ocrx_word' id='word_1_163' title='bbox 280 2645 477 2725; x_wconf 86' lang='lat' dir='ltr'><strong>quodcunque</strong></span> <span class='ocrx_word' id='word_1_164' title='bbox 498 2646 576 2707; x_wconf 77' lang='lat' dir='ltr'><strong>‘nou</strong></span> <span class='ocrx_word' id='word_1_165' title='bbox 598 2646 637 2708; x_wconf 89' lang='lat' dir='ltr'><strong>ita</strong></span> <span class='ocrx_word' id='word_1_166' title='bbox 659 2644 748 2707; x_wconf 88' lang='lat' dir='ltr'><strong>luerit</strong></span> <span class='ocrx_word' id='word_1_167' title='bbox 768 2653 802 2705; x_wconf 94' lang='lat' dir='ltr'><strong>ut</strong></span> <span class='ocrx_word' id='word_1_168' title='bbox 823 2663 890 2707; x_wconf 90' lang='lat' dir='ltr'><strong>esse</strong></span> <span class='ocrx_word' id='word_1_169' title='bbox 911 2644 1040 2706; x_wconf 89' lang='lat' dir='ltr'><strong>debebit.</strong></span> <span class='ocrx_word' id='word_1_170' title='bbox 1085 2645 1177 2707; x_wconf 84' lang='lat' dir='ltr'><strong>Deum</strong></span> <span class='ocrx_word' id='word_1_171' title='bbox 1199 2654 1298 2708; x_wconf 91' lang='lat' dir='ltr'><strong>autem</strong></span> <span class='ocrx_word' id='word_1_172' title='bbox 1321 2655 1356 2708; x_wconf 91' lang='lat' dir='ltr'><strong>ut</strong></span> <span class='ocrx_word' id='word_1_173' title='bbox 1378 2647 1439 2712; x_wconf 83' lang='lat' dir='ltr'><strong>scia</strong></span> 
     </span>
     <span class='ocr_line' id='line_1_21' title="bbox 280 2745 1439 2824; baseline 0.003 -16"><span class='ocrx_word' id='word_1_174' title='bbox 280 2763 372 2808; x_wconf 92' lang='lat' dir='ltr'><strong>unum</strong></span> <span class='ocrx_word' id='word_1_175' title='bbox 394 2763 464 2808; x_wconf 87' lang='lat' dir='ltr'><strong>esse</strong></span> <span class='ocrx_word' id='word_1_176' title='bbox 486 2745 611 2817; x_wconf 87' lang='lat' dir='ltr'><strong>debere,</strong></span> <span class='ocrx_word' id='word_1_177' title='bbox 645 2763 752 2824; x_wconf 87' lang='lat' dir='ltr'><strong>quaere</strong></span> <span class='ocrx_word' id='word_1_178' title='bbox 774 2745 843 2823; x_wconf 87' lang='lat' dir='ltr'><strong>quid</strong></span> <span class='ocrx_word' id='word_1_179' title='bbox 866 2746 907 2807; x_wconf 91' lang='lat' dir='ltr'><strong>sit</strong></span> <span class='ocrx_word' id='word_1_180' title='bbox 926 2746 1019 2818; x_wconf 87' lang='lat' dir='ltr'><strong>deus,</strong></span> <span class='ocrx_word' id='word_1_181' title='bbox 1050 2753 1079 2807; x_wconf 91' lang='lat' dir='ltr'><strong>et</strong></span> <span class='ocrx_word' id='word_1_182' title='bbox 1107 2764 1167 2807; x_wconf 91' lang='lat' dir='ltr'><strong>uon</strong></span> <span class='ocrx_word' id='word_1_183' title='bbox 1196 2746 1280 2808; x_wconf 87' lang='lat' dir='ltr'><strong>aliter</strong></span> <span class='ocrx_word' id='word_1_184' title='bbox 1308 2748 1439 2812; x_wconf 83' lang='lat' dir='ltr'><strong>inveniet</strong></span> 
     </span>
     <span class='ocr_line' id='line_1_22' title="bbox 281 2845 1439 2930; baseline 0.003 -21"><span class='ocrx_word' id='word_1_185' title='bbox 281 2847 430 2922; x_wconf 83' lang='lat' dir='ltr'><strong>Quantum</strong></span> <span class='ocrx_word' id='word_1_186' title='bbox 453 2845 582 2908; x_wconf 88' lang='lat' dir='ltr'><strong>bumana</strong></span> <span class='ocrx_word' id='word_1_187' title='bbox 603 2845 734 2908; x_wconf 90' lang='lat' dir='ltr'><strong>conditio</strong></span> <span class='ocrx_word' id='word_1_188' title='bbox 762 2846 799 2908; x_wconf 93' lang='lat' dir='ltr'><strong>de</strong></span> <span class='ocrx_word' id='word_1_189' title='bbox 821 2845 878 2907; x_wconf 92' lang='lat' dir='ltr'><strong>deo</strong></span> <span class='ocrx_word' id='word_1_190' title='bbox 901 2846 1023 2908; x_wconf 86' lang='lat' dir='ltr'><strong>delinire</strong></span> <span class='ocrx_word' id='word_1_191' title='bbox 1045 2856 1161 2928; x_wconf 86' lang='lat' dir='ltr'><strong>potest,</strong></span> <span class='ocrx_word' id='word_1_192' title='bbox 1190 2848 1220 2910; x_wconf 93' lang='lat' dir='ltr'><strong>id</strong></span> <span class='ocrx_word' id='word_1_193' title='bbox 1242 2848 1352 2911; x_wconf 89' lang='lat' dir='ltr'><strong>delinio</strong></span> <span class='ocrx_word' id='word_1_194' title='bbox 1375 2868 1439 2930; x_wconf 85' lang='lat' dir='ltr'><strong>quo</strong></span> 
     </span>
     <span class='ocr_line' id='line_1_23' title="bbox 281 2947 1439 3029; baseline 0.005 -21"><span class='ocrx_word' id='word_1_195' title='bbox 281 2956 311 3009; x_wconf 91' lang='lat' dir='ltr'><strong>et</strong></span> <span class='ocrx_word' id='word_1_196' title='bbox 331 2947 464 3009; x_wconf 91' lang='lat' dir='ltr'><strong>omnium</strong></span> <span class='ocrx_word' id='word_1_197' title='bbox 486 2947 666 3009; x_wconf 87' lang='lat' dir='ltr'><strong>conscientia</strong></span> <span class='ocrx_word' id='word_1_198' title='bbox 688 2956 843 3027; x_wconf 87' lang='lat' dir='ltr'><strong>agnoscet,</strong></span> <span class='ocrx_word' id='word_1_199' title='bbox 871 2948 957 3009; x_wconf 91' lang='lat' dir='ltr'><strong>deum</strong></span> <span class='ocrx_word' id='word_1_200' title='bbox 981 2962 1131 3010; x_wconf 87' lang='lat' dir='ltr'><strong>summum</strong></span> <span class='ocrx_word' id='word_1_201' title='bbox 1152 2968 1221 3011; x_wconf 89' lang='lat' dir='ltr'><strong>esse</strong></span> <span class='ocrx_word' id='word_1_202' title='bbox 1244 2968 1400 3029; x_wconf 89' lang='lat' dir='ltr'><strong>maguum,</strong></span> <span class='ocrx_word' id='word_1_203' title='bbox 1423 2950 1439 3015; x_wconf 78' lang='lat' dir='ltr'><strong>it</strong></span> 
     </span>
     <span class='ocr_line' id='line_1_24' title="bbox 279 3047 1439 3124; baseline 0.006 -15"><span class='ocrx_word' id='word_1_204' title='bbox 279 3047 453 3110; x_wconf 88' lang='lat' dir='ltr'><strong>aeternitate</strong></span> <span class='ocrx_word' id='word_1_205' title='bbox 475 3048 685 3121; x_wconf 89' lang='lat' dir='ltr'><strong>constitutum,</strong></span> <span class='ocrx_word' id='word_1_206' title='bbox 709 3049 857 3121; x_wconf 88' lang='lat' dir='ltr'><strong>innatum,</strong></span> <span class='ocrx_word' id='word_1_207' title='bbox 887 3049 1043 3123; x_wconf 84' lang='lat' dir='ltr'><strong>iniectum,</strong></span> <span class='ocrx_word' id='word_1_208' title='bbox 1077 3050 1142 3111; x_wconf 91' lang='lat' dir='ltr'><strong>sine</strong></span> <span class='ocrx_word' id='word_1_209' title='bbox 1165 3050 1266 3124; x_wconf 91' lang='lat' dir='ltr'><strong>initio,</strong></span> <span class='ocrx_word' id='word_1_210' title='bbox 1296 3050 1363 3112; x_wconf 91' lang='lat' dir='ltr'><strong>siue</strong></span> <span class='ocrx_word' id='word_1_211' title='bbox 1385 3052 1439 3117; x_wconf 81' lang='lat' dir='ltr'><strong>lim</strong></span> 
     </span>
     <span class='ocr_line' id='line_1_25' title="bbox 278 3147 1439 3232; baseline 0.007 -23"><span class='ocrx_word' id='word_1_212' title='bbox 278 3147 366 3210; x_wconf 89' lang='lat' dir='ltr'><strong>lluue</strong></span> <span class='ocrx_word' id='word_1_213' title='bbox 387 3149 466 3210; x_wconf 91' lang='lat' dir='ltr'><strong>enim</strong></span> <span class='ocrx_word' id='word_1_214' title='bbox 494 3157 603 3211; x_wconf 88' lang='lat' dir='ltr'><strong>statum</strong></span> <span class='ocrx_word' id='word_1_215' title='bbox 630 3150 794 3211; x_wconf 88' lang='lat' dir='ltr'><strong>aeternitati</strong></span> <span class='ocrx_word' id='word_1_216' title='bbox 817 3149 1014 3222; x_wconf 89' lang='lat' dir='ltr'><strong>censendum,</strong></span> <span class='ocrx_word' id='word_1_217' title='bbox 1043 3168 1119 3229; x_wconf 85' lang='lat' dir='ltr'><strong>quoe</strong></span> <span class='ocrx_word' id='word_1_218' title='bbox 1141 3169 1290 3213; x_wconf 90' lang='lat' dir='ltr'><strong>summum</strong></span> <span class='ocrx_word' id='word_1_219' title='bbox 1314 3170 1439 3232; x_wconf 78' lang='lat' dir='ltr'><strong>magnus</strong></span> 
     </span>
     <span class='ocr_line' id='line_1_26' title="bbox 280 3249 1439 3330; baseline 0.006 -21"><span class='ocrx_word' id='word_1_220' title='bbox 280 3249 368 3310; x_wconf 90' lang='lat' dir='ltr'><strong>deum</strong></span> <span class='ocrx_word' id='word_1_221' title='bbox 391 3251 512 3325; x_wconf 85' lang='lat' dir='ltr'><strong>efficiat,</strong></span> <span class='ocrx_word' id='word_1_222' title='bbox 535 3249 603 3310; x_wconf 89' lang='lat' dir='ltr'><strong>dum</strong></span> <span class='ocrx_word' id='word_1_223' title='bbox 626 3249 684 3311; x_wconf 90' lang='lat' dir='ltr'><strong>boc</strong></span> <span class='ocrx_word' id='word_1_224' title='bbox 705 3259 752 3312; x_wconf 91' lang='lat' dir='ltr'><strong>est</strong></span> <span class='ocrx_word' id='word_1_225' title='bbox 773 3251 805 3311; x_wconf 93' lang='lat' dir='ltr'><strong>in</strong></span> <span class='ocrx_word' id='word_1_226' title='bbox 827 3250 884 3311; x_wconf 90' lang='lat' dir='ltr'><strong>deo</strong></span> <span class='ocrx_word' id='word_1_227' title='bbox 907 3249 985 3329; x_wconf 92' lang='lat' dir='ltr'><strong>ipsa,</strong></span> <span class='ocrx_word' id='word_1_228' title='bbox 1009 3259 1095 3330; x_wconf 72' lang='lat' dir='ltr'><strong>atoue</strong></span> <span class='ocrx_word' id='word_1_229' title='bbox 1117 3251 1156 3313; x_wconf 89' lang='lat' dir='ltr'><strong>ita</strong></span> <span class='ocrx_word' id='word_1_230' title='bbox 1178 3260 1208 3314; x_wconf 89' lang='lat' dir='ltr'><strong>et</strong></span> <span class='ocrx_word' id='word_1_231' title='bbox 1228 3261 1344 3326; x_wconf 86' lang='lat' dir='ltr'><strong>cetera,</strong></span> <span class='ocrx_word' id='word_1_232' title='bbox 1368 3250 1439 3317; x_wconf 89' lang='lat' dir='ltr'><strong>utsi</strong></span> 
     </span>
     <span class='ocr_line' id='line_1_27' title="bbox 280 3349 1439 3431; baseline 0.006 -21"><span class='ocrx_word' id='word_1_233' title='bbox 280 3349 354 3411; x_wconf 91' lang='lat' dir='ltr'><strong>deus</strong></span> <span class='ocrx_word' id='word_1_234' title='bbox 376 3368 524 3413; x_wconf 91' lang='lat' dir='ltr'><strong>summum</strong></span> <span class='ocrx_word' id='word_1_235' title='bbox 547 3369 685 3429; x_wconf 85' lang='lat' dir='ltr'><strong>maguum</strong></span> <span class='ocrx_word' id='word_1_236' title='bbox 707 3360 738 3413; x_wconf 91' lang='lat' dir='ltr'><strong>et</strong></span> <span class='ocrx_word' id='word_1_237' title='bbox 758 3352 853 3413; x_wconf 89' lang='lat' dir='ltr'><strong>lorma</strong></span> <span class='ocrx_word' id='word_1_238' title='bbox 875 3358 906 3412; x_wconf 89' lang='lat' dir='ltr'><strong>et</strong></span> <span class='ocrx_word' id='word_1_239' title='bbox 927 3351 1040 3412; x_wconf 88' lang='lat' dir='ltr'><strong>ratione</strong></span> <span class='ocrx_word' id='word_1_240' title='bbox 1062 3360 1093 3413; x_wconf 90' lang='lat' dir='ltr'><strong>et</strong></span> <span class='ocrx_word' id='word_1_241' title='bbox 1106 3351 1134 3412; x_wconf 82' lang='lat' dir='ltr'><strong>ri</strong></span> <span class='ocrx_word' id='word_1_242' title='bbox 1149 3360 1178 3413; x_wconf 90' lang='lat' dir='ltr'><strong>et</strong></span> <span class='ocrx_word' id='word_1_243' title='bbox 1193 3361 1351 3431; x_wconf 90' lang='lat' dir='ltr'><strong>potestate.</strong></span> <span class='ocrx_word' id='word_1_244' title='bbox 1380 3354 1439 3417; x_wconf 86' lang='lat' dir='ltr'><strong>Cur</strong></span> 
     </span>
     <span class='ocr_line' id='line_1_28' title="bbox 280 3450 1439 3531; baseline 0.008 -21"><span class='ocrx_word' id='word_1_245' title='bbox 280 3450 317 3511; x_wconf 90' lang='lat' dir='ltr'><strong>de</strong></span> <span class='ocrx_word' id='word_1_246' title='bbox 339 3450 398 3512; x_wconf 91' lang='lat' dir='ltr'><strong>isto</strong></span> <span class='ocrx_word' id='word_1_247' title='bbox 420 3451 592 3514; x_wconf 70' lang='lat' dir='ltr'><strong>‘conveniat</strong></span> <span class='ocrx_word' id='word_1_248' title='bbox 613 3450 690 3531; x_wconf 92' lang='lat' dir='ltr'><strong>apud</strong></span> <span class='ocrx_word' id='word_1_249' title='bbox 712 3470 818 3512; x_wconf 89' lang='lat' dir='ltr'><strong>omues</strong></span> <span class='ocrx_word' id='word_1_250' title='bbox 840 3454 940 3521; x_wconf 89' lang='lat' dir='ltr'><strong>(nemo</strong></span> <span class='ocrx_word' id='word_1_251' title='bbox 964 3451 1043 3512; x_wconf 90' lang='lat' dir='ltr'><strong>enim</strong></span> <span class='ocrx_word' id='word_1_252' title='bbox 1067 3452 1184 3531; x_wconf 87' lang='lat' dir='ltr'><strong>negabit</strong></span> <span class='ocrx_word' id='word_1_253' title='bbox 1200 3453 1287 3515; x_wconf 88' lang='lat' dir='ltr'><strong>deum</strong></span> <span class='ocrx_word' id='word_1_254' title='bbox 1302 3473 1439 3519; x_wconf 86' lang='lat' dir='ltr'><strong>summux</strong></span> 
     </span>
     <span class='ocr_line' id='line_1_29' title="bbox 280 3550 1439 3637; baseline 0.001 -27"><span class='ocrx_word' id='word_1_255' title='bbox 280 3567 416 3626; x_wconf 87' lang='lat' dir='ltr'><strong>maguum</strong></span> <span class='ocrx_word' id='word_1_256' title='bbox 438 3550 508 3629; x_wconf 88' lang='lat' dir='ltr'><strong>quid</strong></span> <span class='ocrx_word' id='word_1_257' title='bbox 531 3570 615 3624; x_wconf 90' lang='lat' dir='ltr'><strong>esse,</strong></span> <span class='ocrx_word' id='word_1_258' title='bbox 638 3551 712 3613; x_wconf 75' lang='lat' dir='ltr'><strong>&#39;nisi</strong></span> <span class='ocrx_word' id='word_1_259' title='bbox 735 3553 783 3631; x_wconf 90' lang='lat' dir='ltr'><strong>qui</strong></span> <span class='ocrx_word' id='word_1_260' title='bbox 806 3550 917 3630; x_wconf 89' lang='lat' dir='ltr'><strong>poterit</strong></span> <span class='ocrx_word' id='word_1_261' title='bbox 938 3550 1025 3612; x_wconf 88' lang='lat' dir='ltr'><strong>deum</strong></span> <span class='ocrx_word' id='word_1_262' title='bbox 1040 3552 1150 3614; x_wconf 77' lang='lat' dir='ltr'><strong>&#39;imum</strong></span> <span class='ocrx_word' id='word_1_263' title='bbox 1171 3552 1321 3616; x_wconf 91' lang='lat' dir='ltr'><strong>modicum</strong></span> <span class='ocrx_word' id='word_1_264' title='bbox 1342 3557 1439 3637; x_wconf 68' lang='lat' dir='ltr'><strong>quid·</strong></span> 
     </span>
     <span class='ocr_line' id='line_1_30' title="bbox 279 3649 1439 3736; baseline 0.009 -28"><span class='ocrx_word' id='word_1_265' title='bbox 279 3649 428 3709; x_wconf 86' lang='lat' dir='ltr'><strong>contrario</strong></span> <span class='ocrx_word' id='word_1_266' title='bbox 450 3652 659 3728; x_wconf 87' lang='lat' dir='ltr'><strong>pronuntiare,</strong></span> <span class='ocrx_word' id='word_1_267' title='bbox 683 3660 716 3712; x_wconf 92' lang='lat' dir='ltr'><strong>ut</strong></span> <span class='ocrx_word' id='word_1_268' title='bbox 737 3651 824 3711; x_wconf 90' lang='lat' dir='ltr'><strong>deum</strong></span> <span class='ocrx_word' id='word_1_269' title='bbox 848 3661 935 3729; x_wconf 88' lang='lat' dir='ltr'><strong>neget</strong></span> <span class='ocrx_word' id='word_1_270' title='bbox 949 3652 1110 3714; x_wconf 77' lang='lat' dir='ltr'><strong>auterendo</strong></span> <span class='ocrx_word' id='word_1_271' title='bbox 1125 3653 1205 3731; x_wconf 87' lang='lat' dir='ltr'><strong>quod</strong></span> <span class='ocrx_word' id='word_1_272' title='bbox 1222 3654 1269 3714; x_wconf 88' lang='lat' dir='ltr'><strong>dei</strong></span> <span class='ocrx_word' id='word_1_273' title='bbox 1284 3663 1355 3731; x_wconf 84' lang='lat' dir='ltr'><strong>est),</strong></span> <span class='ocrx_word' id='word_1_274' title='bbox 1377 3674 1439 3736; x_wconf 74' lang='lat' dir='ltr'><strong>qna</strong></span> 
     </span>
     <span class='ocr_line' id='line_1_31' title="bbox 278 3746 1439 3833; baseline 0.011 -26"><span class='ocrx_word' id='word_1_275' title='bbox 278 3746 413 3809; x_wconf 87' lang='lat' dir='ltr'><strong>critiam</strong></span> <span class='ocrx_word' id='word_1_276' title='bbox 435 3748 570 3810; x_wconf 90' lang='lat' dir='ltr'><strong>condicio</strong></span> <span class='ocrx_word' id='word_1_277' title='bbox 592 3751 688 3830; x_wconf 90' lang='lat' dir='ltr'><strong>ipsius</strong></span> <span class='ocrx_word' id='word_1_278' title='bbox 711 3751 820 3813; x_wconf 90' lang='lat' dir='ltr'><strong>summi</strong></span> <span class='ocrx_word' id='word_1_279' title='bbox 843 3750 964 3830; x_wconf 80' lang='lat' dir='ltr'><strong>magnit</strong></span> <span class='ocrx_word' id='word_1_280' title='bbox 1012 3751 1124 3833; x_wconf 82' lang='lat' dir='ltr'><strong>Nempe</strong></span> <span class='ocrx_word' id='word_1_281' title='bbox 1147 3763 1179 3815; x_wconf 91' lang='lat' dir='ltr'><strong>ut</strong></span> <span class='ocrx_word' id='word_1_282' title='bbox 1200 3753 1272 3815; x_wconf 90' lang='lat' dir='ltr'><strong>nibil</strong></span> <span class='ocrx_word' id='word_1_283' title='bbox 1295 3755 1337 3816; x_wconf 91' lang='lat' dir='ltr'><strong>illi</strong></span> <span class='ocrx_word' id='word_1_284' title='bbox 1361 3758 1439 3821; x_wconf 80' lang='lat' dir='ltr'><strong>adae</strong></span> 
     </span>
     <span class='ocr_line' id='line_1_32' title="bbox 278 3899 1439 3966; baseline 0.009 -17"><span class='ocrx_word' id='word_1_285' title='bbox 278 3899 302 3949; x_wconf 84' lang='lat'><strong>8.</strong></span> <span class='ocrx_word' id='word_1_286' title='bbox 321 3900 457 3950; x_wconf 83' lang='lat' dir='ltr'><strong>credentem</strong></span> <span class='ocrx_word' id='word_1_287' title='bbox 476 3902 502 3950; x_wconf 84' lang='lat' dir='ltr'><strong>ll.</strong></span> <span class='ocrx_word' id='word_1_288' title='bbox 547 3903 672 3952; x_wconf 86' lang='lat' dir='ltr'><strong>eredentes</strong></span> <span class='ocrx_word' id='word_1_289' title='bbox 689 3906 714 3953; x_wconf 79' lang='lat' dir='ltr'><strong>A.</strong></span> <span class='ocrx_word' id='word_1_290' title='bbox 766 3903 790 3953; x_wconf 81' lang='grc'><strong>9.</strong></span> <span class='ocrx_word' id='word_1_291' title='bbox 815 3912 909 3966; x_wconf 86' lang='lat' dir='ltr'><strong>patrem</strong></span> <span class='ocrx_word' id='word_1_292' title='bbox 927 3904 971 3954; x_wconf 84' lang='lat' dir='ltr'><strong>rt.</strong></span> <span class='ocrx_word' id='word_1_293' title='bbox 1027 3905 1065 3954; x_wconf 81' lang='lat'><strong>10.</strong></span> <span class='ocrx_word' id='word_1_294' title='bbox 1089 3906 1161 3955; x_wconf 86' lang='lat' dir='ltr'><strong>Solus</strong></span> <span class='ocrx_word' id='word_1_295' title='bbox 1187 3905 1210 3955; x_wconf 80' lang='lat' dir='ltr'><strong>d.</strong></span> <span class='ocrx_word' id='word_1_296' title='bbox 1265 3907 1439 3961; x_wconf 71' lang='lat' dir='ltr'><strong>insumet</strong></span> 
     </span>
     <span class='ocr_line' id='line_1_33' title="bbox 278 3968 1439 4034; baseline 0.012 -20"><span class='ocrx_word' id='word_1_297' title='bbox 278 3975 359 4015; x_wconf 88' lang='lat' dir='ltr'><strong>actore</strong></span> <span class='ocrx_word' id='word_1_298' title='bbox 376 3968 419 4017; x_wconf 79' lang='lat' dir='ltr'><strong>tn.</strong></span> <span class='ocrx_word' id='word_1_299' title='bbox 445 3974 447 3979; x_wconf 84' lang='grc'><em>“</em></span> <span class='ocrx_word' id='word_1_300' title='bbox 475 3968 512 4017; x_wconf 86' lang='lat' dir='ltr'><strong>tt.</strong></span> <span class='ocrx_word' id='word_1_301' title='bbox 531 3969 635 4032; x_wconf 85' lang='lat' dir='ltr'><strong>desipuit</strong></span> <span class='ocrx_word' id='word_1_302' title='bbox 652 3971 817 4034; x_wconf 49' lang='lat' dir='ltr'><strong>lustrabere.</strong></span> <span class='ocrx_word' id='word_1_303' title='bbox 852 3970 947 4033; x_wconf 87' lang='lat' dir='ltr'><strong>derepit</strong></span> <span class='ocrx_word' id='word_1_304' title='bbox 970 3972 1026 4022; x_wconf 84' lang='lat' dir='ltr'><strong>libri</strong></span> <span class='ocrx_word' id='word_1_305' title='bbox 1043 3988 1129 4022; x_wconf 82' lang='lat' dir='ltr'><strong>omnes.</strong></span> <span class='ocrx_word' id='word_1_306' title='bbox 1184 3972 1222 4023; x_wconf 83' lang='lat'><strong>13.</strong></span> <span class='ocrx_word' id='word_1_307' title='bbox 1241 3975 1264 4022; x_wconf 92' lang='lat' dir='ltr'><strong>in</strong></span> <span class='ocrx_word' id='word_1_308' title='bbox 1283 3975 1362 4025; x_wconf 79' lang='lat' dir='ltr'><strong>lorum</strong></span> <span class='ocrx_word' id='word_1_309' title='bbox 1380 3991 1439 4029; x_wconf 76' lang='lat' dir='ltr'><strong>roan</strong></span> 
     </span>
    </p>
   </div>
   <div class='ocr_carea' id='block_1_3' title="bbox 278 4034 1439 4152">
    <p class='ocr_par' dir='ltr' id='par_1_4' title="bbox 278 4034 1439 4152">
     <span class='ocr_line' id='line_1_34' title="bbox 278 4034 1439 4152; baseline 0.011 -70"><span class='ocrx_word' id='word_1_310' title='bbox 278 4034 325 4148; x_wconf 54' lang='grc' dir='ltr'>ιῐιιιί</span> <span class='ocrx_word' id='word_1_311' title='bbox 343 4035 386 4151; x_wconf 48' lang='lat' dir='ltr'><strong>till.</strong></span> <span class='ocrx_word' id='word_1_312' title='bbox 413 4035 479 4152; x_wconf 41' lang='lat'><strong>1124.</strong></span> <span class='ocrx_word' id='word_1_313' title='bbox 499 4037 649 4086; x_wconf 85' lang='lat' dir='ltr'><strong>conitebator</strong></span> <span class='ocrx_word' id='word_1_314' title='bbox 665 4040 690 4087; x_wconf 79' lang='lat' dir='ltr'><strong>A.</strong></span> <span class='ocrx_word' id='word_1_315' title='bbox 746 4038 785 4087; x_wconf 82' lang='lat' dir='ltr'><strong>lb.</strong></span> <span class='ocrx_word' id='word_1_316' title='bbox 809 4040 985 4102; x_wconf 86' lang='lat' dir='ltr'><strong>praestruendo</strong></span> <span class='ocrx_word' id='word_1_317' title='bbox 1007 4039 1068 4089; x_wconf 80' lang='lat' dir='ltr'><strong>rec.</strong></span> <span class='ocrx_word' id='word_1_318' title='bbox 1091 4041 1211 4091; x_wconf 80' lang='lat' dir='ltr'><strong>Vaticanus</strong></span> <span class='ocrx_word' id='word_1_319' title='bbox 1233 4050 1337 4106; x_wconf 68' lang='lat' dir='ltr'><strong>utaque.</strong></span> <span class='ocrx_word' id='word_1_320' title='bbox 1378 4058 1439 4106; x_wconf 86' lang='lat' dir='ltr'><strong>prae</strong></span> 
     </span>
     <span class='ocr_line' id='line_1_35' title="bbox 290 4115 464 4152; baseline 0.006 -3"><span class='ocrx_word' id='word_1_321' title='bbox 290 4115 347 4150; x_wconf 87' lang='lat' dir='ltr'><strong>eren</strong></span> <span class='ocrx_word' id='word_1_322' title='bbox 366 4117 380 4150; x_wconf 91' lang='lat' dir='ltr'><strong>o</strong></span> <span class='ocrx_word' id='word_1_323' title='bbox 399 4120 411 4151; x_wconf 87' lang='lat' dir='ltr'><strong>o</strong></span> <span class='ocrx_word' id='word_1_324' title='bbox 429 4120 464 4152; x_wconf 88' lang='lat' dir='ltr'><strong>c.</strong></span> 
     </span>
    </p>
   </div>
   <div class='ocr_carea' id='block_1_4' title="bbox 278 4145 1439 4291">
    <p class='ocr_par' dir='ltr' id='par_1_5' title="bbox 278 4145 1439 4291">
     <span class='ocr_line' id='line_1_36' title="bbox 347 4145 1439 4232; baseline 0.012 -14"><span class='ocrx_word' id='word_1_325' title='bbox 347 4171 404 4232; x_wconf 88' lang='lat' dir='ltr'><strong>Cap.</strong></span> <span class='ocrx_word' id='word_1_326' title='bbox 424 4169 464 4218; x_wconf 94' lang='lat' dir='ltr'><strong>lll.</strong></span> <span class='ocrx_word' id='word_1_327' title='bbox 503 4171 523 4219; x_wconf 95' lang='lat' dir='ltr'><strong>l.</strong></span> <span class='ocrx_word' id='word_1_328' title='bbox 543 4179 579 4219; x_wconf 91' lang='lat' dir='ltr'><strong>est</strong></span> <span class='ocrx_word' id='word_1_329' title='bbox 597 4173 766 4222; x_wconf 65' lang='lat' dir='ltr'><strong>efferuntur.</strong></span> <span class='ocrx_word' id='word_1_330' title='bbox 808 4171 831 4220; x_wconf 80' lang='lat'><strong>2.</strong></span> <span class='ocrx_word' id='word_1_331' title='bbox 850 4145 978 4223; x_wconf 84' lang='lat' dir='ltr'><strong>sortcbcd.</strong></span> <span class='ocrx_word' id='word_1_332' title='bbox 1021 4174 1045 4222; x_wconf 82' lang='grc'><strong>3.</strong></span> <span class='ocrx_word' id='word_1_333' title='bbox 1064 4175 1204 4226; x_wconf 77' lang='lat' dir='ltr'><strong>strictedll.</strong></span> <span class='ocrx_word' id='word_1_334' title='bbox 1244 4175 1269 4224; x_wconf 76' lang='lat' dir='ltr'><strong>l.</strong></span> <span class='ocrx_word' id='word_1_335' title='bbox 1288 4190 1338 4227; x_wconf 89' lang='lat' dir='ltr'><strong>non</strong></span> <span class='ocrx_word' id='word_1_336' title='bbox 1355 4179 1439 4231; x_wconf 71' lang='grc' dir='ltr'><strong>οΜΙ</strong></span> 
     </span>
     <span class='ocr_line' id='line_1_37' title="bbox 278 4236 1216 4291; baseline 0.007 -7"><span class='ocrx_word' id='word_1_337' title='bbox 278 4236 300 4283; x_wconf 88' lang='lat'><strong>5.</strong></span> <span class='ocrx_word' id='word_1_338' title='bbox 320 4237 351 4285; x_wconf 87' lang='lat' dir='ltr'><strong>ita</strong></span> <span class='ocrx_word' id='word_1_339' title='bbox 370 4251 417 4284; x_wconf 90' lang='lat' dir='ltr'><strong>nou</strong></span> <span class='ocrx_word' id='word_1_340' title='bbox 435 4236 460 4286; x_wconf 84' lang='lat' dir='ltr'><strong>ll.</strong></span> <span class='ocrx_word' id='word_1_341' title='bbox 513 4237 537 4286; x_wconf 88' lang='grc'><strong>6.</strong></span> <span class='ocrx_word' id='word_1_342' title='bbox 556 4240 726 4288; x_wconf 81' lang='lat' dir='ltr'><strong>couvenitlll.</strong></span> <span class='ocrx_word' id='word_1_343' title='bbox 779 4239 802 4288; x_wconf 93' lang='lat' dir='ltr'><strong>&#39;l.</strong></span> <span class='ocrx_word' id='word_1_344' title='bbox 823 4240 868 4288; x_wconf 88' lang='lat' dir='ltr'><strong>nisi</strong></span> <span class='ocrx_word' id='word_1_345' title='bbox 887 4241 985 4290; x_wconf 73' lang='lat' dir='ltr'><strong>ontdd.</strong></span> <span class='ocrx_word' id='word_1_346' title='bbox 1038 4239 1062 4291; x_wconf 86' lang='grc'><strong>8.</strong></span> <span class='ocrx_word' id='word_1_347' title='bbox 1081 4242 1216 4291; x_wconf 78' lang='lat' dir='ltr'><strong>uuorudll.</strong></span> 
     </span>
    </p>
   </div>
   <div class='ocr_carea' id='block_1_5' title="bbox 276 4335 1439 4947">
    <p class='ocr_par' dir='ltr' id='par_1_6' title="bbox 279 4335 1439 4468">
     <span class='ocr_line' id='line_1_38' title="bbox 312 4335 1439 4407; baseline 0.012 -24"><span class='ocrx_word' id='word_1_348' title='bbox 312 4351 332 4383; x_wconf 87' lang='lat' dir='ltr'><strong>c.</strong></span> <span class='ocrx_word' id='word_1_349' title='bbox 358 4337 436 4386; x_wconf 87' lang='lat' dir='ltr'><strong>bonos</strong></span> <span class='ocrx_word' id='word_1_350' title='bbox 462 4335 574 4404; x_wconf 75' lang='lat' dir='ltr'><strong>noctus]</strong></span> <span class='ocrx_word' id='word_1_351' title='bbox 599 4340 657 4390; x_wconf 89' lang='lat' dir='ltr'><strong>Scil.</strong></span> <span class='ocrx_word' id='word_1_352' title='bbox 686 4341 838 4391; x_wconf 87' lang='lat' dir='ltr'><strong>condentem.</strong></span> <span class='ocrx_word' id='word_1_353' title='bbox 890 4356 941 4404; x_wconf 88' lang='lat' dir='ltr'><strong>cap.</strong></span> <span class='ocrx_word' id='word_1_354' title='bbox 955 4341 979 4390; x_wconf 83' lang='lat'><strong>6.</strong></span> <span class='ocrx_word' id='word_1_355' title='bbox 1012 4343 1129 4392; x_wconf 82' lang='lat' dir='ltr'><strong>l‘bilsster</strong></span> <span class='ocrx_word' id='word_1_356' title='bbox 1147 4342 1250 4407; x_wconf 71' lang='lat' dir='ltr'><strong>capii.</strong></span> <span class='ocrx_word' id='word_1_357' title='bbox 1283 4343 1371 4395; x_wconf 81' lang='lat' dir='ltr'><strong>Euseb.</strong></span> <span class='ocrx_word' id='word_1_358' title='bbox 1391 4346 1439 4397; x_wconf 84' lang='lat' dir='ltr'><strong>llist</strong></span> 
     </span>
     <span class='ocr_line' id='line_1_39' title="bbox 279 4402 1058 4468; baseline 0.012 -18"><span class='ocrx_word' id='word_1_359' title='bbox 279 4402 365 4452; x_wconf 83' lang='lat' dir='ltr'><strong>Durior</strong></span> <span class='ocrx_word' id='word_1_360' title='bbox 382 4405 483 4468; x_wconf 85' lang='lat' dir='ltr'><strong>ellipsis.</strong></span> <span class='ocrx_word' id='word_1_361' title='bbox 804 4416 809 4425; x_wconf 91' lang='grc'><strong>”</strong></span> <span class='ocrx_word' id='word_1_362' title='bbox 891 4409 955 4459; x_wconf 76' lang='lat' dir='ltr'><strong>tect.</strong></span> <span class='ocrx_word' id='word_1_363' title='bbox 975 4408 1058 4468; x_wconf 87' lang='lat' dir='ltr'><strong>lV,l0.</strong></span> 
     </span>
    </p>

    <p class='ocr_par' dir='ltr' id='par_1_7' title="bbox 278 4469 1439 4608">
     <span class='ocr_line' id='line_1_40' title="bbox 311 4469 1439 4545; baseline 0.012 -27"><span class='ocrx_word' id='word_1_364' title='bbox 311 4470 333 4518; x_wconf 88' lang='lat' dir='ltr'><strong>d.</strong></span> <span class='ocrx_word' id='word_1_365' title='bbox 359 4469 491 4538; x_wconf 85' lang='lat' dir='ltr'><strong>hospitam]</strong></span> <span class='ocrx_word' id='word_1_366' title='bbox 522 4473 684 4535; x_wconf 77' lang='lat' dir='ltr'><strong>Peregrinam,</strong></span> <span class='ocrx_word' id='word_1_367' title='bbox 714 4473 838 4533; x_wconf 76' lang='lat' dir='ltr'><strong>advenam,</strong></span> <span class='ocrx_word' id='word_1_368' title='bbox 924 4490 945 4536; x_wconf 82' lang='lat' dir='ltr'><strong>g.</strong></span> <span class='ocrx_word' id='word_1_369' title='bbox 970 4478 1146 4539; x_wconf 84' lang='lat' dir='ltr'><strong>praestruendo</strong></span> <span class='ocrx_word' id='word_1_370' title='bbox 1175 4473 1329 4545; x_wconf 82' lang='lat' dir='ltr'><strong>construxit]</strong></span> <span class='ocrx_word' id='word_1_371' title='bbox 1364 4476 1439 4532; x_wconf 75' lang='lat' dir='ltr'><strong>Versu</strong></span> 
     </span>
     <span class='ocr_line' id='line_1_41' title="bbox 278 4542 1437 4608; baseline 0.011 -23"><span class='ocrx_word' id='word_1_372' title='bbox 278 4544 423 4587; x_wconf 84' lang='lat' dir='ltr'><strong>extraneam.</strong></span> <span class='ocrx_word' id='word_1_373' title='bbox 891 4542 970 4603; x_wconf 84' lang='lat' dir='ltr'><strong>denrn,</strong></span> <span class='ocrx_word' id='word_1_374' title='bbox 990 4545 1074 4608; x_wconf 87' lang='lat' dir='ltr'><strong>inquit,</strong></span> <span class='ocrx_word' id='word_1_375' title='bbox 1093 4560 1146 4595; x_wconf 83' lang='lat' dir='ltr'><strong>cum</strong></span> <span class='ocrx_word' id='word_1_376' title='bbox 1164 4547 1220 4595; x_wconf 87' lang='lat' dir='ltr'><strong>mali</strong></span> <span class='ocrx_word' id='word_1_377' title='bbox 1236 4546 1308 4595; x_wconf 87' lang='lat' dir='ltr'><strong>deoru</strong></span> <span class='ocrx_word' id='word_1_378' title='bbox 1326 4561 1382 4597; x_wconf 84' lang='lat' dir='ltr'><strong>esse</strong></span> <span class='ocrx_word' id='word_1_379' title='bbox 1399 4557 1437 4601; x_wconf 85' lang='lat' dir='ltr'><strong>sta</strong></span> 
     </span>
    </p>

    <p class='ocr_par' dir='ltr' id='par_1_8' title="bbox 276 4605 1439 4807">
     <span class='ocr_line' id='line_1_42' title="bbox 311 4605 1439 4678; baseline 0.012 -25"><span class='ocrx_word' id='word_1_380' title='bbox 311 4619 332 4653; x_wconf 87' lang='lat' dir='ltr'><strong>e.</strong></span> <span class='ocrx_word' id='word_1_381' title='bbox 350 4605 477 4672; x_wconf 81' lang='lat' dir='ltr'><strong>desipuit]</strong></span> <span class='ocrx_word' id='word_1_382' title='bbox 492 4608 608 4670; x_wconf 80' lang='lat' dir='ltr'><strong>Rigaltius</strong></span> <span class='ocrx_word' id='word_1_383' title='bbox 626 4609 723 4658; x_wconf 88' lang='lat' dir='ltr'><strong>retinuit</strong></span> <span class='ocrx_word' id='word_1_384' title='bbox 740 4611 836 4674; x_wconf 84' lang='lat' dir='ltr'><strong>decepit,</strong></span> <span class='ocrx_word' id='word_1_385' title='bbox 889 4617 976 4668; x_wconf 89' lang='lat' dir='ltr'><strong>tuerel,</strong></span> <span class='ocrx_word' id='word_1_386' title='bbox 994 4612 1133 4662; x_wconf 77' lang='lat' dir='ltr'><strong>infamando</strong></span> <span class='ocrx_word' id='word_1_387' title='bbox 1151 4613 1276 4671; x_wconf 86' lang='lat' dir='ltr'><strong>destruxit,</strong></span> <span class='ocrx_word' id='word_1_388' title='bbox 1294 4629 1402 4678; x_wconf 85' lang='lat' dir='ltr'><strong>praeque</strong></span> <span class='ocrx_word' id='word_1_389' title='bbox 1412 4631 1439 4667; x_wconf 89' lang='lat' dir='ltr'><strong>eo</strong></span> 
     </span>
     <span class='ocr_line' id='line_1_43' title="bbox 276 4672 1439 4745; baseline 0.013 -25"><span class='ocrx_word' id='word_1_390' title='bbox 276 4672 340 4736; x_wconf 85' lang='lat' dir='ltr'><strong>quod</strong></span> <span class='ocrx_word' id='word_1_391' title='bbox 360 4675 458 4737; x_wconf 86' lang='lat' dir='ltr'><strong>proprie</strong></span> <span class='ocrx_word' id='word_1_392' title='bbox 483 4675 572 4725; x_wconf 87' lang='lat' dir='ltr'><strong>dietum</strong></span> <span class='ocrx_word' id='word_1_393' title='bbox 597 4676 703 4740; x_wconf 77' lang='lat' dir='ltr'><strong>putebat,</strong></span> <span class='ocrx_word' id='word_1_394' title='bbox 728 4691 782 4725; x_wconf 88' lang='lat' dir='ltr'><strong>cnm</strong></span> <span class='ocrx_word' id='word_1_395' title='bbox 806 4678 838 4727; x_wconf 91' lang='lat' dir='ltr'><strong>sit</strong></span> <span class='ocrx_word' id='word_1_396' title='bbox 889 4692 933 4726; x_wconf 90' lang='lat' dir='ltr'><strong>uec</strong></span> <span class='ocrx_word' id='word_1_397' title='bbox 951 4679 996 4727; x_wconf 88' lang='lat' dir='ltr'><strong>nisi</strong></span> <span class='ocrx_word' id='word_1_398' title='bbox 1015 4680 1045 4729; x_wconf 88' lang='lat' dir='ltr'><strong>da</strong></span> <span class='ocrx_word' id='word_1_399' title='bbox 1070 4682 1123 4745; x_wconf 86' lang='lat' dir='ltr'><strong>ipso</strong></span> <span class='ocrx_word' id='word_1_400' title='bbox 1148 4689 1321 4739; x_wconf 83' lang='lat' dir='ltr'><strong>constructum,</strong></span> <span class='ocrx_word' id='word_1_401' title='bbox 1345 4682 1439 4735; x_wconf 81' lang='lat' dir='ltr'><strong>alterna</strong></span> 
     </span>
     <span class='ocr_line' id='line_1_44' title="bbox 276 4741 985 4807; baseline 0.007 -18"><span class='ocrx_word' id='word_1_402' title='bbox 276 4741 376 4803; x_wconf 88' lang='lat' dir='ltr'><strong>perlldia</strong></span> <span class='ocrx_word' id='word_1_403' title='bbox 395 4742 512 4806; x_wconf 85' lang='lat' dir='ltr'><strong>quaedam</strong></span> <span class='ocrx_word' id='word_1_404' title='bbox 532 4744 555 4792; x_wconf 89' lang='lat' dir='ltr'><strong>io</strong></span> <span class='ocrx_word' id='word_1_405' title='bbox 575 4745 635 4793; x_wconf 88' lang='lat' dir='ltr'><strong>aceti</strong></span> <span class='ocrx_word' id='word_1_406' title='bbox 654 4745 767 4807; x_wconf 83' lang='lat' dir='ltr'><strong>nequitia.</strong></span> <span class='ocrx_word' id='word_1_407' title='bbox 886 4745 985 4794; x_wconf 73' lang='lat' dir='ltr'><strong>induxit.</strong></span> 
     </span>
    </p>

    <p class='ocr_par' dir='ltr' id='par_1_9' title="bbox 277 4806 1439 4947">
     <span class='ocr_line' id='line_1_45' title="bbox 310 4806 1439 4880; baseline 0.01 -23"><span class='ocrx_word' id='word_1_408' title='bbox 310 4810 326 4857; x_wconf 89' lang='lat' dir='ltr'><strong>l.</strong></span> <span class='ocrx_word' id='word_1_409' title='bbox 346 4806 493 4875; x_wconf 82' lang='lat' dir='ltr'><strong>Cerdonem]</strong></span> <span class='ocrx_word' id='word_1_410' title='bbox 516 4810 632 4860; x_wconf 85' lang='lat' dir='ltr'><strong>irenaeus</strong></span> <span class='ocrx_word' id='word_1_411' title='bbox 655 4811 709 4862; x_wconf 78' lang='lat' dir='ltr'><strong>tdr.</strong></span> <span class='ocrx_word' id='word_1_412' title='bbox 738 4811 836 4861; x_wconf 75' lang='lat' dir='ltr'><strong>liceras.</strong></span> <span class='ocrx_word' id='word_1_413' title='bbox 922 4813 981 4876; x_wconf 85' lang='lat' dir='ltr'><strong>Cap.</strong></span> <span class='ocrx_word' id='word_1_414' title='bbox 999 4812 1041 4862; x_wconf 92' lang='lat' dir='ltr'><strong>lll.</strong></span> <span class='ocrx_word' id='word_1_415' title='bbox 1077 4829 1098 4862; x_wconf 84' lang='lat' dir='ltr'><strong>a.</strong></span> <span class='ocrx_word' id='word_1_416' title='bbox 1116 4816 1136 4863; x_wconf 92' lang='lat' dir='ltr'><strong>si</strong></span> <span class='ocrx_word' id='word_1_417' title='bbox 1155 4810 1229 4879; x_wconf 80' lang='lat' dir='ltr'><strong>torte]</strong></span> <span class='ocrx_word' id='word_1_418' title='bbox 1258 4815 1293 4865; x_wconf 84' lang='lat' dir='ltr'><strong>Cl.</strong></span> <span class='ocrx_word' id='word_1_419' title='bbox 1319 4831 1381 4880; x_wconf 85' lang='lat' dir='ltr'><strong>quae</strong></span> <span class='ocrx_word' id='word_1_420' title='bbox 1406 4818 1439 4870; x_wconf 78' lang='lat' dir='ltr'><strong>ad·</strong></span> 
     </span>
     <span class='ocr_line' id='line_1_46' title="bbox 277 4872 1286 4947; baseline 0.008 -22"><span class='ocrx_word' id='word_1_421' title='bbox 277 4872 346 4936; x_wconf 76' lang='lat' dir='ltr'><strong>tte.</strong></span> <span class='ocrx_word' id='word_1_422' title='bbox 375 4879 441 4931; x_wconf 80' lang='lat' dir='ltr'><strong>luet.</strong></span> <span class='ocrx_word' id='word_1_423' title='bbox 461 4878 536 4928; x_wconf 92' lang='lat' dir='ltr'><strong>libelli</strong></span> <span class='ocrx_word' id='word_1_424' title='bbox 555 4879 610 4928; x_wconf 82' lang='lat' dir='ltr'><strong>lde.</strong></span> <span class='ocrx_word' id='word_1_425' title='bbox 629 4879 719 4930; x_wconf 83' lang='lat' dir='ltr'><strong>Omnes</strong></span> <span class='ocrx_word' id='word_1_426' title='bbox 738 4879 838 4929; x_wconf 81' lang='lat' dir='ltr'><strong>llaeres.</strong></span> <span class='ocrx_word' id='word_1_427' title='bbox 888 4879 965 4928; x_wconf 83' lang='lat' dir='ltr'><strong>notari</strong></span> <span class='ocrx_word' id='word_1_428' title='bbox 983 4881 1012 4929; x_wconf 87' lang='lat' dir='ltr'><strong>ad</strong></span> <span class='ocrx_word' id='word_1_429' title='bbox 1031 4881 1065 4931; x_wconf 86' lang='lat' dir='ltr'><strong>lle</strong></span> <span class='ocrx_word' id='word_1_430' title='bbox 1084 4881 1181 4932; x_wconf 84' lang='lat' dir='ltr'><strong>Corona</strong></span> <span class='ocrx_word' id='word_1_431' title='bbox 1198 4898 1250 4947; x_wconf 87' lang='lat' dir='ltr'><strong>cap.</strong></span> <span class='ocrx_word' id='word_1_432' title='bbox 1262 4883 1286 4932; x_wconf 82' lang='lat'><strong>⁵.</strong></span> 
     </span>
    </p>
   </div>
   <div class='ocr_carea' id='block_1_6' title="bbox 0 0 1626 5775">
    <p class='ocr_par' dir='ltr' id='par_1_10' title="bbox 0 0 1626 5775">
     <span class='ocr_line' id='line_1_47' title="bbox 0 0 1626 5775; baseline 0 0"><span class='ocrx_word' id='word_1_433' title='bbox 0 0 1626 5775; x_wconf 95' lang='lat' dir='ltr'><strong> </strong></span> 
     </span>
    </p>
   </div>
  </div>
 </body>
</html>
