3242 5775
524 621 563 666 ns
585 577 831 667 nesunnacrroua
853 622 966 668 mama.
1269 611 1333 675 499

151 771 217 833 ullo
239 770 341 832 ruodo.
384 769 562 844 ”Quoniam
586 771 644 833 nisi
665 771 762 833 veniat
783 772 937 835 abscessio
959 773 1085 852 primo·,
1114 775 1203 837 huius
1232 776 1334 858 utique

154 870 259 950 regni,
289 879 319 931 et
340 870 488 932 reveletur
510 871 729 951 delinquentiae
751 874 860 947 bomo,
890 873 919 933 id
948 883 996 935 est
1017 874 1223 949 antichristus,
1255 878 1334 940 lilius

153 971 351 1052 perditionis,
372 970 451 1052 ”qui
466 970 638 1034 adversatur
653 982 683 1033 et
698 972 939 1053 superextollitur
953 972 1012 1034 ”in
1028 991 1117 1036 omne
1135 976 1214 1055 quod
1229 976 1333 1040 ”deus

155 1073 264 1134 dicitnr
285 1072 330 1133 rel
353 1072 475 1151 religio,
499 1073 542 1133 uti
565 1074 668 1134 sedeat
689 1073 719 1134 in
742 1073 882 1153 ”templo
904 1073 970 1148 dei,
998 1074 1156 1138 adfirmans
1178 1077 1266 1139 deum
1289 1096 1333 1139 se.

153 1173 262 1234 Nonne
284 1173 462 1234 meministis
485 1173 563 1251 quod
587 1193 652 1235 curn
675 1175 753 1253 apud
775 1192 964 1247 insessam,
987 1174 1061 1237 baec
1074 1176 1207 1237 dicebam
1222 1176 1334 1239 robis?

154 1273 192 1333 Et
215 1291 296 1333 nunc
315 1272 415 1353 ³⁰quid
437 1274 567 1334 detineat
588 1274 687 1346 scitis,
710 1274 747 1334 ad
769 1274 957 1336 revelandum
980 1293 1047 1336 eum
1069 1275 1099 1336 in
1116 1293 1172 1336 suo
1188 1284 1333 1357 tempore.

155 1374 217 1434 lam
252 1372 330 1434 enim
365 1391 506 1434 arcanum
541 1373 703 1452 iniquitatis
736 1373 878 1452 agitatur,
917 1381 1029 1436 tantum
1064 1375 1114 1454 qui
1142 1393 1222 1439 nunc
1255 1384 1336 1440 tenet

155 1481 273 1547 teneat,
295 1473 392 1535 donec
414 1472 451 1534 de
474 1474 572 1534 medio
596 1475 656 1535 dat.
709 1473 801 1546 Quis,
824 1473 881 1535 nisi
903 1473 1085 1536 alRomanus
1107 1482 1219 1551 status,
1248 1477 1334 1539 cuius

154 1574 311 1636 abscessio
339 1574 369 1634 iu
399 1573 501 1634 decem
524 1593 610 1652 reges
639 1574 775 1653 dispersa
798 1573 1030 1635 ”antichristum
1053 1576 1255 1655 superducet?
1296 1576 1335 1639 Et

155 1684 229 1735 tnnc
262 1673 441 1735 revelabitur
469 1674 606 1752 iniquus,
644 1693 731 1753 quem
762 1674 902 1735 dominus
931 1674 1015 1735 lesus
1043 1675 1200 1738 interliciat
1226 1677 1335 1757 spiritu

155 1776 220 1836 oris
244 1774 309 1847 sui,
341 1782 372 1835 et
394 1774 545 1835 evacuabit
566 1776 737 1853 apparentia
759 1775 901 1836 adrentus
923 1774 987 1848 sui,
1021 1775 1126 1838 cuius*
1155 1785 1202 1837 est
1222 1777 1334 1838 adren-

155 1883 217 1936 tus·
240 1874 404 1936 secundnm
438 1875 643 1955 operationem
675 1875 822 1937 ³³satanae
855 1876 885 1935 in
920 1876 1001 1936 omni
1034 1875 1141 1938 virtute
1177 1884 1208 1937 et
1240 1876 1335 1955 signis

152 1984 245 2054 atque
266 1976 414 2055 portentis
437 1975 582 2036 mendacii
612 1984 642 2037 et
673 1976 806 2037 inomni
831 1976 1005 2037 seductione
1027 1975 1189 2038 iniustitiae
1217 1974 1261 2037 eis
1284 1975 1335 2054 qui

153 2082 293 2155 pereunt.

242 2175 339 2236 Etiam
362 2176 392 2244 in
415 2175 592 2255 Apocalypsi
616 2176 751 2238 'loannis
774 2178 848 2238 ordo
872 2185 1039 2256 temporum
1061 2178 1218 2251 sternitur,
1248 2195 1335 2256 quem
1353 2182 1478 2242 cunm.

155 2284 319 2355 martyrum
342 2295 460 2355 quoqne
482 2277 596 2338 animae
619 2276 674 2338 sub
697 2278 780 2338 altari
802 2277 947 2338 ultionem
970 2285 999 2337 et
1015 2277 1154 2338 iudicium
1170 2277 1334 2355 flagitantes
1343 2245 1487 2365 ffl's'lssss

154 2376 309 2438 sustinere
330 2376 514 2450 didicerunt,
538 2386 570 2438 ut
591 2378 674 2456 prius
698 2386 727 2438 et
749 2376 830 2438 orbis
853 2377 890 2437 de
910 2377 1022 2456 pateris
1045 2377 1215 2457 angelorum
1232 2378 1334 2457 plagas
1361 2323 1440 2412 lm·

154 2496 228 2538 suas
252 2475 368 2550 ebibat,
392 2486 422 2538 et
443 2477 603 2556 prostituta
626 2478 673 2537 illa
696 2477 797 2538 civitas
813 2496 830 2537 a
845 2476 948 2537 decem
969 2477 1089 2557 regibus
1113 2478 1219 2557 dignos
1241 2478 1337 2539 exitus
1350 2446 1488 2551 xilffinw.

155 2579 285 2650 referat,
314 2586 346 2639 et
366 2577 461 2638 bestia
483 2577 673 2638 antichristus
703 2596 769 2638 cum
800 2595 856 2638 suo
878 2577 1159 2657 pseudopropheta·
1188 2585 1336 2640 certamen
1350 2565 1475 2668 ,mm

156 2678 301 2739 ecclesiae
323 2677 389 2738 'dei
412 2678 535 2749 inierat,
558 2686 645 2755 atque
667 2677 707 2737 ita
730 2675 849 2737 diabolo
872 2677 902 2737 in
925 2676 1081 2756 ³abyssum
1100 2678 1218 2740 interim
1240 2677 1335 2739 ⁴rele-
1410 2732 1417 2739 .

156 2787 225 2856 gato
249 2778 363 2858 primae
385 2777 615 2838 resurrectionis
639 2778 842 2856 praerogativa
866 2777 903 2838 de
919 2777 1022 2839 ⁶soliis
1040 2778 1210 2852 ordinetur,
1233 2778 1340 2840 debinc
1352 2762 1473 2869 35⁰2&ss

158 2889 187 2940 et
207 2879 289 2958 ‘igni
311 2878 381 2941 dato
404 2877 581 2939 universalis
604 2878 836 2939 resurrectionis
860 2896 985 2940 censura
1001 2878 1038 2939 de
1053 2877 1157 2941 librisl
1180 2878 1336 2942 iudicetur.

159 2979 232 3041 Cum
263 2979 354 3059 igitur
384 2989 413 3040 et
440 2987 534 3041 status
561 2988 730 3058 temporum
758 2978 930 3039 ultimorum
959 2978 1124 3057 scripturae
1150 2988 1272 3054 notent,
1307 2987 1339 3042 et

162 3088 253 3140 totam
269 3079 455 3140 Christianae
471 3080 536 3158 spei
552 3081 666 3157 frugem
682 3079 712 3139 in
728 3080 852 3139 ⁷excdio
874 3079 1001 3140 saeculi⁶
1022 3079 1183 3152 collocent,
1216 3089 1339 3160 apparet

160 3179 229 3240 ⁸ant
249 3188 320 3242 tunc
341 3180 494 3259 adimpleri
520 3188 613 3240 totum
642 3179 838 3258 quodcunque
865 3178 970 3240 ⁰nobis
993 3197 1009 3238 a
1032 3178 1088 3240 deo
1111 3180 1338 3259 repromittitur,
1402 3168 1413 3181 ⁸

1348 1657 1452 1703 uibus.

1348 1708 1448 1765 ¹¹r¹⁸iilb

166 3363 203 3413 25.
223 3364 275 3429 quai
295 3366 317 3414 C.
355 3366 480 3428 quomodo
499 3365 524 3413 B.
567 3364 606 3414 26.
626 3366 680 3428 quia
700 3382 727 3424 c,
748 3379 832 3423 errore,
850 3371 915 3427 puto,
936 3365 1079 3426 tppoprupbi.
1121 3362 1161 3412 27.
1181 3364 1204 3412 in
1223 3363 1338 3413 emnild,

106 3476 107 3481 ,
167 3430 203 3480 28.
222 3433 310 3482 dieitur
329 3433 389 3481 deus
409 3434 452 3483 AB.
506 3432 546 3480 29.
566 3433 603 3480 dei
623 3431 714 3494 templo
733 3431 775 3479 ΑΒ.
829 3429 869 3479 30.
889 3431 928 3493 qni
947 3430 1120 3480 teneatABCa.
1173 3428 1215 3478 31.
1233 3429 1338 3478 neom·-

106 3522 110 3563 ;
170 3512 209 3547 nas
227 3502 251 3549 G.
304 3499 346 3548 32.
366 3500 534 3548 antichristum
555 3501 675 3562 Cmpubcd.
711 3497 844 3546 antichristi
862 3497 923 3545 ABG.
977 3496 1017 3545 3³.
1036 3497 1197 3546 sathauedli.

106 3574 113 3617 ἱ
231 3567 374 3630 Capilli.
413 3567 434 3615 l.
456 3568 551 3615 loannis
571 3566 704 3616 omilin.
747 3563 770 3612 2.
790 3564 828 3612 dei
847 3563 991 3613 cammah.
1023 3566 1118 3614 Addidit
1137 3562 1340 3613 clenodiod'le-

106 3622 116 3697 ξ
172 3637 243 3682 nentia
260 3635 360 3698 primam
378 3635 499 3683 Pometios.
546 3634 569 3682 3.
589 3634 670 3681 abisso
688 3634 731 3681 An.
779 3631 803 3679 4.
823 3629 923 3690 religato
941 3630 1018 3680 area.
1065 3630 1089 3679 5.
1108 3629 1177 3678 soliis
1194 3631 1248 3679 ded.
1267 3631 1341 3679 codex

106 3700 120 3773 l
174 3697 355 3750 inclementia·
384 3701 445 3749 solis
463 3704 555 3765 reliqui.
611 3701 635 3749 6.
654 3703 708 3761 igne
725 3698 803 3748 luda.
862 3698 886 3746 l.
905 3697 990 3746 exodio
1008 3699 1040 3758 d,
1061 3698 1200 3747 inluniae.
1241 3695 1339 3746 exordio

109 3776 129 4053 p
174 3767 253 3831 reliqui
305 3768 329 3817 8.
348 3776 427 3816 sutem
446 3769 489 3818 BC.
541 3768 565 3817 9.
585 3784 597 3817 a
617 3767 794 3816 nohisdeot.

204 3933 257 3998 Cap.
275 3936 350 3985 xxiv.
388 3950 408 3983 a.
438 3937 556 3994 Quoniam
582 3937 627 3984 nisi
652 3936 729 3984 reniet
779 3932 852 3993 igitur
879 3940 904 3980 ut
929 3933 1039 3981 dicamne
1056 3932 1186 3994 significari
1204 3929 1340 3994 praesidem

179 3997 288 4052 abscessio
306 3998 397 4066 primo]
429 4003 527 4060 Pendet,
552 4018 597 4052 nec
620 4003 730 4064 seqnitur
780 4000 956 4049 antichristiani
975 3998 1341 4062 lurorisagenteminsaeculo,

119 4060 129 4075 ''
182 4069 231 4124 quod
257 4070 347 4118 iulaiae
401 4071 484 4133 ltaque
512 4071 670 4134 repetendum
699 4069 728 4118 de
780 4068 897 4128 iniquum.
917 4066 1022 4127 (Rigalt.)

106 4172 115 4199 ι,
182 4137 366 4188 llaecedentibns
391 4139 455 4199 quod
481 4139 624 4200 suppleatur
643 4138 729 4195 „0u0·
816 4136 837 4180 b.
858 4135 887 4181 de
905 4128 987 4197 libris]
1008 4123 1052 4179 Ἐκ
1069 4131 1126 4180 τῶν
1141 4128 1342 4199 γεγραμμένων

106 4248 116 4265 a
183 4199 233 4249 niam
249 4219 296 4252 non
315 4204 412 4252 instabit
431 4205 482 4252 dies
501 4206 601 4263 domini,
624 4205 668 4252 nisi
688 4218 728 4252 re·
779 4192 810 4248 lv
827 4199 885 4252 wic
901 4194 1021 4262 βιβλίοις.
1042 4199 1148 4260 (Rigalt.)

105 4304 120 4332 .-
184 4264 380 4320 1tlatabseessio“
405 4279 460 4320 cett.
485 4273 591 4333 illigarit.)
641 4271 729 4318 Multus
815 4284 835 4316 c.
855 4268 940 4317 exodio
958 4262 1060 4330 saecoli]
1080 4267 1180 4317 licceat
1193 4267 1273 4316 influe
1286 4280 1341 4314 sae·

111 4391 113 4395 Ι
184 4330 207 4377 ¹l
225 4335 277 4386 hl.
302 4347 337 4387 est
363 4337 479 4399 Rigaltius
508 4340 537 4386 de
563 4340 600 4387 bis
624 4338 728 4400 apostoli
780 4334 836 4384 culi.
862 4335 987 4393 Exodinm,
1007 4334 1164 4394 exitus,linis.
1190 4332 1343 4384 crosavaa:

106 4435 119 4461 ,.
186 4399 247 4450 route
263 4405 339 4468 deque
350 4407 411 4454 varia
429 4420 512 4454 eornm
524 4407 727 4469 interpretatione.
779 4393 931 4458 „Eiidem
951 4401 1108 4464 Exsequies.“
1135 4401 1214 4450 luren-
1230 4401 1281 4450 Sat.
1300 4399 1342 4457 ΙΙΙ.

782 4470 838 4518 ill.
863 4484 917 4518 eoru
942 4470 1042 4531 interpr.
1065 4476 1109 4517 ret.
1128 4468 1234 4529 thigalt.)
1277 4467 1342 4517 adda

212 4497 231 4546 h.
247 4501 324 4571 cuins]
349 4507 446 4555 Scilicet
465 4507 605 4556 antichristi.
623 4504 729 4576 (Rigalt.)
779 4538 883 4586 Nonium
903 4535 975 4599 pm·
994 4536 1074 4593 Mem,
1093 4535 1192 4584 pastum
1212 4534 1284 4599 μεθ’
1304 4533 1342 4582 ed·

110 4550 142 4659 l
213 4596 342 4664 Elpidi.
383 4622 404 4655 a.
432 4621 486 4655 aum
511 4607 727 4670 soopseudopro-
779 4603 1175 4663 lluell.:„Ecodiurr,exitum.“
1216 4600 1343 4651 cr.ttunt

106 4666 144 4733 τί
188 4658 381 4730 bletalsmanam
401 4675 530 4734 significari
551 4675 664 4732 dicerem,
684 4672 729 4720 nisi
782 4672 815 4718 lle
834 4671 931 4720 Fabulis
948 4669 1064 4718 Atellanis
1082 4685 1107 4733 p.
1119 4669 1159 4718 23.
1206 4668 1239 4718 lin
1259 4665 1343 4725 Caunii

106 4748 143 4805 ‚ft
190 4733 277 4793 ,iiluna
299 4749 442 4803 sequeretur
466 4751 555 4805 „atque
583 4744 613 4791 ita
632 4739 729 4789 diabolo
782 4736 1210 4801 Glossar.s.r.andiump.155.
1230 4731 1344 4784 tcmlli.

114 4810 116 4815 ’
140 4808 144 4859 .“
190 4799 208 4836 ¹¹¹
221 4801 323 4866 ⁸byssum
342 4810 436 4858 interim
456 4809 590 4871 relegato.“
614 4809 731 4872 Superest
783 4805 821 4854 ed.
841 4804 944 4854 Hensch.
1174 4881 1189 4916 ᾳ

1131 4885 1163 4935 32
