3242 5775
605 602 754 646 mannans
777 603 1025 651 ruusnrmranos.
1047 609 1051 616 ·
1342 600 1404 666 att

178 730 180 820 1
224 750 327 824 dem,
364 749 524 813 Tetradem
558 750 720 830 duplicem,
757 772 794 815 ex
825 753 1113 835 ”coniugationibus
1144 761 1344 828 masculomm
1377 776 1409 830 et

225 853 445 923 leoninarum,
468 851 574 924 cellas,
597 861 630 914 ut
645 852 685 914 ita
700 853 840 928 dixerim,
864 857 1100 935 primordialium
1111 862 1262 936 Aeonum,
1277 865 1408 930 fraterna

226 952 378 1020 connubia
389 952 661 1015 Valentinianorum
678 954 819 1026 deorum,
843 974 952 1018 census
976 976 1081 1020 omnes
1104 961 1267 1024 sanctitatis
1290 975 1319 1026 et
1340 984 1408 1029 me·⁸

226 1054 341 1117 iestatis
373 1053 557 1124 haereticae,
590 1055 693 1116 nescio
723 1055 880 1118 criminum
909 1076 947 1119 an
976 1059 1132 1122 numinum
1161 1047 1292 1138 turbam,
1328 1076 1408 1130 certe

226 1158 338 1219 iontem
363 1154 496 1233 reliquae
517 1156 717 1217 fecunditatis.
1449 1225 1451 1229 .

308 1257 392 1319 Ecce
414 1255 493 1316 enim
516 1256 645 1318 secunda
669 1257 792 1330 Tetras,
815 1257 922 1318 Sermo
946 1267 974 1321 et
993 1259 1071 1333 Vita,
1095 1261 1191 1324 llomo
1214 1272 1244 1325 et
1263 1265 1407 1342 Ecclesia,
1426 1291 1529 1348 copim

223 1358 304 1439 qnod
326 1360 362 1420 in
385 1357 480 1437 patris
503 1357 626 1435 gloriam
650 1358 850 1431 ¹1ruticasset,
872 1358 958 1421 ²huic
979 1380 1105 1423 numero
1127 1364 1290 1442 gestientes
1306 1376 1336 1428 ct
1349 1368 1408 1447 ipsi

223 1462 277 1523 hle
302 1458 382 1540 quid
403 1458 480 1536 patri
504 1459 540 1519 de
563 1478 617 1519 suo
641 1460 778 1532 offerre·,
801 1459 877 1520 alios
900 1460 1045 1524 ebulliunt
1060 1465 1151 1537 lctus,
1174 1465 1406 1543 proinde²con·

219 1563 357 1642 iugales,
381 1578 438 1639 per
459 1559 592 1638 copulam
616 1559 771 1639 utriusque
793 1570 925 1623 naturae.
970 1563 1031 1625 llac
1052 1563 1156 1626 Sermo
1180 1575 1208 1628 et
1230 1567 1292 1628 vita
1314 1569 1406 1631 decu·

217 1663 453 1727 tiamdeonum
475 1660 563 1721 simul
584 1660 726 1734 fundunt,
749 1661 816 1723 illac
836 1663 933 1723 Homo
957 1672 987 1724 et
1001 1665 1149 1741 Ecclesia,
1171 1666 1248 1728 duos
1271 1669 1406 1748 amplius,

216 1763 469 1845 ‘aequiparando
498 1762 688 1841 parentibus,
724 1763 791 1841 quia
821 1771 850 1823 et
878 1763 935 1843 ipsi
964 1764 1023 1825 duo
1053 1784 1120 1827 cum
1148 1765 1206 1826 illis
1234 1766 1336 1828 decem
1363 1776 1409 1830 tot

215 1866 365 1931 efficiunt
385 1870 460 1942 quot
481 1862 539 1942 ipsi
560 1873 802 1942 procreaverunt.
839 1865 942 1925 Reddo
965 1883 1043 1926 nunc
1064 1865 1200 1940 nomina,
1224 1885 1300 1946 quos
1315 1868 1407 1930 docu-

214 1970 297 2031 riam
322 1964 588 2043 dixiz.³ltytoios¹›
611 1973 640 2024 et
661 1964 780 2038 ⁶ldixis,
804 1967 952 2045 Ageratos
973 1965 1161 2038 cellensem,
1184 1967 1357 2048 Autophyes
1379 1976 1409 2031 et

214 2067 372 2140 tiedone,
405 2066 546 2127 Acinetos
575 2075 604 2126 ct
631 2065 821 2143 ⁷Syncrasis,
853 2067 1035 2144 llonogenes
1064 2075 1093 2128 et
1114 2068 1249 2130 llacaria.
1299 2069 1408 2131 Contra

214 2166 436 2233 duodenarius
459 2185 600 2227 numerus
627 2166 657 2226 hi
687 2177 789 2227 erunt:
820 2166 990 2227 Paracletus
1019 2175 1049 2228 et
1075 2168 1183 2241 Pistis,
1216 2169 1350 2230 Patricos
1379 2176 1410 2230 et

214 2271 326 2352 Elpis,
353 2267 494 2329 Metricos
517 2276 546 2328 et
560 2266 676 2346 Agapo,
706 2267 816 2328 ”Ainus
839 2276 868 2327 et
894 2266 1032 2346 Syncsis,
1053 2267 1279 2330 Ecclesiasticus
1302 2269 1408 2330 etlda-

217 2372 378 2442 carietes,
407 2368 565 2430 ⁹Theletus
588 2376 618 2428 et
640 2368 761 2447 Sophia.
812 2367 911 2446 Cogor
938 2367 987 2427 hic
1014 2368 1084 2446 quid
1106 2369 1164 2429 ista
1185 2368 1305 2429 nomina
1327 2367 1408 2429 desi-

218 2474 337 2536 derent
366 2470 503 2549 prolerre
532 2470 567 2529 de
594 2469 658 2548 pari
688 2468 833 2547 exemplo.
887 2468 946 2529 ¹⁰ln
975 2468 1087 2529 scholis
1115 2468 1410 2548 Karthaginiensibus

220 2576 280 2638 tuit
310 2570 438 2652 quidam
462 2569 700 2648 ¹¹frigidissimus
729 2570 833 2630 rhetor
853 2570 994 2641 Latinus,
1025 2568 1247 2648 ¹¹Phosphorus
1277 2570 1408 2632 nomine.

223 2676 300 2739 Cum
326 2672 428 2732 virum
452 2671 557 2731 sortem
580 2679 749 2749 peroraret,
772 2671 883 2743 Venio,
906 2670 1015 2749 inquit,
1038 2670 1075 2729 ad
1096 2689 1166 2742 vos,
1194 2672 1299 2751 optimi
1320 2671 1409 2744 cives,

225 2777 265 2839 de
286 2772 413 2857 proelio
436 2790 503 2831 cum
526 2771 648 2832 victoria
671 2790 751 2843 mea,
775 2791 842 2832 curn
858 2771 995 2832 lelicitate
1012 2779 1124 2843 restra,
1148 2770 1319 2848 ampliatus,
1343 2771 1409 2849 glo·

226 2878 353 2948 riosus,
388 2874 571 2944 fortunatus,
606 2872 768 2947 maximus,
802 2870 997 2953 triumphalis.
1048 2871 1085 2932 Et
1115 2870 1282 2933 scholastici
1312 2871 1410 2932 statim

227 2977 362 3040 lamiliae
388 2973 582 3053 ¹³Phosphori
600 2973 668 3036 (Dei
684 2973 871 3034 acclamant⁰.
906 2973 1045 3034 'tacuisti
1063 2973 1082 3004 ¹⁵
1090 2973 1281 3034 Fortunatam
1304 2979 1335 3031 et
1347 2970 1409 3033 lle-

229 3082 334 3142 donen
357 3086 389 3137 et
410 3075 562 3136 Acinetum
586 3076 643 3135 ¹⁰et
665 3073 845 3135 Theletum?
894 3075 1051 3135 ¹'Acclama
1075 3073 1200 3135 familiae
1224 3071 1411 3133 ¹'Ptolemaei

232 3268 273 3318 31
294 3261 511 3325 coniugationibus
529 3260 631 3311 Adolcd.
652 3261 782 3308 Goriieueis
800 3260 867 3308 liber.
903 3259 1113 3307 coniunctionibus
1134 3259 1156 3307 C.

178 3364 179 3385 i
302 3333 367 3395 Cep.
387 3330 445 3378 tltt.
485 3329 507 3376 1.
527 3328 755 3376 fructificassetdll.
808 3325 831 3373 2.
852 3325 994 3386 notente,
1015 3326 1150 3374 Fulcinius.
1187 3325 1353 3387 hincrelipue'.
1389 3323 1412 3373 3.

234 3399 452 3462 coninguhelle.
494 3396 641 3456 coniugaleis
666 3396 758 3456 reliqui.
819 3393 842 3441 4.
862 3394 1041 3455 aequiperando
1059 3398 1084 3442 A.
1146 3392 1169 3440 5.
1190 3391 1287 3454 Bythios
1310 3391 1413 3442 lucete.

237 3472 403 3520 tumuerunt
420 3467 474 3513 duo.
512 3462 598 3523 Bythos
618 3465 639 3511 d.
682 3462 705 3510 6.
726 3461 800 3517 llinis,
820 3463 935 3520 Ageratos
956 3468 979 3508 et
989 3461 1101 3516 lienosis,
1120 3460 1256 3521 Autophyes
1273 3466 1296 3506 et
1307 3457 1414 3517 Hedone,

235 3540 349 3588 leinetcs
368 3535 415 3591 ed,
435 3547 464 3579 ec
482 3532 584 3579 lreooeo.
621 3530 686 3577 llinis
699 3537 722 3577 ot
734 3528 842 3585 llcdooe,
860 3529 971 3575 dcinotos
989 3527 1042 3576 Cal.
1078 3527 1152 3575 maris
1171 3527 1303 3575 ethedonea
1323 3526 1414 3574 cinctos

235 3606 277 3656 ss.
322 3602 347 3650 l.
367 3598 545 3650 sinerasisdlt.
598 3597 621 3645 8.
640 3600 712 3645 tinus
732 3599 767 3645 cd.
802 3601 882 3643 denos
899 3596 992 3657 reliqui.
1036 3595 1059 3643 9.
1079 3604 1102 3642 et
1120 3593 1203 3642 Eletus
1223 3594 1247 3642 d.
1282 3592 1415 3641 etelectus

237 3674 277 3723 AB.
315 3670 416 3719 Teletos
435 3669 484 3715 ohe.
507 3666 609 3714 Vaticani
627 3673 681 3712 tres.
732 3662 769 3710 10.
791 3662 815 3710 ln
835 3662 926 3711 scholis
945 3661 1270 3720 cd.,exemendot.ltheooni.
1304 3660 1416 3709 luisclle

239 3742 290 3790 tet.
329 3738 378 3786 nis
396 3735 442 3782 olis
460 3737 485 3781 Α.
528 3747 573 3779 nus
592 3734 637 3779 olis
657 3733 681 3780 B.
723 3730 748 3778 ln
767 3730 827 3777 solis
846 3738 891 3779 tres
914 3730 1024 3778 Vaticani.
1080 3728 1117 3776 11.
1137 3727 1357 3788 [ιίςιάἰσιίισσισ.,
1377 3727 1416 3775 Fr.

240 3809 326 3856 tatus.
369 3800 532 3863 rigidissimus
550 3802 642 3863 reliqui.
697 3797 735 3846 12.
756 3797 912 3860 Phouphorus
933 3796 956 3843 C.
1001 3797 1185 3859 phophorusd.
1228 3794 1416 3857 phophortieB.
1456 3824 1458 3828 ι

241 3874 276 3923 13.
295 3870 476 3934 Phosphorilae
494 3867 628 3915 acclamant
648 3867 669 3914 C.
706 3864 937 3928 perhophorilaelt.
974 3862 1327 3926 phophorileeacclamauld.
1376 3860 1416 3911 tt.

240 3943 311 3990 ludis
328 3948 355 3989 tu
375 3938 488 3988 Latinius.
544 3934 582 3981 15.
603 3935 757 3980 Fortunatum
777 3932 840 3990 tlt.)
858 3933 910 3980 edd.
930 3932 1025 3979 Semlrri
1043 3939 1063 3979 et
1083 3932 1200 3994 Leopoldi.
1259 3927 1297 3978 16.
1316 3937 1339 3977 el
1358 3928 1416 3977 hae·

242 4010 313 4058 letum
330 4006 395 4057 tue.
430 4011 453 4051 et
473 4002 581 4050 Toletum
600 4003 637 4049 ob.
692 3999 731 4047 11.
749 4007 772 4046 at
790 4000 865 4048 eluvie
883 3999 925 4048 tu.
982 3997 1020 4047 18.
1039 3997 1300 4047 tholomeilsehocd.
1336 3995 1417 4045 Ptole·

244 4073 352 4125 ua'eilae.
382 4073 432 4122 lloc
450 4069 513 4129 (EJC.

274 4223 306 4259 n.
325 4206 491 4257 masculorum
521 4212 543 4252 ct
568 4196 725 4265 laminarum]
755 4202 806 4251 lro·
893 4217 913 4249 c.
932 4200 1037 4251 tontttoe
1054 4198 1189 4261 Phosphori
1203 4190 1417 4261 metoectaneot]

245 4289 330 4326 uem:
358 4261 454 4328 ..eirca
478 4264 533 4336 γὰρ
568 4262 658 4316 αὐτῶν
691 4261 806 4316 ἕκαστον
859 4267 912 4316 dot
931 4268 1012 4332 priore
1031 4267 1084 4315 loco
1102 4261 1298 4328 θαυμαστικῶς
1323 4270 1420 4327 oportet

247 4333 464 4408 &deridetuef‘
858 4337 943 4398 accipi,
963 4335 1098 4397 posteriore
1117 4328 1332 4396 σχετλιαστικοῖς.
1358 4331 1418 4379 Nem
1524 4357 1527 4363 -

276 4411 335 4474 Cep.
355 4409 412 4458 tltt.
453 4423 472 4455 e.
504 4407 533 4453 de
557 4422 601 4454 suo
618 4400 727 4482 .⁰ff‘‚“⁰]
754 4405 805 4480 ire:
858 4403 1022 4451 Tertullianus
1046 4399 1124 4476 illudit
1148 4400 1353 4462 aequivocatione,
1374 4411 1419 4474 ‘se-

246 4469 742 4598 carisiacensem
760 4467 807 4587 ‘li
861 4479 948 4586 ltu
962 4461 1421 4585 'reluctatiuitiata

247 4557 353 4677 ἔζησε
368 4559 502 4672 ἱιοΙιιιιιι
522 4617 544 4657 ιι
563 4610 629 4671 ipsos
648 4555 740 4656 deqsho
760 4607 809 4655 cla·
862 4572 1008 4669 ‹peu'qo'etf
1029 4532 1061 4650 rh
1079 4572 1211 4679 spopondit
1225 4567 1287 4666 ⁸{cip
1306 4592 1342 4650 ὥσ
1359 4589 1420 4672 (11η-

247 4682 336 4733 ruem
355 4678 481 4730 Patrem.“
862 4670 921 4723 duic
944 4664 1062 4718 ἐπειπεῖν
1085 4662 1162 4718 ἐστιν
1184 4661 1229 4717 tut
1251 4669 1284 4731 τῇ
1308 4675 1419 4726 τοιαυτῃ

278 4751 300 4800 b.
318 4744 432 4814 Bythios]
463 4743 552 4793 vitiose
569 4744 684 4805 Rigaltins
708 4743 749 4814 hic
766 4743 811 4803 lly-
863 4736 1011 4854 συμφσρῑ,
1042 4735 1100 4785 ztir
1122 4730 1157 4784 τὰ
1179 4728 1310 4814 yclotoldp
1334 4727 1421 4779 zoora

249 4819 301 4869 stae.
861 4818 973 4872 γεγραφ
991 4810 1081 4853 των·
1098 4806 1147 4866 (Fr.
1158 4801 1260 4861 lunius.)
