3242 5775
190 692 192 697 -
281 651 344 714 606
534 663 635 714 nutari
658 662 787 707 serretur
811 663 976 706 renuamus
999 662 1195 707 runruutmnr

281 833 359 876 nune
380 814 481 892 plures
504 811 618 872 animae
647 812 684 873 de
712 830 769 873 uua
798 812 1000 891 proteruntur.
1053 804 1127 874 lte'm
1156 829 1223 874 cum
1252 811 1333 873 varia
1362 820 1424 874 aete
1438 826 1529 880 -t

171 974 175 985 ,
278 914 448 976 'discedant
469 913 600 984 animae,
623 930 676 974 cur
698 932 755 974 uua
777 910 993 974 revertuntur?
1033 912 1146 974 Omnes
1171 912 1251 974 euim
1274 912 1312 974 ab
1336 914 1524 978 iutra-h

278 1014 495 1076 ‘imbuuntur-⁰.
528 1014 639 1085 ὃιὶιιιΙι
662 1025 707 1074 est
730 1023 827 1074 autem
852 1021 884 1073 ut
906 1032 996 1074 senex
1019 1013 1176 1075 defunctus
1199 1014 1300 1075 iulans
1323 1021 1515 1076 reverta-

279 1113 351 1177 tur?
373 1115 399 1176 si
422 1115 566 1175 decrescit
587 1114 661 1175 toris
684 1115 782 1175 anima
802 1114 990 1192 “retrograda
1006 1121 1117 1187 aetate,
1139 1122 1250 1193 quanto
1275 1114 1372 1193 magis
1393 1122 1508 1176 er-at

280 1225 312 1278 ut
332 1215 521 1295 progressior
543 1224 742 1276 reverteretur
771 1215 849 1275 mille
872 1223 943 1293 post
964 1214 1073 1278 suuis?
1118 1214 1204 1278 Certe
1225 1215 1273 1277 vel
1294 1224 1500 1278 coaetanea

279 1335 351 1379 snae
373 1316 496 1387 mortis,
520 1323 552 1375 ut
573 1333 675 1375 aerum
699 1316 778 1395 qnod
801 1316 973 1394 reliquisset
993 1315 1101 1377 iterum
1124 1315 1301 1394 recepisset.
1345 1317 1405 1380 Sed
1460 1325 1498 1373 ct

280 1418 306 1479 si
326 1416 464 1479 'eaedem
487 1434 607 1495 semper
628 1416 865 1487 revolverentur,
889 1416 957 1478 licet
980 1435 1040 1476 nou
1062 1434 1222 1494 corporum
1245 1435 1370 1496 quoque
1391 1418 1495 1478 lor·

279 1535 344 1580 mas
364 1516 537 1590 beastan,
561 1526 658 1577 tameo
680 1518 725 1577 vel
748 1517 935 1594 ingeniorum
957 1526 987 1577 et
1003 1517 1169 1579 studiorum
1185 1526 1216 1579 et
1229 1516 1495 1580 'muccosum-u

279 1617 420 1697 pristinas
452 1617 648 1695 proprietates
688 1636 789 1679 secum
826 1619 938 1680 reterre
971 1618 1128 1690 deberent,
1169 1618 1311 1697 quoniam
1346 1629 1496 1682 temere

265 1718 416 1780 'eaedem
439 1717 618 1779 haberentur
640 1728 775 1780 carentes
803 1717 868 1779 ‘’his
898 1737 952 1798 per
972 1738 1047 1797 quae
1071 1719 1220 1781 ¹⁰eaedem
1243 1719 1497 1799 probarentur·

279 1819 363 1882 Unde
385 1819 479 1891 scias,
503 1818 617 1897 inquis,
641 1838 678 1882 au
700 1820 739 1880 ita
762 1819 880 1898 quidem
903 1820 954 1880 llat
968 1819 1098 1889 occulte,
1121 1820 1173 1881 sed
1190 1821 1324 1882 conditio
1340 1811 1501 1882 mittan-ii

279 1920 342 1983 aevi
365 1920 513 1982 interimat
534 1921 700 1981 fucultatem
717 1919 903 1993 recensendi,
926 1920 1021 1998 ¹¹quia
1037 1920 1156 1999 ignotae
1172 1920 1225 1982 tihi
1242 1910 1502 1984 revertuntur?

279 2022 388 2101 Atquin
410 2022 472 2082 seio
494 2039 556 2081 nou
578 2021 617 2082 ita
639 2021 720 2094 lieri,
751 2039 817 2082 eum
841 2020 1054 2099 ¹²Pythagoran
1076 2021 1271 2100 Euphorbum
1303 2022 1377 2084 mihi
1400 2036 1513 2100 alt·-

279 2121 377 2202 ponis.
422 2120 522 2183 ¹³Ecce
551 2122 629 2183 enim
653 2121 889 2201 ¹Euphorbum,
922 2122 1078 2184 militarem
1107 2132 1136 2184 et
1164 2123 1299 2186 bellicam
1328 2124 1507 2186 anima-a

279 2223 352 2286 satis
375 2230 491 2286 constat
513 2222 556 2283 vel
579 2222 615 2284 de
638 2223 701 2302 ipsa
724 2222 817 2302 gloria
839 2223 1006 2302 clypeorum
1029 2224 1339 2297 ¹⁸¹¹cousecratorum‚
1372 2225 1461 2287 ¹⁵1*
1481 2236 1510 2296 t·

280 2325 423 2404 thagorau
448 2342 516 2383 rero
540 2332 598 2383 tam
622 2323 752 2385 residem
782 2332 811 2385 et
834 2324 998 2395 imbellem,
1033 2335 1065 2386 ut
1086 2324 1199 2405 proelia
1222 2333 1295 2387 tuuc
1316 2326 1449 2389 Graeci
1481 2337 1509 2378 ιθ

281 2425 375 2488 vitans
399 2425 525 2488 ¹⁰ltaliae
547 2425 683 2486 maluerit
707 2425 884 2505 ''quietemd
905 2426 1085 2505 geometriae
1101 2434 1131 2486 et
1145 2426 1328 2505 astrologiae
1344 2438 1444 2490 etun
1468 2440 1510 2481 ¹1·

279 2528 358 2590 siaae
380 2527 521 2599 devotus,
544 2526 658 2587 alienus
681 2526 780 2587 studio
804 2536 834 2586 et
855 2527 962 2588 allentu
984 2526 1148 2606 Euphorbi.
1188 2525 1247 2588 Sed
1272 2538 1301 2588 et
1324 2527 1465 2609 Pyrrln
1481 2537 1512 2581 ¹¹⁵

279 2628 327 2688 ille
350 2626 483 2687 lalleudis
506 2627 638 2705 piscibus
660 2627 779 2706 agebat,
813 2626 993 2706 Pythagoras
1020 2635 1121 2689 coutm
1146 2627 1232 2689 ¹'nee
1252 2628 1396 2703 edendis,
1484 2629 1512 2681 ¹¹1

280 2726 455 2807 animalibus
477 2726 658 2788 abstinens·.
710 2727 908 2798 ”Aethalides
931 2738 1027 2791 antem
1052 2737 1082 2790 et
1102 2727 1337 2793 ¹⁰llermotimas
1360 2731 1509 2794 raban

281 2845 399 2909 quoque
421 2827 450 2888 iu
474 2826 588 2906 pabulis
617 2828 824 2891 communibus
853 2829 996 2903 irruerat,
1029 2829 1209 2909 Pythagoras
1235 2849 1308 2893 vero
1338 2850 1378 2895 ne
1402 2841 1508 2915 pls

280 2929 385 2990 fabalia
407 2928 525 3008 quidem
549 2930 761 2990 transeundum
777 2930 933 3009 discipulis
950 2931 1013 2993 suis
1031 2929 1173 2993 tradidit‘.
1208 2931 1371 3004 Quomodo
1387 2940 1500 3002 erat

281 3028 431 3091 ¹¹eaedem
454 3031 567 3092 animae
589 3040 817 3109 recuperantur,
840 3051 915 3111 quae
938 3050 992 3094 nee
1014 3033 1140 3110 ingeniis
1163 3051 1218 3095 uec
1231 3033 1379 3099 institutis
1399 3036 1490 3097 iad

281 3130 481 3195 nocentibus
505 3132 625 3192 eaedem
647 3131 876 3210 probabuntur?
918 3132 980 3195 lam
1011 3152 1090 3195 nunc
1114 3134 1153 3194 de
1182 3142 1264 3195 tanto
1287 3132 1480 3201 ”nuxiae

281 3250 374 3294 censu
395 3232 549 3312 ²³quatuor
572 3233 653 3294 solae
675 3233 790 3293 animae
812 3242 1017 3297 recensentur.
1066 3233 1125 3295 Sed
1148 3220 1269 3314 etquid
1293 3238 1399 3318 utique
1431 3227 1466 3293 de

281 3333 348 3395 solo
371 3333 511 3395 Graeciae
533 3352 641 3407 ceusu,
664 3333 726 3395 ”ut
747 3353 807 3395 nou
831 3354 864 3396 er
888 3335 969 3396 omui
991 3318 1094 3414 gente,
1116 3334 1175 3396 ”et
1196 3355 1231 3397 ex
1254 3342 1340 3401 omni
1362 3341 1453 3403 aetate

281 3553 305 3603 3.
325 3553 510 3604 discedanttll.
552 3554 779 3617 decedantreliqni.
838 3554 862 3604 t.
882 3555 1028 3604 imbuuntur.
1060 3554 1193 3613 Qualedb.
1238 3556 1442 3624 imbanntrmra

281 3622 359 3670 iulans
378 3631 509 3671 revertatur
528 3622 818 3679 (revertiturl'r.luniasl.
839 3621 914 3680 Quale
927 3622 983 3671 dcc.
1020 3622 1043 3671 5.
1056 3623 1112 3685 qnid
1124 3625 1173 3684 tq».
1216 3621 1240 3671 6.
1260 3627 1444 3688 retrogradari.

280 3689 304 3737 t.
323 3689 406 3737 aedem
425 3693 450 3738 t.
486 3691 569 3737 eadem
590 3691 650 3752 drag.
693 3688 739 3737 lb.
758 3690 865 3748 easdem,
885 3690 940 3738 licet
959 3703 1006 3738 non
1018 3690 1144 3738 batorum:
1163 3697 1242 3738 tamen
1262 3707 1362 3757 qnoque
1380 3696 1445 3746 tortor

280 3769 360 3804 casam
380 3756 414 3803 rel
434 3757 583 3813 ingeniorum
604 3756 662 3805 Bt'n.
708 3756 722 3804 'l
732 3773 752 3804 e.
771 3756 931 3805 adiectionem
951 3757 1008 3806 ata.
1049 3755 1072 3806 8.
1092 3757 1174 3805 aedem
1194 3760 1218 3807 d.
1263 3759 1288 3808 9.
1309 3762 1339 3810 iis
1358 3765 1380 3813 1.
1416 3763 1447 3813 lb.

281 3822 408 3871 eedumd.
463 3822 502 3869 il.
521 3824 575 3884 quia
595 3823 689 3881 ignotae
706 3824 747 3872 tihi
766 3826 843 3884 (Atllb.
886 3825 1014 3888 quinique
1034 3824 1365 3885 mliguoratartibiltt'a.
1409 3844 1448 3895 que

280 3889 360 3947 ignote
379 3895 402 3936 et
421 3888 451 3936 ibi
471 3891 519 3949 tq.
556 3890 610 3951 quia
629 3889 708 3949 ignote
728 3899 751 3940 et
768 3893 814 3941 sibi
835 3891 1006 3942 losdlerterur.
1052 3891 1092 3940 12.
1111 3892 1279 3954 Pythagoram,
1299 3895 1450 3960 Euphorbum

280 3955 353 4003 aaut.
389 3956 535 4014 pythagoran
555 3958 732 4018 euporbumt.
793 3958 832 4008 13.
851 3960 912 4007 Ecce
931 3962 993 4007 euim
1013 3959 1167 4022 Euphorbum
1188 3960 1245 4008 mihi
1264 3964 1451 4025 opponimus

279 4020 336 4069 nce.
386 4021 422 4068 11.
442 4021 596 4083 Euphorbum
616 4030 694 4073 ome.
745 4026 805 4075 111).
825 4028 1021 4077 consecratord.
1069 4027 1106 4075 15.
1127 4027 1285 4088 Pythagoram
1304 4031 1381 4083 dcet.
1417 4034 1451 4085 lb.

281 4087 303 4135 in
324 4086 445 4136 italiaet.
491 4088 529 4137 l'l.
547 4092 627 4153 quiete
645 4092 669 4139 t.
714 4092 752 4142 18.
772 4094 906 4142 recedentis
924 4098 949 4143 t.
992 4094 1031 4144 19.
1050 4089 1193 4157 bephelidee
1210 4094 1254 4145 tn.
1283 4096 1418 4160 Ephelider
1432 4103 1454 4152 G.

280 4153 319 4202 ²0.
341 4154 503 4204 llermotimns
528 4159 574 4217 ab„
601 4160 629 4206 de
652 4162 763 4209 mandat.
784 4161 848 4210 Pauli
867 4162 988 4225 leopardi.
1030 4161 1236 4226 Hermippuslld.
1280 4164 1414 4233 Ermippar
1430 4172 1453 4219 1.

280 4221 320 4269 21.
341 4223 423 4270 eedem
442 4225 467 4273 d.
510 4223 549 4273 22.
570 4226 669 4284 tlt-regie
688 4229 730 4286 Λβ.
765 4230 845 4289 gregie
864 4231 912 4292 Arg.
963 4227 1003 4277 23.
1022 4236 1226 4292 quatuor--·
1245 4230 1364 4285 Graeciae
1382 4252 1454 4288 cenea

162 4317 169 4333 .
279 4292 362 4339 ora-A.
414 4289 454 4339 tt.
475 4299 499 4340 nt
518 4294 577 4342 delet
595 4279 782 4344 Falofllrsr'nnr.
836 4294 875 4343 25.
895 4304 918 4344 et
936 4310 963 4344 ex
982 4301 1006 4346 Α.
1042 4311 1069 4345 ea
1087 4297 1178 4360 reliqui.

313 4471 333 4504 a.
353 4455 513 4523 imbuantur]
532 4460 607 4509 Verba
626 4461 785 4524 „quiriniana
800 4478 840 4511 re·
892 4464 1011 4514 inritabat.
1048 4464 1095 4513 Sed
1115 4464 1261 4516 lamblichus
1283 4484 1337 4533 cap.
1357 4470 1374 4520 h
1392 4480 1416 4522 et
1432 4471 1456 4521 b.

278 4525 408 4580 uertatur,“
434 4540 494 4587 qnae
520 4528 589 4585 vulgo
608 4531 762 4590 reperiuntur
784 4540 841 4592 post
891 4532 951 4580 alias
967 4532 1053 4580 devite
1068 4532 1214 4594 Pythagorae
1232 4536 1295 4586 elius
1313 4539 1367 4588 eins
1385 4553 1456 4604 pere·

277 4591 462 4649 „imbuuntur”
490 4609 542 4641 curu
562 4595 662 4655 Rigaltio
687 4611 714 4645 er
733 4599 839 4647 arietari·
890 4600 1033 4660 grinatiauis
1052 4614 1138 4649 causer
1156 4602 1246 4663 prodit.

277 4664 325 4706 tate
349 4658 402 4706 libri
427 4659 544 4719 agobardi
569 4663 635 4710 cieri.
671 4663 784 4714 Videntur
811 4680 838 4714 et
924 4682 945 4715 e.
966 4675 990 4716 at
1003 4667 1148 4715 animalibus
1160 4668 1308 4735 abstinens]
1322 4671 1360 4723 Cf.
1371 4673 1456 4726 lembi.

275 4726 385 4788 sequenti
406 4724 467 4774 linea
488 4729 533 4774 bne
552 4728 685 4778 aberrasse.
890 4732 905 4781 1.
917 4733 932 4782 Ι.
953 4750 1021 4797 capp.
1033 4733 1074 4783 tt.
1084 4734 1125 4784 25.
1135 4733 1176 4784 ³0.

310 4793 333 4841 ι1.
353 4793 434 4841 ltaliae
454 4793 566 4842 maluerit
582 4793 700 4861 quietem]
727 4799 836 4856 Quietem
922 4802 1119 4851 transeundum
1133 4802 1260 4868 discipulis
1270 4806 1322 4856 suls
1335 4803 1454 4874 tradidit]

275 4872 347 4921 qaam
367 4860 433 4910 ltalia
453 4863 474 4912 ei
493 4862 617 4922 offerebat,
637 4877 682 4926 qna
701 4880 755 4916 eam
768 4867 836 4917 ltalia
887 4866 971 4919 lembl.
992 4870 1007 4920 Ι.
1020 4870 1036 4921 Ι.
1056 4869 1159 4934 capili.
