3242 5775
319 599 381 664 280
575 614 676 664 onrnri
699 613 831 655 scerinn
853 611 1019 655 aconensis
1041 611 1240 656 rcnruccnnr

167 765 453 845 cn.n‚o.1o.specto'‘.
490 764 592 841 ltaqne
614 761 773 824 frustrandi
797 771 881 822 erant
896 760 961 821 lalsi
976 761 1100 826 lraues.
1122 759 1314 840 speculantes
1329 759 1465 822 libertate·

318 864 530 932 Christianam,
554 881 591 924 ne
613 872 680 924 ante
703 881 765 924 eam
790 863 819 922 in
843 860 1014 922 servitutem
1039 861 1220 928 abducerent
1241 859 1385 922 Iudaismi
1406 879 1465 940 qna

316 965 424 1027 Paulus
447 964 538 1024 sciret
560 981 674 1024 senon
698 963 728 1024 in
752 982 873 1024 vacuum
897 961 1082 1034 cucurrisse,
1115 979 1203 1041 quam
1226 961 1365 1022 dexteras
1387 961 1413 1022 ei
1433 961 1465 1028 da

315 1074 383 1127 rent
404 1074 626 1137 antecessores,
661 1081 747 1142 quam
771 1083 805 1123 ex
828 1080 921 1124 censu
943 1079 1047 1121 eornm
1077 1061 1107 1122 iu
1135 1062 1274 1124 nationes
1303 1061 1465 1142 praedicant

178 1151 305 1244 “wlff'‘
316 1185 424 1228 rannus
449 1166 467 1197 ¹¹
477 1163 600 1225 subiret.
645 1163 849 1225 ¹²Necessario
877 1160 967 1239 igitur
995 1162 1086 1223 cessit
1113 1162 1150 1223 ad
1179 1171 1317 1242 ternpus,
1346 1173 1376 1225 et
1395 1160 1465 1224 sieri

164 1232 396 1352 1¹5,'·,‚²l„-⁵ft¹,2rano
427 1274 544 1327 constat
571 1265 760 1325 Timotheum
795 1261 1023 1322 circumcidendi
1051 1271 1081 1324 et
1107 1281 1195 1324 rasos
1223 1261 1465 1325 introducendis

316 1367 472 1446 templum,
502 1381 577 1442 quae
598 1362 629 1422 in
651 1363 730 1423 dctis
755 1362 954 1435 ¹³edicuntnr,
984 1362 1058 1422 adeo
1080 1381 1165 1437 vcra,
1200 1372 1234 1425 ut
1254 1364 1389 1443 apostolo
1409 1379 1465 1424 cone

318 1473 427 1527 sonent
447 1463 597 1544 prolitenti
621 1465 728 1524 lactum
752 1483 786 1524 se
808 1463 923 1524 ludaeis
944 1462 1102 1536 lndaeum,
1131 1471 1164 1526 ut
1184 1463 1312 1527 ludaeos
1332 1465 1465 1528 lucillam

316 1574 377 1639 ret,
401 1575 431 1626 et
453 1565 509 1626 sub
531 1565 595 1643 lege
617 1573 752 1642 agentem
774 1574 899 1643 propter
921 1583 973 1625 eos
997 1563 1047 1642 qui
1070 1565 1126 1627 sub
1150 1566 1214 1643 lege
1235 1574 1371 1644 agerent,
1392 1565 1465 1648 aiot!

315 1674 438 1746 propter
462 1665 718 1743 usuperinductos
740 1665 839 1737 illos(
850 1672 880 1725 et
902 1664 1040 1726 omnihus
1062 1666 1228 1728 novissime
1251 1667 1349 1728 omnia
1370 1666 1465 1754 laetu*

317 1776 348 1827 nt
371 1785 475 1827 omnes
499 1765 670 1826 lucraretur.
704 1765 736 1826 Si
758 1766 832 1826 haec
852 1784 971 1845 quoque
989 1765 1117 1844 intellegi
1137 1785 1173 1828 cx
1194 1768 1253 1829 hoc
1274 1761 1465 1852 postulant*

315 1885 432 1945 quoquc
456 1884 543 1926 nemo
568 1865 755 1937 ¹³dnhitahit,
779 1866 843 1926 eins
866 1866 914 1927 dei
938 1875 968 1927 et
985 1866 1094 1927 Christi
1117 1867 1351 1945 praedicatorem
1365 1864 1430 1928 Paul

315 1967 398 2027 cuius
422 1966 514 2045 legera
538 1967 671 2045 quamvis
694 1966 852 2028 excludens
867 1967 1003 2040 interim,
1027 1975 1124 2028 tamen
1147 1986 1202 2046 pro
1227 1967 1407 2048 temporibus
1405 1869 1465 2236 ἑ

316 2067 452 2138 miserat,
485 2067 584 2127 statim
620 2067 817 2128 amoliendam
850 2067 876 2127 si
909 2085 1020 2129 novum
1055 2067 1143 2128 deum
1177 2069 1361 2147 protulisset.

316 2167 406 2244 igitur
426 2167 505 2246 qnod
529 2176 558 2226 ct
580 2166 716 2228 dexteras
738 2167 830 2228 Panlo
852 2167 999 2229 dederunt
1019 2167 1126 2230 Petrus
1150 2175 1179 2228 et
1200 2167 1328 2231 lacobus
1349 2169 1407 2230 etl
1453 2233 1465 2268 Ι

316 2286 385 2340 nos,
415 2268 501 2328 etde
524 2267 612 2328 officii
640 2268 851 2329 distributione
878 2269 1070 2350 pepigerunt,
1103 2277 1136 2330 ut
1157 2269 1266 2331 Paulus
1290 2270 1320 2331 in
1342 2269 1417 2330 natio

165 2366 353 2437 cu.tr,o.1o.illi
377 2368 407 2428 in
431 2367 703 2440 urcunicisionem,
736 2377 851 2444 tantum
879 2378 912 2430 ut
940 2370 1146 2431 meminissent
1168 2388 1348 2449 egenorum,
1380 2377 1407 2431 et
1445 2377 1448 2383 '

314 2468 477 2529 secundum
499 2467 594 2546 legem
616 2469 776 2541 creatoris,
809 2487 956 2549 pauperes
985 2477 1016 2530 et
1044 2488 1154 2547 egenos
1177 2461 1328 2544 lucentis,
1360 2470 1435 2532 sicut

314 2568 456 2646 evangelii
479 2568 569 2628 vestri
591 2577 748 2630 retractatu
771 2569 929 2647 probatum
952 2578 1023 2631 ests
1056 2570 1136 2630 aneo
1159 2579 1277 2632 constat
1292 2571 1406 2651 delego

313 2670 407 2729 luisse
430 2669 651 2747 quaestionem,
682 2669 751 2729 dum
775 2670 944 2731 ostenditur
972 2670 1042 2748 quid
1066 2670 1187 2749 exlege
1210 2672 1355 2734 custodiri

314 2769 400 2830 nerit.
433 2769 491 2830 Sed
505 2769 698 2849 reprehendit
711 2770 832 2832 Petrum
854 2789 914 2831 non
937 2780 1021 2830 recto
1040 2770 1117 2849 pede
1139 2770 1325 2834 incedentem
1345 2772 1412 2834 ado

313 2870 379 2949 gelii
402 2869 564 2931 veritatem.
610 2871 699 2932 Plane
720 2871 929 2950 reprehendit,
960 2890 1020 2932 non
1050 2871 1088 2932 ob
1116 2871 1194 2933 aliud
1218 2881 1317 2934 umen
1339 2861 1435 2953 quam

313 2971 539 3033 inconstantiam
555 2971 660 3045 victus,
683 2990 770 3050 quem
786 2990 841 3050 pro
857 2991 1054 3052 personarum
1069 2972 1209 3051 qualitate
1224 2974 1362 3045 variabat,
1377 2974 1398 3035 ti

313 3091 365 3132 eos
389 3073 439 3150 qui
463 3079 547 3133 erant
571 3091 606 3133 ex
622 3072 865 3145 circumcisione,
888 3092 948 3134 non
971 3073 1009 3133 oh
1032 3074 1382 3165 aliquamdirinitatislp

312 3175 445 3245 sitatem,
468 3173 504 3233 de
527 3191 583 3251 qua
607 3180 637 3233 et
658 3172 722 3235 aliis
745 3172 775 3233 in
797 3174 902 3234 faeiem
924 3174 1101 3245 restitisset,
1124 3174 1175 3250 qui
1198 3175 1235 3235 de
1259 3174 1372 3236 minore

312 3273 547 3334 conversationis
569 3273 722 3347 ambiguae
744 3268 832 3329 Petro
857 3268 912 3346 ipsi
942 3288 1001 3328 non
1024 3272 1167 3349 pepercit.
1224 3273 1313 3333 ¹⁰Sed
1333 3290 1371 3351 qu

312 3374 500 3435 Marcionitae
523 3367 770 3432 i·olunt·credi‘¹?
808 3368 851 3429 lle
874 3379 973 3430 cetero
995 3380 1099 3447 pergat
1121 3371 1294 3448 apostolus,
1317 3390 1372 3451 neg
1463 3450 1465 3455 Ι

312 3472 452 3552 operibus
475 3470 549 3549 legis
570 3469 723 3532 iustificari
752 3470 921 3541 hominem,
955 3470 1008 3530 sed
1036 3489 1071 3530 ex
1099 3470 1167 3531 side.
1219 3470 1357 3533 Eiusdem
1460 3542 1465 3555 Ι

312 3573 359 3631 olei
383 3572 467 3632 cuins
497 3580 526 3631 et
547 3571 604 3631 lex.
659 3569 720 3632 Nec
748 3570 828 3631 enim
855 3570 1022 3632 laborasset
1048 3570 1135 3631 fidem
1164 3589 1180 3631 a
1210 3572 1275 3652 lege
1304 3573 1332 3636 di
1417 3584 1420 3591 '
1456 3568 1465 3577 ”

311 3688 398 3748 qiram
421 3670 575 3731 diversitas
596 3670 692 3751 ipsius
715 3670 877 3732 divinitatis
899 3672 980 3732 ultro·
1000 3670 1207 3745 discrevisset,
1231 3674 1257 3735 si
1273 3674 1389 3737 luisset.
1459 3660 1465 3683 ⁵

310 3770 367 3832 rito
391 3790 451 3831 non
474 3770 680 3832 reaedificabat
700 3788 775 3850 quae
798 3770 952 3832 destruxit.
993 3771 1111 3831 Destrui
1133 3782 1233 3834 autem
1256 3773 1303 3836 lex
1325 3772 1411 3835 halt'

189 3862 296 3966 fflJpssfssp
311 3890 369 3949 quo
394 3891 449 3932 vox
467 3872 585 3933 loannis
607 3872 742 3933 clamavit
764 3871 792 3931 in
817 3890 934 3933 eremo:
958 3871 1062 3941 Parate
1085 3872 1144 3933 rias
1167 3873 1297 3949 domini,
1323 3874 1396 3937 utll
1448 3862 1455 3867 ’

311 3972 364 4032 rivi
387 3981 415 4034 et
437 3972 527 4034 colles
551 3981 580 4034 et
602 3981 719 4035 montes
741 3972 847 4052 repleti
874 3980 905 4034 et
926 3972 1084 4045 humiliati,
1117 3981 1147 4034 et
1169 3982 1306 4038 tortuosa
1327 3984 1356 4037 et
1407 3970 1412 3983 '

313 4123 351 4171 ll.
370 4123 447 4172 obiret
466 4126 579 4174 loliatus.
622 4124 661 4174 ta.
679 4124 847 4175 Necessarium
866 4125 938 4187 igitur
956 4125 1214 4189 cessitattempusllt'.
1252 4126 1291 4177 ta.
1308 4126 1353 4179 edu
1438 4160 1465 4203 Q

313 4189 350 4237 14.
369 4191 583 4253 superinductitios
601 4195 637 4243 od.
692 4193 731 4243 15.
750 4192 864 4242 dubitarit
881 4195 904 4242 d.
959 4191 998 4243 16.
1016 4193 1037 4242 si
1055 4193 1177 4257 quomodo
1197 4194 1221 4245 0.

345 4323 368 4370 h.
400 4319 536 4388 suspecto}
578 4325 629 4375 lloo
660 4333 697 4375 est
726 4326 869 4389 suspicanti,
919 4327 1056 4376 taevolnnt
1074 4326 1148 4385 credi,
1166 4324 1402 4392 decateroponn‘·
1446 4366 1465 4409 ἃ,

309 4390 409 4437 timenti.
432 4389 533 4451 Apolog.
546 4406 598 4454 cap.
611 4391 651 4441 et.
671 4392 704 4441 tle
718 4394 789 4444 Cultu
803 4394 869 4444 Fere.
918 4394 942 4443 id
961 4404 999 4443 est
1016 4408 1113 4458 quoquo
1132 4396 1205 4444 inodo
1223 4397 1259 4445 tel
1270 4409 1346 4459 quaen

311 4455 373 4516 ll,l.
392 4456 426 4503 hd
446 4458 515 4507 Uror.
536 4456 552 4505 l.
566 4458 588 4506 l.
919 4461 959 4520 do,
978 4467 1004 4509 nt
1021 4476 1094 4525 supra
1111 4462 1197 4523 lihlll,
1210 4462 1369 4526 centeni.
1435 4516 1438 4521 ,

917 4528 993 4577 Verba
1012 4528 1078 4588 „Sed
1097 4530 1220 4592 quomodo
1234 4530 1390 4581 uninomia.

919 4592 1022 4645 credi?“
1041 4596 1168 4645 referenda
1188 4612 1243 4647 essa
1261 4598 1352 4662 adpre
1432 4622 1465 4659 ῃ

918 4670 983 4712 reete
1001 4663 1112 4713 indicarit
1129 4665 1176 4713 iam
1196 4664 1324 4715 Pamelint.
1441 4698 1465 4725 ..-.

342 4724 366 4772 d.
389 4724 436 4773 Sed
462 4725 583 4788 quomodo
608 4726 760 4779 Marcionitae
787 4728 869 4779 volunt
918 4737 997 4780 autern
1016 4745 1061 4794 pro
1078 4732 1335 4796 quocunqnemodo'l'a
1415 4764 1465 4797 .t·:

308 4787 405 4857 credil]
424 4792 488 4854 Lego
507 4793 573 4855 „Sed
592 4809 640 4859 qno
659 4796 866 4847 modollarcionl·
918 4798 1012 4862 uspiam
1029 4798 1118 4849 dixisse
1136 4799 1219 4863 negari
1237 4800 1316 4851 dehet.
1401 4798 1465 4881 ilat

1409 4902 1465 4949 ,Ἦ

343 4571 363 4605 c.
381 4556 443 4605 sicut
461 4556 484 4604 iu
503 4555 619 4617 evangelii
643 4560 713 4607 vestri
738 4568 866 4611 retractatu

311 4623 438 4685 probatum
458 4619 515 4689 est]
534 4624 612 4688 Supra
632 4624 720 4688 tihtv,
739 4644 792 4693 cap.
805 4628 844 4679 ll.
