3242 5775
627 671 718 717 illm
737 671 847 717 mult.
1223 673 1326 723 lamii

106 843 111 874 r
151 828 233 878 Gratia
248 840 296 875 non
309 824 711 886 uenietoueneealdrhtrrchd.
744 855 750 864 -
797 837 883 875 rumne
896 824 1076 877 condicionales
1086 833 1110 877 et
1123 827 1254 881 rationales
1263 830 1324 882 ain-

106 915 108 944 2
151 895 305 947 Graviditetis
329 903 405 942 scetus
428 895 558 958 descriptio
582 893 617 943 lie
635 894 711 943 Carne
798 893 912 957 plicitette
936 894 1078 946 condicione
1104 894 1238 949 huotrunt
1267 899 1324 950 hdr.

190 964 247 1014 Chr.
260 961 283 1012 4.
302 963 357 1011 hdr.
376 962 445 1011 Marc
464 961 540 1022 ltt‚2.
559 961 596 1021 lt,
610 959 651 1011 21.
799 959 870 1010 llaec.
888 960 977 1021 lV‚-l9.
1150 981 1153 986 ·
1265 983 1270 990 ·

151 1033 216 1082 Grex
235 1030 334 1090 domini,
353 1030 470 1080 ecclesiae
488 1030 594 1095 populns
611 1029 646 1079 ue
664 1030 712 1080 Pu·
764 1028 884 1079 Haeretici
910 1043 955 1080 nec
972 1031 1024 1080 ruia
1041 1030 1193 1095 praesidibus
1210 1047 1323 1084 reveren·

189 1099 236 1147 dic.
247 1098 270 1146 1.
508 1127 510 1129 v
798 1098 856 1147 tiam
866 1096 1169 1165 exhihentllel’raeeeripc
1178 1101 1325 1153 llaeretld.

152 1166 216 1218 Gala
234 1165 340 1215 vendidit
353 1166 425 1215 udam
438 1165 540 1216 salutem
559 1165 593 1215 lle
602 1165 678 1216 leinn.
688 1164 712 1215 3.
764 1189 797 1201 -
815 1166 870 1229 pios
889 1174 1020 1229 provocant
1038 1166 1068 1217 ad
1085 1167 1281 1221 rhetoricandatn
1300 1178 1324 1221 et

152 1235 230 1286 Gulae
256 1236 365 1294 comites,
389 1234 463 1284 libido
488 1243 512 1284 et
535 1234 627 1284 luanria
656 1234 712 1284 hdr.
798 1232 1020 1298 philosophrndam
1049 1234 1085 1286 De
1107 1235 1245 1288 umnec
1262 1238 1323 1289 Car·

151 1301 363 1487 -Ytaerpagple'mrlrge
383 1369 482 1418 nullain
495 1370 558 1420 larue
574 1369 714 1420 ddnhlarc.
765 1301 897 1486 ua3¹r⁸ett⁵cie
926 1382 980 1487 'ff
1006 1378 1047 1487 ¹e¹et
1071 1369 1191 1489 eimp¹li9cle
1215 1387 1325 1439 quaem

202 1475 208 1498 ‚
262 1474 267 1486 .
809 1451 839 1487 or
856 1450 914 1486 uere
968 1452 987 1487 r.
1027 1451 1118 1489 ermo.
1164 1476 1171 1488 .

152 1506 372 1570 Gymnosophistae
385 1504 559 1555 indorumddr.
567 1505 638 1555 llere
646 1504 665 1566 l,
674 1503 713 1555 13.
766 1519 819 1555 enm
839 1451 976 1555 ilaereucia
999 1453 1121 1569 quomogo
1145 1506 1250 1558 ineunda
1272 1507 1324 1560 dte-

189 1576 290 1638 dpolog.
302 1572 342 1623 42.
800 1574 902 1636 ceptatio
921 1572 956 1622 Dc
973 1573 1071 1623 lieenrr.
1089 1573 1175 1626 Carula
1192 1575 1217 1626 t.

298 1778 302 1785 Ι
416 1672 453 1733 Η·
766 1642 1326 1775 hugpeltpncoffiperimppmmgrnpradffimpeiabss

152 1778 265 1829 Habendi
284 1784 315 1825 srt
333 1776 418 1825 modus
438 1775 471 1825 lie
482 1775 553 1825 Culta
565 1775 655 1826 Femin.
663 1776 682 1835 1,
690 1775 714 1826 8.
801 1790 855 1827 cum
873 1776 1012 1839 astrologia,
1026 1791 1080 1828 cum
1099 1778 1263 1843 philosophia,
1282 1795 1325 1831 eu·

154 1847 258 1896 liabitas
282 1845 410 1894 discrimen
435 1845 493 1893 olim
513 1845 575 1894 inter
593 1852 714 1894 matronae
801 1844 903 1895 riocitati
918 1845 1014 1895 scilieet
1031 1844 1118 1896 deditis
1136 1845 1324 1913 llel’raeaeript.

153 1911 531 2043 flagirippplestrplpllgerlpglgpmdffl
551 1980 715 2050 cnmeeitatum
766 1910 992 2045 -Hsmrgiffiuid
1005 1982 1130 2046 proprium
1143 1981 1326 2034 ddui'raadl.

191 2050 329 2113 explorator
346 2048 480 2112 epuloni.
767 2077 800 2086 -
819 2049 970 2112 patriarchia
1006 2049 1146 2115 philosophi
1183 2049 1239 2101 hdr.
1263 2051 1326 2102 ller-

151 2120 277 2170 flaereees
296 2132 339 2166 cnr
356 2123 468 2180 oporteat
484 2121 539 2166 ee'se
565 2116 599 2165 lla
617 2116 715 2165 lleeurr.
802 2115 903 2178 noph.

192 2186 277 2236 Carnis
296 2184 337 2234 40.
768 2211 800 2222 -
819 2187 925 2247 argutiae
942 2192 966 2233 et
983 2184 1129 2235 subtilitates
1146 2186 1325 2251 etmpttcitaren

152 2277 189 2292 -
209 2269 222 2302 a
241 2252 395 2317 philosophia
415 2252 578 2301 subornantur
597 2252 630 2301 lie
643 2252 715 2302 Prae-
802 2253 966 2303 communium
991 2253 1118 2302 verborum
1143 2262 1284 2319 torquentes
1300 2256 1326 2305 in

190 2323 274 2384 script.
294 2322 388 2370 llaerct.
399 2318 423 2368 6.
802 2321 968 2384 quaestionem
986 2320 1041 2370 hdr.
1060 2320 1224 2385 Hermop2'l.

151 2415 189 2429 -
208 2389 368 2438 damnaticiae
386 2388 419 2436 lic
439 2388 582 2451 Praescripl
598 2386 716 2438 haerili.
768 2389 908 2438 Haeretlcoe
933 2388 961 2437 ad
987 2389 1093 2438 olllcium
1117 2390 1247 2454 compelli,
1276 2405 1325 2442 aon

151 2485 184 2497 -
209 2458 286 2506 dictae
296 2457 385 2506 Graece
405 2470 461 2504 uoce
480 2470 508 2505 ex
521 2456 718 2520 interpretatione
803 2456 883 2506 induci
901 2449 998 2519 digium
1017 2464 1055 2506 eet
1071 2457 1158 2521 Scorp.
1167 2456 1191 2508 2.

193 2525 328 2584 electionis,
345 2538 390 2587 qna
411 2524 465 2588 quis
482 2525 531 2573 sire
548 2525 577 2573 ad
590 2524 717 2574 instituen-
769 2548 803 2560 -
821 2539 869 2574 non
887 2538 942 2573 eoae
960 2523 1122 2574 admittendos
1138 2527 1168 2576 ed
1184 2525 1328 2579 arunde

192 2594 235 2643 das
260 2592 308 2641 sire
335 2592 365 2640 ad
390 2592 557 2654 suscipiendae
585 2606 626 2643 eas
644 2594 718 2642 utitur
803 2593 931 2655 seripturis
954 2594 1165 2656 provocationem,
1189 2607 1252 2658 quoe
1273 2596 1327 2647 alna

191 2663 225 2711 ile
245 2661 388 2722 Praescript.
408 2660 501 2709 llaeret.
520 2659 543 2709 6.
803 2661 931 2724 seripturis
950 2662 1066 2722 probatur
1081 2660 1111 2710 ed
1127 2661 1262 2726 scripturae
1278 2677 1326 2714 nou

150 2757 189 2769 -
210 2728 298 2778 Paulus
323 2728 384 2777 inter
409 2727 514 2777 carnalia
540 2729 639 2778 crimina
658 2742 719 2778 enu·
804 2728 927 2793 pertinere
944 2727 978 2777 lie
995 2728 1140 2792 Praescript.
1157 2729 1304 2782 Haeret-di.

193 2804 271 2847 meret
289 2796 322 2844 he
340 2796 484 2859 Praescript.
504 2796 598 2847 Haeret
609 2795 633 2846 d.
769 2821 802 2832 -
822 2810 869 2846 non
888 2795 993 2859 epllahae
1007 2804 1107 2856 tantum,
1125 2797 1168 2846 sed
1179 2798 1279 2863 paginae
1289 2807 1328 2850 to·

151 2892 192 2905 -
211 2879 296 2915 omues
315 2864 339 2914 in
359 2864 440 2914 multia
452 2878 505 2914 cnm
517 2865 656 2916 auctoribus
668 2863 718 2915 uuis
804 2872 841 2915 tas
859 2863 954 2914 delesse
971 2863 1027 2913 lde.
1046 2864 1117 2915 liare.
1135 2864 1161 2927 ll,
1173 2865 1213 2918 l'l.
1258 2875 1262 2884 ¹

193 2934 365 2983 dissentientes
375 2933 588 2994 deprehenduntur
602 2934 636 2985 lle
644 2934 719 2985 Prae·
771 2934 834 2998 apnd
853 2933 992 2983 haereticos
1018 2941 1042 2982 et
1065 2932 1226 2998 philosophos
1242 2934 1327 2986 eadem

193 3003 277 3065 script
297 3001 391 3049 Haeret.
402 2999 443 3049 41.
804 3003 904 3051 materia
922 3000 1040 3051 volutetur
1057 3000 1092 3051 lle
1109 3001 1328 3068 Praererlphllae-

154 3097 192 3109 -
219 3071 271 3119 eine
301 3069 427 3132 scripturis
457 3084 511 3118 esse
542 3083 590 3119 non
617 3077 720 3133 pouennt
804 3078 849 3119 ret.
863 3069 887 3117 ¹l.

194 3139 230 3187 lie
249 3138 393 3199 Praescript.
412 3135 556 3188 llaeret.39.
770 3160 803 3173 —
821 3163 853 3173 -
871 3137 1001 3187 schismata
1026 3138 1078 3187 iere
1101 3151 1150 3187 non
1174 3151 1245 3197 ease,
1272 3138 1328 3203 qnia

154 3213 327 3269 -quantum
352 3206 445 3253 valeant
468 3214 492 3254 et
515 3206 578 3270 apud
597 3220 658 3270 quoe
685 3204 719 3253 lie
804 3219 858 3255 cum
889 3204 1010 3266 einrnon
1033 3212 1133 3268 parent,
1163 3204 1268 3256 echium·
1292 3212 1330 3256 eat
1374 3200 1380 3212 ’

198 3274 342 3336 Praescript.
361 3272 454 3321 Haeret.
466 3271 489 3320 2.
804 3274 868 3321 eninr
887 3273 966 3321 unitae
984 3272 1037 3336 ipsa
1055 3271 1090 3321 lle
1108 3272 1252 3337 Preeeeript
1264 3272 1328 3323 flae-

154 3355 298 3390 —omnes
324 3354 352 3389 ex
369 3340 572 3403 subtiloquentiae
589 3340 678 3389 riribne
697 3348 721 3389 et
804 3337 902 3389 retll.

196 3408 366 3473 philosophiae
401 3408 492 3469 regulis
525 3415 636 3457 coustant
662 3407 720 3457 hdr.
772 3408 911 3457 Haarelicue
929 3421 971 3455 cur
989 3405 1036 3454 ethi
1053 3404 1180 3456 damnatur
1204 3404 1239 3455 lle
1256 3405 1329 3457 Prae-

197 3477 268 3527 llerc.
288 3477 312 3536 ll,
334 3475 373 3525 19.
804 3473 888 3538 aeript.
907 3470 1035 3523 llaeretll.

155 3546 275 3597 Haeresis
293 3545 372 3594 omnis
389 3543 574 3606 aphiloenphis‚
588 3542 721 3606 sapientiae
772 3540 973 3592 Hamaxobiornm
988 3538 1133 3603 instabilitas
1141 3539 1329 3607 DePraeeeripl.

198 3612 380 3677 professoribus
397 3612 452 3661 hdr.
473 3611 543 3660 liare.
563 3612 581 3671 l,
597 3609 635 3659 13.
806 3609 901 3658 llaeret.
910 3606 935 3656 3.

144 3680 193 3721 '-
214 3681 260 3730 erit
283 3680 446 3744 quodcunque
467 3678 581 3729 edrerans
599 3678 721 3727 veritatem
772 3675 891 3728 llannihal
910 3674 974 3737 apud
992 3674 1087 3725 Cinnae
1103 3687 1150 3740 per
1166 3675 1329 3726 homanorum

196 3750 269 3813 sapit,
288 3750 359 3797 etiam
373 3746 599 3798 retusconenetudo
618 3746 720 3807 helirg.
807 3742 894 3859 anullou
912 3743 999 3860 eadee
1017 3757 1075 3793 suae
1093 3742 1174 3793 modio
1187 3742 1332 3795 metiebatar

196 3818 246 3865 Vel.
258 3816 280 3866 1.
805 3816 907 3872 doeg.
959 3845 966 3860 .

159 3911 194 3924 -
215 3885 245 3934 ab
265 3883 398 3933 idololatria
419 3898 465 3932 non
485 3883 565 3940 distat,
579 3894 633 3930 cam
645 3888 669 3930 et
678 3895 722 3930 an·
775 3827 935 3943 {tergendae
953 3877 1013 3930 dene
1029 3877 1064 3928 ad
1082 3877 1144 3928 llatt.
1163 3877 1183 3939 l,
1197 3878 1236 3929 10.

198 3953 272 4002 ctoris
290 3961 313 4000 et
331 3952 412 4014 operis
430 3950 537 3999 eiusdem
556 3949 588 3998 sit
605 3950 672 3999 cuiue
699 3956 723 3998 et
773 3949 950 4013 Harpocration
981 3947 1045 3997 nude
1068 3945 1196 4009 hiberum,
1226 3947 1329 3998 eandem

199 4020 335 4071 idololatria
354 4019 388 4068 lle
407 4019 551 4081 Praescrlpt.
569 4018 665 4066 Haeret.
680 4015 722 4066 411.
808 4015 872 4081 apud
890 4015 1016 4080 aegyptios
1033 4013 1123 4073 Osirin,
1150 4014 1239 4066 hedera
1258 4031 1329 4066 corn·

162 4089 290 4140 Haeretica
309 4088 403 4137 licentia
422 4087 455 4135 lle
474 4087 551 4136 Carne
569 4086 625 4135 Chr.
636 4084 661 4134 2.
810 4092 892 4135 natum
911 4085 1081 4147 interpretator
1097 4081 1132 4131 De
1150 4081 1246 4134 Corona
1263 4083 1289 4135 ’1.

163 4157 284 4208 Haeretici
303 4155 423 4205 credendo
443 4170 489 4204 non
507 4154 615 4212 credunt,
635 4152 722 4202 ethnici
775 4151 933 4203 llesdrubalie
957 4165 1017 4200 naor
1040 4151 1064 4200 in
1088 4151 1181 4214 patriee
1198 4152 1330 4203 infortunio

199 4219 722 4275 noneredendocreduntllcCarneChr.15.
809 4221 904 4269 fortiter
922 4219 1034 4269 occubuit
1050 4217 1083 4267 dd
1096 4218 1159 4268 Nati.
1177 4218 1196 4280 l,
1208 4218 1246 4270 tu.
1264 4219 1330 4282 itti.

161 4320 198 4331 -
217 4293 327 4357 plerique
352 4306 396 4341 nec
414 4292 528 4341 ecclesias
547 4291 644 4348 hahent,
670 4290 723 4339 eine
775 4288 868 4340 llehion
892 4287 1013 4336 Christum
1042 4284 1133 4335 uadum
1160 4286 1282 4338 hominem
1308 4296 1333 4338 et

202 4373 287 4418 matre,
306 4361 358 4409 eina
376 4360 443 4419 sede,
462 4361 520 4408 orba
539 4359 594 4418 lide,
616 4365 723 4407 extorres
809 4364 900 4406 tantum
919 4368 947 4404 ea
964 4351 1139 4405 semiuellarid
1156 4355 1280 4407 contituit
1296 4356 1331 4407 lle

200 4437 314 4490 rogantur
332 4428 365 4476 De
385 4428 527 4490 Praescript.
547 4423 693 4476 liaeret.42.
809 4424 887 4473 Cerne
905 4422 961 4473 Chr.
974 4420 1013 4471 14.

162 4523 198 4535 -
218 4511 245 4546 er
265 4495 410 4546 conscientia
433 4495 577 4544 inllrmitetis
602 4506 724 4558 nunqnam
775 4493 891 4542 llehionir
916 4490 1023 4541 haereeit
1047 4490 1082 4540 lte
1106 4489 1249 4558 Praeeeripl.
1267 4490 1331 4541 llae-

201 4565 322 4614 ordinarie
347 4577 390 4612 sua
415 4571 553 4627 proponunt
574 4561 609 4612 tte
626 4563 724 4611 lieenrr.
809 4568 854 4610 ret
868 4557 908 4609 33.
928 4557 961 4607 tte
979 4557 1041 4620 lire.
1059 4558 1110 4609 Vel.
1120 4557 1146 4608 6.
1202 4614 1205 4618 J

203 4634 287 4683 Carnis
306 4631 329 4681 2.
775 4628 880 4678 llehraei
897 4625 967 4676 iidem
987 4627 1026 4690 qui
1045 4626 1126 4677 ludaei
1143 4625 1244 4690 tpotce.
1259 4622 1297 4676 tu.

163 4727 199 4737 -
219 4715 303 4750 omncs
321 4706 421 4758 tument,
440 4697 657 4748 omneescieutlam
669 4696 724 4761 pol·
775 4696 884 4746 liederus
903 4703 986 4744 natura
1005 4696 1131 4745 eerehrnm
1149 4696 1179 4745 ah
1191 4692 1277 4743 heluco
1288 4693 1331 4743 de·

204 4769 305 4818 licentur
324 4768 356 4817 ue
376 4768 518 4830 Praescript.
538 4764 683 4816 haerendi.
809 4765 906 4813 ieneare
925 4763 958 4812 lle
976 4763 1069 4814 Corona
1088 4763 1113 4812 ¹l.

163 4860 199 4873 -
220 4852 317 4899 semper
341 4836 416 4885 nudas
444 4843 484 4884 rut
508 4833 631 4898 simplices
654 4846 725 4884 voces
775 4831 953 4895 hegemonicon
978 4832 1035 4897 qnid
1053 4829 1205 4896 philosophie
1222 4827 1332 4895 appelle

203 4905 347 4955 coniecturis
372 4917 419 4969 quo
444 4902 525 4954 rolant
547 4901 658 4969 rapiunt,
685 4908 725 4951 ant
809 4909 850 4951 tur
866 4899 901 4951 he
913 4899 1012 4951 lieenru
1024 4899 1109 4952 carah
1123 4897 1162 4948 15.
