3242 5775
316 637 377 702 m
571 649 670 701 qumrr
695 646 825 692 sarman
846 645 1009 690 rconaarrs
1032 646 1226 689 rsnrounmm

314 822 416 884 aeque.
447 799 546 863 ”Non
567 796 665 861 enim¹
687 807 717 859 et
737 796 786 858 hic
807 796 885 876 signi
906 795 981 858 ratio
1002 794 1216 867 ²¹versaretur‚
1239 797 1295 858 sed
1319 798 1407 878 signo
1430 818 1478 861 na·

312 904 435 968 tiritatis
457 920 550 966 norae
571 901 720 979 adscripto
742 898 847 960 exinde
868 906 937 977 post
958 898 1074 976 signum
1097 896 1171 958 alius
1193 898 1252 959 iam
1269 900 1347 961 ordo
1364 900 1479 963 inlantis

313 1005 452 1077 edicitur,
480 1003 539 1065 mel
566 1010 595 1063 et
622 1001 757 1081 butymm
779 998 1020 1060 ”manducatum
1065 997 1125 1059 Nec
1146 1000 1204 1061 hoc
1224 1000 1330 1081 utique
1353 1002 1384 1063 in
1409 1003 1478 1064 ”si-

313 1125 413 1187 gnum.
456 1104 511 1166 list
531 1102 680 1165 infantiae.
724 1101 783 1163 Sed
805 1109 992 1181 accepturum
1017 1099 1153 1161 virtutem
1176 1101 1311 1164 [lamasci
1336 1112 1367 1164 et
1390 1104 1478 1184 spolia

313 1208 460 1270 Samariae
488 1205 629 1266 adversus
656 1221 756 1283 regem
784 1201 988 1282 Assyriorum,
1026 1201 1085 1262 hoc
1115 1211 1161 1262 est
1193 1202 1330 1265 mirabile
1354 1206 1477 1286 signum.

310 1309 459 1371 ¹'Servate
480 1306 601 1368 modum
623 1304 738 1379 aetatis,
761 1313 790 1366 et
810 1304 970 1382 ”quaerite
991 1319 1111 1364 sensum
1126 1305 1370 1382 praedicationis,
1394 1308 1478 1369 immo

311 1407 561 1475 redditereriuti
582 1424 658 1485 quac
679 1406 800 1468 credere
822 1424 882 1467 non
905 1405 1007 1479 vultis,
1036 1413 1066 1465 et
1092 1404 1301 1485 ”intellegitur
1323 1410 1478 1489 prophetia

312 1510 398 1590 ³”qua
420 1508 605 1571 renuntiatur
625 1516 778 1588 expuncta.
825 1506 1017 1568 ⁸¹Credantur
1039 1505 1197 1567 orientales
1219 1507 1261 1568 illi
1284 1510 1361 1589 hlagi
1384 1512 1477 1574 inlan-

312 1612 382 1673 tiam
410 1609 519 1671 Christi
546 1608 609 1671 ⁸²ut
638 1626 737 1687 regem
765 1621 836 1670 auro
864 1607 923 1669 ³iet
949 1616 1014 1669 ture
1044 1617 1249 1682 munerantes,
1282 1619 1312 1671 et
1341 1612 1479 1693 ³⁴accepit

306 1713 408 1775 iulans
429 1709 566 1773 virtutem
588 1709 723 1772 Damasci
745 1710 810 1771 aine
831 1709 945 1790 proelio
968 1718 998 1769 et
1018 1709 1118 1770 armis.
1165 1708 1237 1770 Nam
1259 1722 1382 1790 praeter
1405 1715 1479 1794 quod

230 1789 233 1798 ⁴
312 1812 451 1875 omnibus
473 1821 575 1873 notum
599 1820 646 1872 est
661 1810 791 1873 Orientis
807 1811 966 1882 virtutem,
988 1809 1047 1870 ³⁵id
1069 1819 1115 1871 est
1135 1810 1213 1872 enim
1235 1812 1334 1887 vires,
1358 1825 1479 1879 auroel

312 1912 455 1975 odoribus
487 1911 599 1993 pollere
633 1912 767 1986 solitam,
799 1909 907 1973 ”certe
937 1919 985 1973 est
1016 1911 1121 1972 divinis
1155 1912 1310 1991 scripturis
1343 1917 1479 1981 virtutem

312 2033 430 2095 quoque
450 2012 662 2076 ”ioetuamm
684 2014 814 2092 gentium
836 2031 939 2075 aurum
963 2012 1153 2074 constituere.
1188 2014 1270 2075 Sicut
1291 2033 1349 2095 per
1370 2017 1479 2081 Zacha-

212 2109 302 2213 xzfvffffi·
315 2116 388 2176 riam
410 2113 495 2175 dicit:
523 2114 560 2175 Et
581 2113 667 2176 ludas
689 2113 883 2194 ³'praetendit
910 2114 987 2192 apud
1009 2113 1209 2188 Hierusalem,
1237 2124 1268 2176 et
1288 2121 1480 2200 congregabit

312 2233 429 2279 omnem
451 2215 605 2277 valentiam
633 2216 812 2295 populorum
840 2234 895 2295 par
921 2215 1090 2287 circuitum,
1125 2234 1227 2276 aurum
1258 2226 1287 2278 et
1315 2233 1479 2299 argentum.

178 2311 297 2414 „¹¹¹1th
310 2316 384 2380 Nam
406 2318 443 2378 de
464 2317 522 2378 hoc
542 2316 606 2379 auri
627 2335 750 2379 munere
771 2317 858 2378 etiam
873 2316 964 2377 llarid
979 2315 1066 2376 dixit:
1088 2315 1126 2377 Et
1143 2315 1263 2415 dabitur
1283 2318 1326 2380 illi
1350 2322 1389 2383 de
1410 2342 1479 2386 auro

181 2413 300 2515 ufffim·
313 2418 445 2481 Arabiae.
482 2418 518 2479 Et
540 2420 663 2482 iterum:
685 2419 780 2497 Reges
801 2416 929 2479 Arabum
953 2429 982 2478 et
1004 2416 1080 2478 Saba
1102 2437 1224 2500 mopera
1246 2418 1415 2487 8⁸adferent
1432 2426 1480 2487 illi.

310 2519 384 2582 Nam
405 2527 436 2580 et
457 2518 558 2598 llagos
580 2538 666 2599 reges
689 2521 752 2581 lere
773 2518 875 2580 habuit
891 2518 1014 2589 Oriens,
1038 2526 1067 2578 et
1081 2518 1241 2581 Damascus
1256 2522 1384 2586 Arabiae
1403 2536 1479 2589 retra

267 2700 270 2706 Ι
311 2619 516 2708 deputabatur,
539 2630 694 2701 antequam
709 2620 901 2699 transscripta
917 2630 999 2681 esset
1017 2619 1047 2680 in
1062 2620 1302 2700 Syrophoenicen
1319 2645 1356 2686 ex
1372 2628 1479 2690 distin·

312 2721 412 2783 ctione
433 2721 602 2800 Syriarum,
630 2722 714 2783 cuins
736 2730 807 2783 tunc
827 2721 964 2783 virtutem
988 2721 1122 2783 Christus
1150 2724 1278 2803 accepit,
1308 2727 1479 2807 accipiendo

310 2823 438 2902 insignia
466 2822 546 2897 aius,
579 2840 683 2883 aurum
712 2822 825 2883 scilicet
856 2832 886 2883 et
913 2823 1037 2898 odores,
1071 2823 1164 2903 spolia
1193 2833 1290 2887 autem
1319 2828 1479 2905 Samariae,

311 2925 396 3006 ipsos
411 2925 528 3003 hlagos,
551 2924 601 3003 qui
622 2941 688 2986 cum
709 2923 790 2989 illum
813 2924 1023 3004 cognovissent
1045 2932 1075 2985 et
1088 2925 1260 2987 muneribus
1278 2928 1480 2995 honorassent

312 3035 441 3104 eigana
462 3025 563 3105 posito
585 3024 776 3098 adorassent,
804 3025 888 3105 qua'si
909 3025 1090 3086 ”dominum
1117 3035 1147 3087 et
1167 3046 1283 3106 regem,
1313 3029 1371 3092 sub
1396 3035 1479 3097 testi·

311 3126 413 3188 monio
435 3125 546 3189 ⁴⁰ducis
570 3134 599 3187 et
619 3126 725 3189 indicis
747 3125 865 3199 stellae,
888 3126 981 3205 spolia
1005 3135 1074 3188 sunt
1095 3128 1161 3188 lacti
1183 3129 1351 3204 Samariae,
1382 3135 1414 3196 id
1436 3145 1480 3198 est

311 3227 510 3302 idololatriae,
533 3227 687 3289 credentes
710 3227 844 3288 videficet
865 3227 895 3289 in
917 3226 1106 3289 “Christum
1150 3228 1379 3295 ⁴²Idololatriam
1403 3238 1479 3298 enim

311 3380 423 3433 aanor
442 3383 505 3430 anim
524 3381 604 3431 ethic
628 3382 673 3442 cd,
699 3380 900 3430 ectitltllao.
919 3381 988 3431 llere
1007 3381 1108 3446 copld.
1150 3383 1211 3431 enim
1232 3393 1255 3432 et
1273 3386 1312 3434 hic
1330 3381 1354 3436 λ.
1401 3390 1478 3439 ethic

312 3464 375 3501 emm
392 3451 484 3515 reliqui.
543 3448 584 3499 24.
603 3456 738 3498 versaretur
754 3442 776 3495 t.
819 3456 927 3498 vomatur
943 3451 1034 3512 reliqui.
1093 3449 1133 3498 25.
1153 3452 1326 3502 manducaturi.
1357 3455 1409 3505 Nee
1427 3458 1477 3508 aaa

312 3518 476 3571 manducaturi
494 3517 756 3576 {manducaturuml.l.
780 3515 809 3564 Et
825 3517 919 3581 reliqui.
970 3516 1009 3565 26.
1028 3517 1130 3579 signum.
1155 3519 1196 3568 Est
1215 3521 1337 3570 infantiae.
1363 3523 1413 3574 Sed
1431 3542 1477 3589 eqo.

311 3587 405 3651 rignum
424 3579 774 3647 eetintantiae3sedtillob.
816 3583 1036 3645 signaminlamia
1055 3595 1098 3634 est.
1123 3587 1164 3634 sed
1183 3586 1208 3636 B.
1250 3590 1365 3650 signum3
1394 3601 1419 3641 et
1436 3595 1478 3642 hoc

311 3656 374 3703 enim
394 3654 568 3702 inlantiaeest.
592 3651 639 3700 Sed
657 3653 695 3722 qd.
729 3650 892 3701 2'l.serral.
927 3650 1105 3716 28.qnaerel.
1141 3653 1180 3702 ta.
1200 3654 1398 3716 intellegentia.
1433 3669 1477 3711 tam

311 3722 451 3783 intutiqitur
467 3722 560 3784 reliqui,
581 3727 601 3770 et
622 3720 691 3769 Velie.
749 3717 790 3769 33.
809 3734 856 3785 qua
874 3728 945 3783 tquae
962 3723 999 3777 Al
1023 3721 1172 3771 renuntiatur
1189 3733 1305 3785 expuncta
1324 3721 1365 3775 λΑ,
1409 3743 1475 3792 qua·

310 3790 461 3839 renuntiatur
479 3795 595 3851 expuncta
613 3789 650 3836 ed.
672 3787 740 3837 l'otic.
783 3787 923 3837 renunciata
948 3802 1019 3850 quarn
1044 3790 1148 3837 creditur
1166 3800 1281 3852 expuncta
1298 3795 1394 3858 reliqui.
1438 3795 1476 3845 31.

311 3856 445 3906 Credantur
468 3854 598 3903 orientales
614 3849 637 3903 i.
682 3854 800 3905 credatur.
833 3855 931 3918 decepit
948 3855 1057 3905 Christos
1081 3857 1159 3905 intans
1186 3858 1294 3907 virtutem
1321 3861 1434 3914 damasci
1456 3872 1476 3912 et

309 3923 388 3987 apelia
400 3923 556 3972 Sammariae.
579 3920 709 3971 orientales
725 3924 750 3973 Δ.
784 3923 999 3987 teceptrctristue
1016 3925 1095 3973 iulans
1108 3927 1215 3975 virtutem
1230 3927 1340 3979 Damasci
1360 3939 1383 3979 ct
1401 3931 1477 3996 spolia

310 3991 441 4041 Samariae.
470 3989 579 4039 llaneant
596 3990 658 4038 enim
677 3989 806 4040 orientales
823 3991 891 4042 bele.
926 3990 1115 4040 ldaneantenim
1134 3994 1263 4043 orientales
1281 3998 1305 4045 d.
1342 3995 1384 4046 ³2.
1403 4008 1475 4049 utre·

310 4072 363 4120 qam
381 4057 467 4107 Allobo.
503 4070 584 4119 regem
601 4051 624 4106 λ.
659 4066 778 4107 recentem
796 4059 821 4108 d.
862 4057 903 4110 33.
922 4068 1006 4109 attare
1018 4069 1170 4110 munerantes
1187 4056 1226 4110 ld.
1262 4063 1332 4112 thure
1349 4074 1373 4114 et
1383 4068 1475 4130 myrrha

310 4131 493 4179 remunerantes
515 4126 607 4189 reliqui.
668 4125 708 4177 34.
734 4126 827 4189 accepit
848 4120 950 4178 ildebe-
994 4130 1114 4191 acceperit
1131 4131 1154 4177 d.
1214 4128 1255 4178 35.
1274 4131 1297 4180 id
1317 4140 1355 4182 est
1372 4130 1474 4185 enini.

311 4194 333 4243 id
353 4201 390 4241 est
407 4194 468 4241 viret
485 4194 577 4257 reliqui.
612 4194 675 4243 llelet
693 4194 757 4243 Folo.
772 4194 876 4243 llrainua.
936 4194 976 4244 36.
996 4203 1059 4255 certe
1083 4204 1120 4244 est
1144 4197 1227 4246 divinis
1244 4192 1267 4245 λ.
1312 4210 1377 4250 certe
1396 4211 1433 4251 est
1450 4217 1476 4253 et

310 4261 429 4311 diuinist.
465 4269 529 4310 certe
547 4269 584 4310 est
601 4263 703 4311 creatori
717 4263 843 4319 leccatoris
854 4264 884 4320 c.)
897 4271 921 4313 et
938 4279 965 4313 eu
984 4263 1067 4312 diuinis
1086 4264 1153 4314 Baba.
1188 4274 1279 4314 certum
1297 4278 1335 4318 est
1345 4278 1369 4318 et
1380 4285 1409 4321 ex
1420 4271 1475 4322 diri·

310 4329 348 4378 nia
360 4329 392 4388 d,
404 4345 454 4378 eum
465 4329 545 4379 Fuluio
556 4329 662 4379 ilmina·
687 4327 749 4378 aab.
769 4337 886 4379 certarum
905 4333 927 4381 b.
971 4329 1011 4381 37.
1030 4332 1163 4394 praetendit
1181 4333 1243 4396 apud
1256 4334 1408 4387 llieruselem
1427 4356 1473 4402 eqo.

312 4396 344 4457 t‘l.
362 4397 417 4444 lde.
435 4396 504 4447 llere.
522 4397 562 4459 lll,
579 4395 616 4446 13.
652 4397 787 4460 praetendit
805 4397 869 4460 apud
887 4393 991 4449 tarnat.
1032 4401 1167 4463 praetendit
1186 4401 1259 4449 lsrael
1279 4404 1303 4451 B.
1341 4407 1475 4469 praetendit

310 4462 460 4513 llierusalem
479 4466 516 4514 ob.
557 4465 683 4528 pertendet
706 4464 856 4514 Hierusalem
880 4468 916 4517 ed.
974 4466 1015 4516 38.
1033 4468 1176 4518 offerenti.
1237 4468 1278 4519 39.
1304 4473 1430 4524 dominnm
1453 4484 1475 4527 et

309 4545 390 4592 regem
408 4526 447 4580 id.
482 4531 551 4580 deam
570 4541 594 4581 et
611 4547 691 4595 regem
710 4549 729 4583 c.
765 4533 977 4598 domiuumrepem
996 4537 1089 4600 reliqui.
1133 4536 1173 4585 ll).
1191 4537 1259 4586 ducis
1279 4547 1302 4588 et
1323 4542 1409 4591 indicis
1426 4559 1474 4607 aqi.

309 4599 394 4648 indicis
407 4607 430 4647 et
442 4599 509 4648 ducis
527 4602 593 4650 abed.
628 4600 712 4650 indicis
724 4608 746 4649 et
759 4601 844 4651 indicia
857 4596 914 4652 led.
950 4604 1034 4653 indicis
1048 4612 1070 4652 et
1082 4604 1166 4653 indicis
1179 4607 1276 4656 schedae
1287 4609 1472 4675 Scioppiilhtaa.

308 4666 350 4718 ll.
368 4664 489 4717 Christum
506 4661 543 4717 id.
579 4667 674 4718 Christe
691 4669 783 4733 reliqui.
834 4668 875 4719 42.
894 4670 919 4720 Si
937 4670 1070 4721 idolatriam
1090 4682 1167 4722 autem
1185 4674 1210 4723 l.

343 4801 437 4851 dilen
461 4797 537 4866 enim]
564 4802 686 4867 Scriptura
705 4802 831 4856 fuldensis
855 4805 946 4856 ridetur
969 4807 1006 4857 sic
1028 4809 1183 4871 corrigenda:
1209 4826 1275 4872 „non
1300 4828 1387 4879 aeque.
1425 4815 1474 4867 lira

309 4885 380 4934 aeque
398 4870 461 4920 enim
480 4878 503 4920 et
520 4871 559 4921 hic
575 4872 637 4934 siqui
655 4871 734 4922 ratio“
753 4879 807 4925 cett.
