3242 5775
120 634 125 646 ‘
257 625 321 692 310
505 599 618 690 'onrnrr
638 625 771 681 'scermu
792 632 959 678 rnoannrrs
981 631 1180 677 retroneum

132 842 242 894 lta-tt.

148 1291 247 1338 tuero.

159 791 232 834 ¹¹⁰⁰r·
248 775 327 855 'tiam
348 788 447 851 lietilia
471 794 501 849 et
521 786 641 866 quidem
663 784 758 847 aliena
786 790 939 864 ceperunt.
993 781 1110 855 Quodsi
1137 780 1211 843 baec
1238 786 1308 841 sunt
1337 778 1435 841 lictilie

259 910 346 965 rasa,
368 881 399 951 in
421 887 528 967 quibus
550 895 630 948 tanta
652 905 709 947 nos
731 886 793 965 pati
815 884 901 956 dicit,
929 882 960 943 iu
988 883 1096 962 quibus
1119 882 1206 945 etiam
1228 880 1436 943 mortificatio·

262 1008 331 1054 nem
354 988 589 1050 circumferimus
611 984 714 1059 ”deii
742 985 816 1047 satis
843 985 976 1063 ingratus
1000 982 1075 1045 dens
1098 991 1128 1044 et
1149 982 1296 1056 iniustus,
1326 981 1438 1043 sinon

262 1098 294 1153 et
314 1091 391 1151 banc
412 1088 608 1150 substantiam
630 1086 890 1148 ”resuscitaturus
913 1093 973 1156 est,
996 1085 1027 1146 in
1050 1102 1107 1163 qua
1125 1101 1181 1164 pro
1197 1082 1254 1143 lide
1270 1082 1335 1144 eius
1357 1088 1437 1144 tanta

262 1191 443 1263 tolerantur,
464 1187 494 1249 in
511 1207 567 1267 qua
584 1195 615 1248 et
628 1205 710 1248 mors
726 1186 837 1247 Christi
852 1185 1072 1257 circumlertur,
1095 1184 1125 1245 in
1149 1202 1206 1263 qua
1228 1191 1258 1245 et
1278 1182 1438 1244 eminentia

261 1291 379 1353 virtutis
402 1296 605 1350 consecratur.
650 1287 709 1347 Sed
732 1287 811 1347 enim
835 1286 992 1366 proponit,
1014 1285 1052 1347 Ut
1073 1293 1104 1345 et
1125 1286 1182 1346 rita
1206 1283 1315 1345 Christi
1338 1282 1435 1345 mani·

261 1392 386 1454 testetur
407 1389 437 1450 in
459 1405 585 1467 corpore
607 1395 730 1457 nostro,
753 1386 865 1447 scilieet
886 1386 964 1447 sicut
984 1395 1015 1445 et
1036 1402 1119 1446 mors
1143 1387 1208 1447 eius
1230 1386 1439 1447 circumfertur

260 1490 293 1554 in
313 1508 451 1570 corpore.
493 1488 537 1549 lle
558 1506 615 1567 qua
638 1504 710 1565 ergo
733 1485 844 1547 Christi
866 1486 924 1547 vita
946 1484 1041 1547 dicit?
1073 1503 1131 1565 qua
1160 1504 1239 1548 nunc
1259 1485 1385 1546 vivimus
1407 1483 1438 1546 in

109 1589 340 1655 nan-nilla?
382 1589 421 1650 Et
441 1587 591 1667 quomodo
612 1588 643 1649 in
667 1587 861 1666 sequentibus
894 1604 954 1647 non
975 1587 1011 1647 ad
1033 1587 1160 1649 risibilia
1181 1605 1238 1648 nec
1258 1585 1296 1647 ad
1317 1593 1439 1665 tempo·

176 2226 232 2272 loro.

135 2718 190 2775 cap.
200 2718 247 2765 ΙΙΙ.

111 2778 244 2835 liccem.

164 3504 241 3549 llCor.

163 3555 251 3608 v,2-t.

138 3703 250 3758 leoexv,

138 3756 251 3800 Mitt.

261 1690 349 1763 ralia,
379 1689 433 1751 sed
455 1688 491 1749 ad
512 1687 669 1749 invisibilia
691 1687 779 1748 etad
801 1697 935 1761 aeterna,
966 1687 996 1747 id
1019 1695 1066 1748 est
1088 1706 1150 1749 non
1171 1687 1235 1748 ⁴⁰ad
1257 1686 1440 1767 praesentia,

264 1791 320 1855 red
342 1790 378 1851 ad
400 1791 498 1851 futura
521 1786 718 1850 exhortaturi
761 1788 877 1861 Quodsi
899 1788 937 1850 de
959 1789 1056 1849 lutura
1077 1789 1136 1849 rita
1159 1788 1229 1850 dicit
1250 1788 1379 1859 Christi,
1407 1786 1441 1850 in

263 1909 392 1972 corpore
413 1908 478 1951 eam
499 1888 600 1950 dicens
629 1889 844 1969 apparituram,
877 1890 1032 1951 manifeste
1060 1890 1158 1950 carnis
1185 1888 1442 1950 resurrectionem

262 1991 458 2073 praedicarit,
480 1990 657 2052 exteriorem
680 1988 798 2067 quidem
821 1989 971 2052 hominem
994 1997 1130 2051 nostrum
1153 1988 1303 2069 corrumpi
1323 1988 1442 2061 dicens,

264 2099 296 2154 et
321 2109 383 2152 non
410 2090 496 2169 quasi
523 2099 644 2152 aeterno
673 2088 795 2151 interitu
821 2099 891 2168 post
918 2096 1062 2163 mortem,
1098 2108 1199 2152 verum
1226 2089 1380 2151 laboribus
1411 2097 1446 2151 et

266 2191 482 2264 incommodis,
519 2190 557 2251 de
589 2189 697 2269 quibus
730 2190 883 2269 praemisit
916 2190 1063 2258 adiciens.
1095 2189 1133 2251 Et
1163 2208 1225 2251 non
1255 2190 1444 2252 deficiemus.

266 2291 341 2354 Nam
363 2303 392 2353 et
412 2291 586 2353 interiorem
607 2291 760 2352 bominem
782 2298 919 2352 nostrum
942 2290 1079 2351 renovari
1108 2291 1144 2351 de
1166 2289 1214 2351 die
1235 2289 1266 2351 in
1289 2290 1370 2352 aliem
1391 2290 1444 2352 di·

265 2410 336 2455 cens
357 2392 407 2454 bic
428 2401 587 2471 utrumqne
609 2391 809 2464 demonstrat,
836 2399 866 2452 et
888 2390 1023 2471 corporis
1047 2391 1268 2471 corruptionem
1290 2410 1326 2451 ex
1349 2409 1444 2452 rexa-

265 2493 348 2555 tione
369 2493 596 2572 temptationum
618 2501 648 2553 et
669 2492 758 2555 animi
780 2492 1004 2554 renovationem
1032 2511 1067 2553 ex
1095 2491 1343 2572 contemplatione
1366 2510 1445 2571 pro·

263 2593 454 2655 missionum.

350 2692 476 2754 Terreni
498 2690 640 2753 domicilii
662 2692 760 2753 nostri
781 2709 843 2753 non
865 2692 910 2757 sic
931 2692 972 2754 ait
993 2691 1103 2754 babere
1116 2709 1172 2753 nos
1195 2691 1317 2754 domum
1340 2701 1445 2755 aeter·
1477 2738 1480 2748 .

264 2806 361 2866 nam·,
384 2811 445 2854 non
466 2810 555 2855 manu
577 2795 700 2866 laetam,
723 2792 754 2853 in
769 2792 885 2867 ¹caelo‚
908 2793 977 2872 quia
992 2811 1069 2873 quae
1083 2811 1173 2855 manu
1193 2794 1268 2855 lacta
1291 2794 1331 2854 sit
1354 2812 1443 2857 crea·

265 2895 348 2981 toris
369 2898 495 2958 intereat
520 2894 553 2957 in
582 2894 696 2957 totum¹³
724 2894 869 2956 dissoluta
896 2904 967 2975 post
995 2904 1132 2957 mortem.
1187 2895 1267 2957 Haec
1293 2896 1375 2958 enim
1405 2897 1444 2958 ad

264 2995 373 3058 mortis
395 3003 506 3057 metum
529 3005 559 3058 et
580 2996 617 3056 ad
638 2995 734 3075 ipsius
757 2994 966 3057 dissolutionis
997 2979 1254 3057 contristationem
1276 2997 1443 3058 consolan-

265 3096 334 3158 dam
354 3103 518 3158 retractans
540 3096 629 3158 etiam
650 3094 723 3175 'per
738 3095 892 3176 sequentia
908 3096 1113 3170 manifestius,
1135 3114 1201 3158 cum
1224 3095 1334 3158 subicit
1355 3097 1443 3177 inge-

264 3214 348 3258 mere
369 3214 426 3257 nos
448 3198 485 3258 de
505 3197 565 3257 isto
587 3196 777 3258 tabernaculo
806 3196 943 3276 corporis
971 3196 1082 3257 terreni
1111 3196 1190 3275 quod
1223 3196 1260 3257 de
1288 3197 1372 3259 caelo
1396 3206 1445 3262 est

265 3294 455 3377 ⁸superindui
477 3296 648 3376 cupientes3
670 3296 818 3376 siquidem
841 3305 871 3359 et
891 3296 1049 3376 despoliati
1063 3314 1125 3357 non
1138 3296 1346 3361 ‘inveniemur
1359 3298 1443 3371 nudi,

265 3395 296 3458 id
319 3407 368 3459 est
388 3396 566 3476 recipiemus
588 3396 668 3476 quod
690 3396 847 3477 despoliati
863 3414 984 3470 snmus,
1008 3397 1036 3457 id
1053 3404 1100 3457 est
1115 3415 1234 3477 corpus.
1267 3398 1442 3461 Etruscus:

265 3496 382 3559 Etenim
404 3497 454 3577 qui
477 3515 581 3561 sumus
603 3497 635 3558 in
656 3496 714 3560 isto
736 3497 926 3559 tabernaculo
955 3497 1107 3577 corporis,
1136 3497 1333 3577 ingemimus,
1362 3499 1443 3580 quod

268 3616 423 3677 gravemur
443 3598 581 3659 nolentes
604 3598 687 3671 exui,
711 3598 765 3660 sed
786 3597 971 3678 superindui.
1008 3597 1064 3658 llic
1085 3598 1164 3659 enim
1186 3601 1339 3678 expressit
1360 3600 1441 3681 quod
1463 3640 1469 3649 ·

264 3697 296 3759 in
317 3698 413 3777 prima
436 3697 562 3777 epistula
584 3697 752 3761 ‘suinxitc
787 3699 827 3760 Et
852 3699 963 3760 mortui
991 3707 1148 3778 resurgent
1175 3699 1360 3780 incorrupti,
1393 3701 1442 3782 qni

265 3796 325 3860 iam
347 3798 502 3871 obierunt,
531 3804 562 3858 et
583 3814 639 3861 nos
662 3798 858 3870 mutabimur,
887 3799 937 3878 qni
965 3799 995 3860 in
1017 3817 1105 3879 carue
1127 3799 1290 3862 ⁰luerimns
1311 3800 1443 3881 'depre-

265 3896 373 3961 nonsit
395 3916 411 3959 a
434 3896 501 3960 deo.
543 3897 618 3959 'lEt
639 3898 679 3962 illi
702 3901 782 3962 enim
803 3908 961 3979 resurgent
981 3899 1163 3980 incorrupti,
1186 3910 1307 3982 recepto
1330 3902 1446 3965 scilicet

266 4047 307 4100 88.
326 4048 417 4099 domini
436 4052 473 4100 cd.
514 4048 555 4099 39.
574 4053 761 4102 resuscitaturus
779 4060 817 4102 est
833 4053 900 4104 obed.
919 4053 1058 4103 Gorzienrir.
1093 4055 1281 4105 resuscitotnrns
1298 4054 1322 4105 0.
1357 4070 1444 4106 mur·

266 4124 378 4168 recturus
396 4117 421 4167 r.
473 4116 515 4167 ⁴10.
534 4118 564 4165 ad
582 4119 682 4170 anre.

335 4184 393 4246 Cap.
412 4183 462 4233 xll.
497 4186 531 4235 la
549 4187 641 4234 initium
657 4188 727 4236 boios
745 4188 829 4251 cupitis
847 4190 872 4237 in
890 4189 913 4237 d.
930 4189 957 4236 in
974 4201 1046 4250 mcrp.
1065 4189 1150 4251 legitur
1167 4187 1198 4236 Er
1217 4187 1261 4252 Ep.
1279 4188 1311 4239 ll.
1335 4190 1367 4240 ati
1385 4190 1443 4241 Cor.

268 4250 290 4301 l.
309 4251 384 4300 coelis
403 4253 437 4301 cd.
492 4251 515 4300 2.
534 4254 704 4316 persequentia
723 4271 745 4304 o.
797 4252 821 4303 3.
840 4254 1016 4318 superinduere
1034 4254 1108 4304 Bcab.
1151 4255 1176 4304 4.
1194 4257 1344 4307 inveniamur
1362 4273 1384 4309 c.
1418 4258 1444 4308 b.

266 4319 351 4368 sunsit
368 4319 393 4367 B.
445 4318 468 4368 6.
487 4320 626 4368 lueruntB.
680 4321 702 4369 7.
720 4322 862 4386 reprehensi
882 4322 923 4372 BG.
976 4322 1022 4370 ib.
1042 4322 1074 4370 lrii
1093 4321 1169 4371 atilli
1188 4322 1231 4372 BG.

300 4418 319 4467 t.
346 4414 396 4484 dei]
431 4419 496 4481 Lego
523 4420 734 4479 „circumferimus
761 4421 830 4472 dei.“
913 4422 937 4472 b.
955 4421 979 4471 iu
998 4417 1086 4488 toturn]
1104 4422 1445 4476 Cl.rdnott.adlleCorona

265 4484 327 4537 llam
344 4485 454 4550 improba
473 4487 544 4535 lectio
558 4487 685 4537 llarcionis
702 4498 740 4540 est
755 4504 827 4555 quam
880 4504 932 4553 cap.
947 4490 985 4539 li.

266 4554 345 4602 adlert
363 4553 473 4603 auctor.“
491 4553 653 4614 (inluniae.)
915 4573 934 4606 c.
954 4553 1061 4622 strinxit]
1085 4557 1132 4606 l’ro
1156 4559 1303 4621 perstrinxit,
1334 4557 1384 4608 boe
1407 4566 1447 4611 ut

300 4620 358 4683 Cap.
376 4620 426 4671 xll.
456 4635 478 4669 a.
497 4621 597 4670 Terreni
616 4622 731 4672 domicilii
750 4625 828 4675 nostri
880 4624 958 4674 obiter
975 4625 1094 4684 indicarit,
1122 4623 1158 4672 rel
1182 4624 1265 4683 leriter
1288 4625 1385 4688 adtigit,
1410 4627 1446 4678 uti

267 4710 299 4722 -
316 4686 415 4737 domum
435 4683 570 4753 aeternam]
597 4688 648 4739 lloc
666 4699 703 4740 est
729 4691 828 4742 domum
879 4692 1051 4757 interpretatus
1069 4701 1106 4742 est
1123 4692 1261 4742 Rhenanus.
1432 4704 1444 4717 ·

265 4762 387 4804 odernam
406 4769 452 4820 pro
470 4755 517 4805 boc
534 4757 764 4809 terronodomicilio
783 4774 828 4808 no·
915 4761 938 4808 d.
962 4757 1121 4823 deprehensi]
1148 4759 1212 4809 libri
1237 4766 1330 4809 ueteres
1353 4758 1448 4812 aaran

264 4829 317 4871 stro
335 4823 500 4873 obtenturam.
782 4889 784 4893 ¹
879 4829 1020 4893 reprehensi.
1043 4827 1146 4893 Saepius
1164 4827 1189 4877 in
1205 4826 1450 4893 codicibnt‘seriptis
