3242 5775
222 468 229 478 ’
299 453 363 518 ioh
556 462 660 532 oumrr
681 460 815 506 esum
830 453 1216 506 numerumnunerum

198 585 233 658 ,¹
301 618 322 654 ¹⁴
330 613 532 682 votaubmtt.
564 611 643 692 Erga
665 609 714 673 dei
734 609 814 672 lilius
835 608 868 672 in
890 616 1004 671 tentum
1026 606 1199 669 humilitatis
1223 603 1413 668 exhaustus?
1432 613 1475 680 et,

202 707 205 714 ¹
276 713 518 786 'Siresurrexit
539 713 570 776 in
592 711 759 791 exemplum
787 710 853 789 spei
881 717 1017 782 nostrae,
1051 726 1104 769 cur
1131 707 1204 768 nibil
1233 708 1290 769 tale
1319 707 1357 769 de
1384 706 1475 769 nobis

198 859 201 865 -
241 821 269 832 ''
299 794 459 902 probatum
480 813 549 878 est‘l
580 813 684 876 llerito
700 811 808 873 ethuici
830 810 913 885 talie3
937 809 991 871 sed
1012 809 1119 872 merito
1143 816 1173 870 et
1193 808 1344 870 haeretici.
1379 808 1475 870 Num-

300 894 371 1000 quid
391 918 472 979 enim
495 916 573 978 inter
594 913 790 985 illos.distat,
822 911 881 973 uisi
902 912 981 990 quod
1005 910 1112 972 ethuici
1141 927 1203 972 nou
1233 909 1383 971 credendo
1407 929 1475 971 ore·

160 1018 390 1094 seruandum,
413 1027 442 1080 at
464 1015 605 1077 haeretici
627 1013 775 1076 credendo
792 1030 853 1073 uon
868 1010 1016 1075 madunt?
1043 1011 1160 1090 Legunt
1182 1010 1354 1090 ¹⁵denique:
1377 1012 1476 1072 blino·

300 1120 373 1182 rasti
395 1116 602 1181 eummodico
625 1114 696 1178 citra
718 1113 857 1192 angelos,
890 1121 919 1174 et
947 1119 1056 1191 negant
1082 1111 1254 1172 interiorem
1278 1112 1475 1173 substantiam

145 1234 281 1289 uanus
301 1218 427 1292 Christi,
449 1237 506 1280 nec
527 1215 678 1277 homiuem
700 1233 750 1286 so,
772 1214 826 1275 sed
848 1232 979 1275 vermem
1001 1212 1238 1292 pronuntiantis,
1262 1213 1311 1291 qui
1333 1231 1392 1274 neo
1411 1214 1476 1274 lor·

301 1336 379 1381 mam
395 1317 498 1379 habuit
512 1334 567 1377 neo
581 1315 728 1395 speciem3
750 1313 804 1377 sed
824 1315 919 1375 forma
939 1314 1004 1375 eius
1020 1312 1175 1392 ignobilis,
1199 1312 1383 1392 ¹⁰despeots⁰
1405 1313 1476 1374 eitra

157 1436 407 1489 1c.uu‚a.omnes
435 1418 589 1489 homiues,
622 1415 712 1476 homo
741 1414 772 1475 iu
799 1414 901 1493 plaga,
936 1421 966 1476 et
998 1414 1097 1475 scions
1126 1416 1204 1474 serre
1232 1412 1478 1477 imbecillitatem:

299 1522 472 1599 Agnoscunt
492 1517 643 1579 homiuem
670 1516 727 1577 deo
750 1515 889 1589 mixtum,
923 1524 953 1576 et
979 1524 1088 1593 negant
1114 1515 1276 1575 bominem.
1326 1515 1477 1577 blorhrnm

300 1620 441 1693 creduut,
464 1625 495 1680 et
515 1616 596 1696 quod
617 1623 664 1678 est
685 1625 834 1677 mortuum
857 1634 890 1678 ex
913 1615 1112 1693 incorruptela
1134 1624 1235 1676 samm
1257 1634 1328 1676 esse
1348 1624 1477 1677 couten-

302 1720 391 1794 dunt,
414 1718 499 1799 quasi
521 1716 691 1796 corruptela
712 1715 792 1777 aliud
815 1716 855 1777 sit
876 1725 1013 1778 amorte.
1050 1715 1110 1777 Sed
1125 1724 1156 1777 et
1170 1724 1273 1777 nostra
1287 1734 1358 1777 caro
1375 1717 1476 1778 statim

164 1829 168 1838 '
242 1892 245 1901 ¹
301 1838 460 1899 resurgere
482 1818 616 1881 debebat.
649 1817 803 1897 Exspecta.
841 1817 978 1880 Nondum
1001 1816 1139 1878 inimicos
1162 1835 1235 1878 suos
1259 1817 1398 1880 Christos
1419 1836 1477 1898 op·

180 1959 182 1964 .
300 1921 431 2003 pressit,
453 1928 487 1981 ut
508 1938 575 1981 cum
597 1918 700 1981 amicis
723 1918 760 1979 de
783 1917 911 1980 inimicis
934 1918 1107 1998 triumphet

142 2038 284 2104 'cmm
386 2021 513 2099 Insuper
533 2019 758 2099 argumentandi
779 2018 902 2081 libidine
925 2037 960 2080 ex
982 2022 1076 2081 lorma
1095 2019 1206 2098 ingenii
1221 2017 1363 2081 baeretici
1378 2020 1478 2082 locum

301 2120 360 2186 sibi
382 2121 452 2184 lecit
472 2120 637 2184 Alexander
657 2119 734 2194 ille·,
767 2120 851 2199 quasi
880 2137 937 2182 nos
966 2120 1146 2182 affirmemus
1176 2120 1302 2181 ¹idcireo
1326 2120 1477 2183 Christum

302 2221 414 2286 terrem
437 2240 546 2283 census
568 2220 702 2282 induisse
725 2238 861 2295 caruem,
884 2229 917 2283 ut
937 2229 1092 2283 evacuaret
1114 2220 1162 2281 ²in
1179 2221 1342 2300 semetipso
1358 2240 1478 2283 caruem

302 2322 426 2402 peccati.
464 2318 553 2395 Quod
575 2322 631 2382 etsi
654 2321 837 2395 diceremus,
866 2339 1039 2401 quacunque
1061 2323 1175 2383 rationo
1198 2324 1386 2384 muniremus
1407 2339 1481 2385 sen·

304 2422 426 2485 tentiam
449 2431 597 2494 nostram,
621 2421 691 2482 dum
712 2439 752 2484 ne
768 2430 848 2483 hirta
863 2422 1005 2495 amentia,
1029 2441 1085 2501 qua
1101 2424 1214 2501 {vistavit
1228 2431 1366 2503 unquam
1382 2424 1481 2503 bosam

304 2540 424 2585 carnem
446 2520 554 2583 Christi
577 2519 734 2600 opinemur
761 2531 794 2583 ut
821 2524 1016 2602 peccatricem
1046 2533 1214 2606 evacuatam
1242 2525 1379 2603 inipso,
1409 2543 1480 2588 cnm
1522 2527 1529 2548 ¹

304 2622 383 2685 illam
405 2623 493 2684 etad
514 2620 680 2684 'dexteram
702 2623 795 2702 patris
816 2623 850 2684 in
871 2623 960 2686 ceolis
982 2625 1155 2702 praesidere
1176 2626 1418 2698 meminerimus,
1447 2635 1481 2689 et

184 2722 193 2783 Ῑ
305 2731 457 2785 venturam
483 2700 554 2784 iudo
580 2725 721 2800 suggestu
749 2731 890 2803 pateruae
917 2724 1056 2787 claritatis
1086 2725 1309 2805 praedicemus,
1340 2725 1416 2788 adae
1446 2737 1483 2790 nt

305 2831 472 2886 evacuatam
495 2838 557 2882 non
579 2822 589 2852 ⁴
596 2840 757 2902 possumus
780 2824 895 2901 dicere,
923 2826 963 2888 ita
985 2845 1040 2889 uec
1061 2827 1254 2908 peccatricem
1275 2844 1331 2891 neo
1352 2844 1480 2892 evacua·

305 2931 365 2987 tam
388 2925 418 2984 in
441 2942 497 3002 qua
519 2923 607 2984 dolus
629 2942 690 2986 uou
704 2925 769 2987 luit.
808 2926 1000 2990 Defendimus
1022 2937 1120 2990 autem
1142 2947 1203 2991 noa
1225 2947 1344 2991 carnem
1365 2931 1481 3009 moesti

305 3033 472 3088 exauratam
501 3043 568 3086 essa
596 3025 628 3086 in
649 3025 784 3101 Christo,
818 3028 870 3090 sed
898 3039 1051 3110 peccatum
1076 3031 1194 3101 earnis,
1226 3049 1288 3092 non
1315 3033 1482 3108 materiam,

306 3125 361 3187 sed
387 3134 557 3200 naturam,
574 3144 630 3188 uec
660 3127 874 3202 substantiam,
907 3129 961 3192 sed
988 3131 1120 3210 culpam,
1156 3131 1321 3194 secandum
1349 3134 1480 3213 apostoli

254 3261 257 3269 ,
304 3227 525 3300 auctoritatem,
547 3226 691 3301 dicentis,
714 3227 871 3292 Evacuavit
890 3239 1043 3311 peccatam
1065 3232 1096 3293 iu
1118 3251 1217 3294 carue
1250 3233 1325 3295 Nom
1346 3243 1378 3296 et
1399 3235 1482 3310 alibi,

151 3310 589 3402 aaa.vn1,s.'1n⁶siroitiaudiaa,
612 3329 723 3408 inquit,
752 3330 850 3392 carnis
872 3332 985 3411 peccam
1006 3333 1097 3394 luisse
1118 3333 1285 3408 Christum,
1315 3352 1378 3396 non
1399 3335 1482 3414 qnod

306 3425 530 3488 similitudinem
551 3429 650 3490 carnis
677 3431 840 3510 acceperit,
876 3433 962 3512 quasi
989 3433 1167 3511 imaginemb
1194 3435 1331 3514 corporis
1360 3442 1392 3497 et
1417 3453 1481 3497 non

305 3526 493 3601 'veritatem
516 3529 569 3589 sed
591 3530 815 3594 similitudinem
836 3533 1008 3612 peccatricis
1030 3535 1126 3597 caruis
1148 3535 1209 3597 vult
1230 3535 1481 3617 intellegi31pned

306 3627 371 3706 ipsa
393 3646 454 3688 non
475 3630 622 3706 peccetis
644 3649 714 3692 cero
736 3631 848 3694 Christi
868 3633 950 3696 ⁷eius
973 3635 1029 3697 luit
1049 3645 1103 3714 par
1123 3636 1207 3698 cuius
1230 3645 1293 3698 erat
1313 3645 1482 3716 peccatum,

275 3755 277 3767 ·
307 3744 429 3805 genere,
452 3744 514 3787 uon
536 3728 606 3789 vitio
620 3728 715 3792 ddse:
737 3733 855 3812 quando
877 3735 946 3796 hine
968 3736 1056 3798 etiam
1079 3738 1287 3800 confirmamus
1303 3756 1370 3800 eam
1385 3740 1481 3802 luisse

305 3845 424 3889 carnem
447 3826 477 3887 in
497 3827 616 3890 Christo
640 3831 723 3894 orius
744 3842 849 3896 nanus
871 3843 918 3897 est
939 3834 969 3898 in
991 3836 1113 3900 homine
1134 3838 1298 3919 peccatrix,
1328 3848 1359 3901 et
1382 3839 1428 3903 sic
1448 3841 1479 3903 in

309 3977 347 4028 ll.
365 3976 505 4028 volutabant
522 3980 555 4040 d,
574 3980 638 4031 lbra.
652 3983 756 4035 Cretaeas.
802 3985 842 4037 lb.
860 3987 924 4038 enlm
941 3989 968 4040 B.
1011 3988 1049 4040 lb.
1069 3991 1182 4055 despecta
1200 3990 1276 4044 Dobd.
1310 3991 1406 4043 delecta
1423 3992 1481 4045 sce.

250 4057 254 4066 ²
306 4046 352 4096 dec
373 4046 485 4097 Volsoni.
520 4047 611 4098 deiecta
629 4051 810 4102 hildebrandus.

272 4164 274 4169 ,
373 4111 431 4176 Cap.
450 4113 505 4163 xvt.
532 4114 574 4171 ¹l.
593 4117 683 4167 idcirco
702 4119 824 4172 Christum
849 4122 923 4183 obed„
944 4138 974 4173 ec
991 4125 1058 4175 codd.
1078 4126 1196 4189 Cononeit'.
1238 4096 1361 4176 Christum
1385 4128 1481 4195 rolloni.

305 4177 330 4228 2.
348 4179 372 4228 ia
390 4180 485 4242 seipso
504 4181 545 4232 BC.
605 4183 628 4233 3.
648 4185 754 4236 dextram
774 4188 797 4238 C.
855 4189 881 4240 4.
905 4192 1028 4255 possimos
1053 4193 1189 4244 delemus.
1245 4193 1269 4242 5.
1294 4194 1480 4247 similitudinem

307 4246 342 4297 Co.
362 4248 407 4296 duo
429 4248 540 4300 Vaticani.
592 4250 616 4301 d.
633 4253 739 4303 veritatis
759 4252 801 4306 Ch.
854 4254 878 4307 l.
897 4270 942 4322 par
960 4260 1011 4310 cios
1031 4261 1098 4310 cuius
1115 4260 1160 4312 BC.

339 4377 363 4427 b.
382 4379 447 4429 'satta
466 4389 490 4430 et
507 4384 595 4434 ethnici
611 4383 770 4453 volutabant]
788 4391 865 4451 saga-
916 4390 968 4442 lnd.
993 4405 1045 4457 cap.
1061 4395 1101 4445 ld.
1137 4394 1191 4445 hdr.
1215 4393 1288 4448 ttarc
1306 4393 1350 4459 lll,
1364 4394 1404 4448 17.
1429 4394 1481 4459 (vr.

306 4453 384 4496 meula
403 4447 483 4511 aliqua
507 4452 656 4503 ethnicorum
683 4463 766 4505 contra
784 4458 865 4507 incar·
915 4458 1017 4519 lanios.)

305 4515 863 4586 ustionemcomplexosecthactautioslll,22
950 4527 1008 4590 Cap.
1033 4529 1089 4578 xvt.
1132 4545 1152 4579 s.
1181 4529 1314 4580 Alexander
1343 4527 1398 4597 ille]
1426 4532 1483 4583 Non

303 4580 347 4644 (La
366 4581 463 4641 Cerdo.)
914 4602 1010 4644 constat
1027 4595 1058 4644 de
1076 4612 1114 4647 eo.

340 4664 360 4698 e.
385 4646 510 4715 despecta]
541 4652 687 4715 deficientem
711 4658 781 4708 vertit
806 4658 863 4709 hdr.
939 4660 1483 4732 b.quaestuariam]transmeastis.
