3242 5775
307 615 371 678 250
567 629 668 681 omurr
690 627 823 673 suornm
844 625 1010 669 recasurus
1030 623 1228 669 rsuromum

308 779 431 844 secutis.
473 778 547 840 Nam
569 785 600 840 et
621 778 709 850 illud,
737 785 880 856 quantum
902 776 937 837 ad
961 775 1127 854 scripturae
1147 773 1353 861 superficiem,
1383 773 1484 838 subito

307 881 494 964 propositum
517 887 578 952 est,
602 891 743 958 quantum
766 879 802 939 ad
826 878 1020 938 intentionem
1036 894 1162 949 seusus,
1185 884 1215 937 et
1229 875 1329 955 ipsum
1343 875 1487 938 cohaeret

309 981 452 1046 mentioni
474 981 594 1042 loannis
618 981 692 1041 male
715 980 828 1040 tractui
852 987 882 1040 et
895 977 1069 1056 ²³suggillati
1084 977 1241 1039 ”Herodis
1263 977 1340 1039 male
1361 975 1485 1039 ”mari-

253 1127 261 1142 .
308 1083 389 1156 uuir,
413 1081 567 1161 utriusque
589 1081 698 1142 exitum
722 1081 908 1151 deformans,
932 1079 1060 1141 llerodis
1083 1087 1228 1140 tormenta
1245 1086 1274 1140 et
1289 1078 1413 1139 loannis
1434 1097 1487 1140 rc·
1527 1125 1529 1136 .

308 1184 444 1264 frigeria‚
466 1191 499 1244 ut
519 1181 576 1242 iam
600 1183 716 1243 audiret
731 1181 881 1253 llerodcs,
904 1180 1020 1242 Habent
1040 1179 1101 1242 illic
1115 1181 1235 1259 Moysen
1257 1187 1288 1240 et
1308 1180 1486 1258 prophetae,
1520 1221 1524 1228 -

309 1286 376 1349 illos
399 1285 528 1346 audiant
572 1282 630 1356 Sed
653 1283 783 1343 Marcion
806 1283 946 1343 aliorsum
970 1282 1064 1359 cogit,
1097 1281 1210 1342 scilicet
1241 1289 1273 1342 ut
1300 1279 1488 1359 ”unamque
1524 1345 1527 1350 ,

309 1385 475 1449 mercedem
498 1383 641 1444 creatoris
664 1384 727 1443 sive
749 1383 891 1444 tormenti
913 1384 976 1443 sire
999 1382 1143 1459 refrigerii
1165 1381 1241 1461 apud
1264 1381 1380 1442 inferos
1401 1380 1487 1441 ¹'do-
1524 1429 1529 1471 ;

309 1487 447 1549 terminet
471 1485 515 1545 eis
537 1484 665 1563 positam
688 1484 738 1562 qui
760 1484 821 1561 legi
834 1493 863 1544 et
876 1484 1031 1563 prophetis
1047 1483 1260 1556 ²‘obedierint‚
1283 1481 1397 1542 Christi
1415 1499 1489 1544 vero

310 1599 341 1650 et
361 1588 408 1648 dei
432 1586 478 1647 sui
501 1584 656 1646 caelestem
679 1584 827 1645 ”definiat
857 1585 955 1646 sinum
984 1594 1013 1645 et
1040 1593 1169 1663 portum.
1223 1581 1490 1662 Respondebimus
1522 1641 1529 1674 e

309 1688 374 1749 ³⁰ad
397 1689 483 1758 liaeo,
507 1686 571 1764 ipsa
594 1685 740 1763 scriptura
762 1686 932 1746 revincente
954 1685 1058 1747 oculos
1080 1686 1163 1758 eius,
1195 1702 1271 1764 quae
1292 1683 1359 1745 ⁸¹ab
1382 1683 1491 1748 inferit
1528 1743 1529 1748 ,

310 1789 452 1851 discernit
472 1787 605 1847 Abrahae
628 1786 725 1846 sinum
748 1785 881 1866 pauperi.
914 1786 999 1848 ntiud
1022 1786 1218 1859 eniminferi,
1242 1794 1274 1847 ut
1294 1793 1385 1864 puto,
1408 1783 1490 1848 aliutl
1517 1843 1529 1866 ,

310 1908 427 1970 quoque
448 1888 582 1949 Abrabae
604 1888 700 1948 sinus.
743 1886 817 1948 Nam
840 1896 870 1947 et
883 1905 1026 1966 magnum
1054 1886 1094 1948 uit
1114 1887 1326 1948 ”intercedere
1347 1886 1490 1966 regiones

310 1992 383 2053 istas
406 1987 607 2069 profunduml
629 1997 659 2049 et
683 1987 839 2049 transitum
861 1987 1030 2067 ³³utrinque
1052 1988 1221 2067 probibere.
1261 1987 1320 2048 Sed
1343 1987 1489 2050 oecalic-

311 2103 411 2153 rasset
432 2091 515 2150 dives
538 2088 658 2160 oculos,
681 2089 851 2167 etquidem
874 2090 911 2150 de
925 2090 1105 2168 longinquo,
1129 2089 1189 2152 nisi
1211 2088 1241 2149 in
1265 2089 1436 2168 superiora,
1457 2093 1491 2154 n

311 2194 347 2254 de
369 2191 533 2253 altitudinis
555 2191 715 2268 longinquo
736 2209 791 2269 per
814 2191 988 2251 immensam
1011 2190 1089 2251 illam
1111 2189 1280 2251 distantiam
1297 2188 1489 2252 sublimitatis

311 2304 340 2356 et
354 2292 574 2374 profunditatis.
606 2291 689 2352 Unde
710 2299 831 2370 apparet
853 2292 979 2371 sapienti
995 2292 1112 2370 cuique,
1134 2291 1183 2369 qui
1200 2292 1358 2370 aliquando
1371 2290 1487 2372 Etyeior
1524 2331 1529 2362 Ξ

312 2395 453 2466 audierit,
477 2412 546 2454 esse
568 2391 693 2470 aliquam
715 2391 838 2454 localem
854 2393 1127 2453 determinationem
1143 2411 1218 2471 quae
1240 2394 1324 2452 sinus
1347 2392 1427 2454 dicta
1447 2391 1529 2468 sik

312 2496 446 2557 hhrahoe
468 2494 503 2555 ad
527 2493 710 2572 recipiendas
733 2494 847 2554 animos
870 2494 998 2555 liliorum
1021 2495 1101 2567 eius,
1135 2494 1223 2555 etiam
1247 2512 1282 2553 ex
1304 2492 1529 2576 nabonibuegg

312 2597 406 2676 patris
429 2593 540 2654 scilicet
569 2594 725 2653 multarum
757 2594 910 2674 notionum
939 2594 969 2655 in
990 2595 1123 2655 Abrahae
1150 2613 1274 2655 censum
1301 2579 1529 2673 deputandi-1²

313 2715 395 2768 rulo,
429 2704 459 2753 et
486 2712 522 2753 ex
551 2693 653 2753 eadem
681 2693 738 2752 lide
767 2712 824 2771 qua
847 2703 877 2752 et
897 2693 1043 2755 Abrabam
1066 2696 1122 2755 deo
1146 2693 1288 2765 credidit,
1325 2694 1407 2755 nullo
1429 2693 1529 2768 suh

313 2797 381 2873 iugo
402 2794 477 2871 logis
501 2811 555 2853 nec
576 2792 607 2852 iu
630 2792 715 2870 signo
739 2792 985 2854 circumcisionis.
1018 2793 1090 2854 Eam
1106 2795 1204 2873 itaque
1220 2795 1371 2874 regionem
1386 2793 1529 2870 sinum*

313 2897 379 2958 dico
412 2894 561 2966 Abrahae,
595 2893 679 2954 8⁴etsi
712 2911 773 2953 non
806 2894 980 2967 caelestem,
1014 2894 1218 2958 sublimiorem
1246 2906 1344 2958 minen
1370 2894 1529 2981 inferi-i

313 2996 432 3058 interim
455 2993 642 3072 refrigerium
664 2994 864 3073 praebituram
879 2995 1032 3056 animabus
1047 2997 1209 3069 iustorum,
1233 2997 1329 3058 donec
1343 3014 1529 3063 consum-u

314 3096 404 3157 matio
428 3113 527 3155 rerum
551 3097 802 3157 resurrectionem
825 3097 956 3167 omnium
971 3096 1154 3176 plenitudine
1169 3098 1315 3159 mercedis
1330 3108 1529 3177 expungo·

314 3207 384 3258 tunc
406 3198 574 3275 apparitura
597 3195 715 3257 caelesti
737 3196 956 3275 promissione,
978 3215 1065 3275 quam
1080 3198 1211 3259 Marcion
1233 3197 1337 3260 ⁸‘lsuo
1359 3194 1529 3263 8’νίιιιὶἰᾷ

188 3354 196 3361 .
315 3306 375 3366 cat.
399 3296 484 3376 quasi
506 3315 566 3357 nen
590 3316 605 3356 a
628 3305 760 3357 creatore
782 3298 1007 3376 promulgatam.
1043 3298 1086 3357 nd
1109 3317 1196 3377 quam
1219 3317 1376 3360 ascensum
1396 3306 1529 3361 suuffl

162 3399 453 3474 tmostx‚o.(2hristus
476 3397 659 3458 aedificatio
682 3397 810 3471 caelum,
840 3397 1001 3459 secundum
1023 3397 1159 3472 ³luimus,
1195 3400 1296 3478 utique
1322 3399 1400 3471 suis,
1430 3394 1529 3459 uh

174 3491 362 3593 ¹¹{1⁰13p1pest
383 3509 413 3562 et
434 3501 516 3562 locus
538 3508 694 3572 aeternus,
718 3499 754 3559 de
777 3518 836 3578 quo
851 3499 972 3560 Esaias:
996 3498 1070 3571 Quis
1086 3499 1273 3561 annuntiabit
1289 3499 1372 3561 robis
1386 3499 1529 3575 lom*

314 3612 482 3672 aeternum,
513 3601 570 3661 nisi
592 3600 703 3661 scilicet
725 3598 859 3660 Christus
882 3600 1022 3661 incedens
1046 3600 1226 3673 iniustitia,
1255 3601 1379 3680 loqueos
1409 3598 1442 3661 ri

314 3709 440 3774 rectam,
471 3700 540 3761 odio
562 3700 674 3762 habens
695 3699 870 3760 iniustitiam
898 3709 929 3762 et
944 3700 1163 3780 iniquitatem?
1205 3701 1322 3775 Quodsi
1348 3709 1471 3765 aetem

315 3885 356 3935 23.
375 3885 511 3946 srrggillutoi
531 3887 554 3933 d.
615 3884 868 3935 retrocedens.
926 3885 967 3935 25.
987 3886 1089 3935 mortrui
1113 3889 1278 3952 ademere..
1304 3904 1334 3939 es
1355 3880 1529 3941 maisel*

314 3954 424 4004 bireuoni.
461 3953 562 4001 mertini
583 3953 683 4002 bdobed.
721 3954 808 4002 inritati
828 3955 966 4004 fulcoius.
1015 3952 1056 4003 26.
1075 3961 1100 4002 ot
1118 3962 1245 4018 utramque
1265 3956 1319 4006 Cob.
1353 3964 1377 4007 et
1393 3944 1529 4005 uim*

315 4034 362 4083 que
381 4020 405 4068 B.
447 4023 626 4083 utromqoecd.
679 4019 720 4068 2¹1.
739 4021 882 4070 determinet
900 4021 941 4071 tt.
1001 4020 1042 4070 28.
1060 4021 1204 4071 obedierunt
1222 4023 1246 4073 B.
1304 4010 1529 4075 tit.oetm-.¹'l

317 4087 357 4135 ³0.
377 4086 406 4135 ud
426 4086 551 4149 haecego.
588 4096 610 4135 et
629 4088 749 4137 haecflf.
786 4096 809 4137 et
828 4089 956 4138 liueobed.
1009 4087 1050 4137 31.
1068 4090 1098 4137 ab
1117 4090 1201 4139 inferis
1219 4091 1255 4140 od.
1290 4092 1319 4140 cd
1340 4092 1439 4141 inferos
1477 4084 1529 4137 ἦ,

316 4157 384 4217 liqui.
441 4153 481 4201 32.
503 4155 644 4203 intercidere
664 4156 688 4204 b'.
724 4156 806 4205 Probet
824 4152 963 4205 fulcoius.
1005 4156 1129 4205 intrrrdere
1146 4157 1173 4206 B.
1232 4156 1272 4206 33.
1297 4166 1423 4223 utrumque
1469 4138 1529 4207 ι

317 4220 357 4269 ut.
376 4229 399 4270 et
418 4235 464 4269 non
484 4222 525 4271 lid.
577 4221 639 4271 (lib.
659 4236 703 4271 suo
723 4222 819 4271 Christo
843 4224 946 4272 vindieat
960 4223 1018 4273 Pete.
1033 4224 1176 4274 ciacconius.
1229 4224 1270 4274 35.
1287 4226 1396 4276 rendtcat
1411 4208 1529 4275 30!

317 4288 344 4338 Et
361 4290 395 4337 ito
412 4291 504 4352 ubique.
556 4288 597 4338 ³6.
616 4290 678 4339 Osee
694 4291 769 4339 ucat.
1465 4304 1472 4311 ·

350 4437 372 4485 g.
398 4423 460 4471 male
485 4419 600 4487 morituti]
626 4425 658 4474 lta
683 4437 736 4473 coro
760 4423 875 4473 lihenaoo
961 4424 984 4473 b.
1003 4420 1162 4490 profondum]
1180 4417 1372 4491 xdopa‚qu0u
1389 4422 1443 4477 etti
1496 4392 1529 4451 d

317 4493 438 4550 corrigere
456 4505 526 4553 quem
546 4492 653 4552 vulgatae
665 4488 877 4548 ..matemettutw
925 4492 1189 4555 xerechaos.(liigolt.l
1214 4493 1379 4557 lofrecap.bb
1396 4506 1444 4557 „p

209 4609 215 4622 ,
316 4559 470 4622 scquieseere
489 4557 571 4607 maloi.
609 4559 732 4622 Nusquam
756 4561 877 4621 reperitur
926 4560 1037 4621 cipitatos
1054 4568 1120 4608 esset
1138 4559 1340 4625 inprofbndum.“
1356 4532 1529 4627 ΜΨ.

316 4625 441 4687 deponens
459 4626 556 4688 aliquod
574 4628 686 4685 merituri,
706 4633 788 4674 contre
804 4627 877 4675 mori-
927 4640 979 4689 cop.
990 4624 1023 4675 24
1041 4628 1206 4685 „inenatabile
1224 4628 1331 4678 excossis
1347 4598 1529 4695 μυῖα,

316 4701 377 4742 totus
404 4693 502 4754 saepius
527 4682 701 4754 reperire⁸est
727 4694 751 4740 ic
778 4693 875 4756 scriptis
926 4696 989 4742 ccv·
1031 4694 1063 4743 lix
1089 4696 1189 4745 lureuco
1213 4696 1323 4760 exemplu
1348 4662 1529 4762 snppee·

316 4760 465 4809 Tertulliani.
501 4759 526 4807 l'.
544 4760 636 4809 aduott.
654 4760 683 4809 ad
701 4760 736 4809 be
754 4760 875 4822 iirgte·
926 4760 1012 4810 doctos
1047 4762 1171 4825 spicilegii
1203 4764 1370 4814 Solesmeusis
1408 4734 1529 4815 δι’

316 4827 382 4878 land.
401 4826 489 4891 cupii.
926 4841 950 4892 p.
962 4826 1020 4878 243.
1039 4842 1064 4877 u.
1074 4828 1099 4880 ³.
1269 4862 1275 4871 ·
