3242 5775
320 641 383 710 084
572 654 675 708 onmrr
695 631 826 702 suornm
847 655 1009 700 rnossarrs
1031 629 1227 701 rrnro'uuum

167 808 450 882 ¹⁰·¹.²t·tt·¹⁸l³ster,
472 804 521 886 qui
542 805 637 868 maior
657 814 704 869 est
717 805 872 881 omnibus,
894 806 966 869 mibi
981 806 1076 881 dedit3
1097 813 1141 882 et,
1162 808 1226 887 Ego
1246 814 1277 869 ct
1289 816 1376 889 poter
1389 826 1476 871 unum

318 927 432 974 sumus.
465 906 522 968 Hic
542 925 611 986 ergo
634 906 691 969 ism
713 908 834 987 madum
856 906 959 970 volunt
979 908 1068 988 figere
1090 907 1183 982 stulti,
1205 908 1296 970 irnmo
1314 910 1407 986 caeci,
1430 911 1475 991 qui

318 1028 380 1074 non
401 1008 531 1080 rideant,
558 1009 670 1088 primo,
698 1007 760 1088 Ego
783 1014 814 1070 et
833 1015 932 1088 pater,
964 1009 1090 1072 duorum
1121 1029 1190 1072 esse
1217 1011 1476 1090 significationem

318 1111 425 1175 debinc
450 1109 481 1172 in
508 1109 688 1182 novissimo,
716 1109 840 1184 Sumus,
874 1127 935 1172 non
956 1128 990 1172 ex
1012 1109 1100 1173 unius
1128 1130 1197 1174 esse
1217 1130 1366 1192 persona,
1400 1114 1476 1194 quod

266 1279 270 1285 ,
317 1212 470 1296 pluraliter
491 1211 599 1274 dictum
620 1219 684 1284 est,
712 1218 791 1285 tum,
813 1211 891 1289 quod
912 1203 1009 1274 Unum
1032 1230 1152 1287 sumus,
1175 1231 1235 1274 non
1256 1214 1339 1277 Unus
1365 1234 1475 1280 sumus.

316 1314 349 1379 Si
370 1314 448 1377 enim
469 1312 609 1386 dixisset,
632 1310 741 1373 ¹⁹Unus
764 1329 883 1385 sumus,
905 1312 1053 1391 potuisset
1066 1314 1202 1376 adiuvare
1216 1317 1396 1378 sententiam
1411 1317 1474 1379 illo·

317 1435 394 1480 rum.
430 1415 512 1476 Unus
534 1413 613 1475 enim
634 1412 789 1492 singularis
810 1413 926 1476 numeri
948 1413 1120 1493 significatio
1143 1415 1272 1491 videtum
1289 1385 1393 1480 ¹'adhuc
1414 1438 1473 1481 cnm

318 1518 377 1582 dno
400 1514 552 1578 masculini
573 1514 702 1595 generis.
744 1514 842 1576 Unum
863 1514 933 1577 dicit
953 1516 1078 1577 neutrali
1098 1516 1200 1590 verbo,
1221 1517 1301 1596 quod
1322 1538 1385 1581 non
1409 1540 1474 1601 per·

317 1613 447 1682 tinet‘sd
469 1615 709 1695 singularitatem,
731 1615 784 1677 sed
806 1615 842 1677 ad
864 1615 1015 1688 unitatem,
1038 1617 1073 1677 ad
1096 1616 1326 1693 similitudinem,
1349 1622 1388 1681 ad
1405 1640 1473 1683 enn-

317 1720 515 1791 iunctionem,
543 1716 579 1780 ad
601 1716 786 1780 dilectionem
809 1716 920 1796 patris,
948 1718 999 1797 qui
1019 1717 1111 1778 lilium
1133 1717 1240 1800 diligit,
1273 1731 1302 1782 et
1323 1720 1360 1783 sd
1386 1722 1473 1785 obse·

316 1821 417 1903 quium
437 1819 506 1894 filii„
528 1817 578 1899 qui
599 1817 740 1879 volunteti
760 1799 854 1897 patris
877 1817 1057 1897 obsequitur.
1101 1819 1196 1882 Unum
1220 1839 1338 1895 sumus,
1362 1823 1473 1900 dicens,

317 1940 372 2003 ego
394 1929 424 1984 ct
443 1929 543 2001 pater,
565 1918 695 1981 ostendit
716 1919 792 1981 duos
807 1937 890 1992 esse,
913 1938 987 1999 quos
1002 1928 1107 1999 aequat
1120 1929 1150 1982 et
1165 1920 1266 2001 iungit.
1298 1924 1382 1985 Adeo
1399 1926 1475 1988 addit

205 2041 305 2096 reuss.
320 2023 406 2086 etism
433 2022 523 2083 multa
551 2039 584 2083 se
611 2031 701 2099 opera
729 2039 745 2082 a
772 2028 856 2099 patre
883 2021 1066 2094 ostendisse,
1100 2040 1225 2101 quorum
1253 2024 1326 2086 nibil
1352 2024 1475 2106 lapidari

204 2119 305 2197 re'xss
318 2132 492 2188 mereretur.
525 2122 561 2183 Et
581 2140 619 2185 ne
640 2130 777 2202 putarent
797 2120 865 2183 ideo
886 2140 920 2183 se
941 2120 1021 2183 illum
1042 2122 1171 2203 lapidare
1193 2124 1316 2199 debere,
1339 2128 1475 2207 quasise

317 2226 404 2290 deum
424 2225 539 2305 ipsum,
561 2222 591 2285 id
614 2232 660 2285 est
679 2231 808 2304 patrem,
831 2222 974 2284 voluisset
994 2222 1137 2302 intellegi,
1165 2224 1233 2303 quia
1254 2227 1386 2301 dixerat,
1417 2229 1474 2309 Ego

124 2404 126 2410 y
318 2338 348 2393 et
367 2336 450 2409 pater
472 2343 561 2387 unum
584 2342 701 2395 snmus,
734 2343 791 2404 qus
812 2324 903 2386 lilium
931 2324 976 2386 dei
1005 2325 1091 2386 deum
1119 2327 1294 2401 ostendens,
1332 2347 1395 2390 non
1421 2349 1474 2410 qua

166 2430 417 2511 termimum
439 2428 540 2501 deum,
563 2426 596 2488 Si
616 2426 646 2487 in
667 2425 748 2505 lege,
776 2424 888 2506 inquit,
917 2426 1059 2508 scriptum
1081 2434 1141 2499 est,
1169 2427 1231 2506 Ego
1253 2428 1329 2502 diri,
1359 2448 1416 2493 ros
1437 2431 1474 2493 dii

317 2531 406 2604 estis,
438 2538 468 2591 et
494 2546 556 2589 nou
582 2535 683 2608 potest
714 2526 788 2589 solvi
815 2526 975 2607 scriptura,
1008 2545 1095 2607 quem
1123 2535 1207 2607 pater
1235 2530 1428 2593 sanctificarit
1448 2540 1475 2593 et

212 2687 214 2692 .
317 2631 397 2693 misit
423 2630 453 2691 in
480 2629 638 2702 mundum,
670 2647 723 2689 ros
750 2646 817 2689 enm
846 2627 1048 2708 blasphemare
1075 2628 1188 2702 dicitis,
1224 2630 1292 2708 quia
1325 2630 1473 2706 ”dixerat

316 2731 407 2796 Filius
429 2730 477 2792 dei
499 2727 589 2791 sumi
625 2729 658 2792 Si
679 2746 739 2792 non
760 2728 834 2790 lacio
853 2747 946 2810 opera
967 2727 1060 2808 patris
1081 2730 1155 2804 mei,
1178 2731 1269 2792 nolite
1290 2732 1428 2808 credere;
1449 2733 1474 2794 si

316 2851 386 2896 rero
407 2831 482 2894 lacio
504 2830 627 2893 etmihi
648 2830 768 2893 credero
789 2848 851 2892 non
872 2829 975 2905 vultis,
997 2830 1042 2893 vel
1055 2840 1177 2912 propter
1192 2850 1282 2914 opera
1297 2833 1425 2909 credite;
1447 2843 1475 2898 et

316 2934 439 3009 scitote,
466 2932 545 3012 quod
566 2950 621 3011 ego
643 2932 674 2993 in
694 2939 777 3012 petre
798 2932 872 3006 sim,
900 2941 930 2994 et
949 2942 1034 3013 pater
1054 2933 1163 2996 inme.
1212 2933 1270 2995 Per
1292 2953 1382 3015 opera
1405 2954 1473 3015 ergo

283 3099 285 3103 ,
316 3035 400 3098 ¹¹erit
420 3041 504 3115 pater
524 3034 555 3096 in
576 3032 654 3107 filio,
677 3041 706 3094 et
726 3031 803 3094 lilius
825 3033 856 3094 in
877 3040 976 3113 patre;
999 3042 1029 3112 ct
1047 3034 1087 3096 ite
1105 3052 1159 3114 per
1174 3053 1261 3115 opera
1278 3036 1473 3116 intellegimus

317 3155 407 3200 unum
428 3154 496 3198 esse
516 3133 669 3215 ”patrem
720 3133 800 3196 Adeo
829 3141 922 3196 totum
949 3136 1008 3197 hoo
1032 3136 1239 3218 perseverabat
1259 3136 1415 3214 inducere,
1443 3147 1474 3200 ut

317 3239 376 3302 duo
397 3247 495 3300 temen
516 3236 707 3299 crederentur
726 3235 757 3297 in
779 3254 837 3298 una
857 3236 978 3310 virtute,
1007 3237 1074 3317 quia
1101 3237 1184 3299 aliter
1211 3238 1288 3301 lilius
1310 3239 1390 3300 credi
1413 3257 1474 3301 non

259 3380 263 3389 ·
316 3350 419 3421 posset
438 3339 497 3401 nisi
518 3337 577 3400 duo
599 3337 797 3399 crederentur.

165 3466 307 3526 mgnum
405 3441 478 3504 Post
497 3440 570 3502 haec
590 3448 687 3501 sutem
710 3439 837 3502 ¹blartba
864 3438 956 3501 lilium
986 3439 1033 3500 dei
1055 3457 1121 3501 cum
1143 3440 1279 3501 contessa
1298 3458 1358 3502 non
1378 3441 1475 3520 magis

189 3528 301 3627 ’θῇξξῑξῗ
316 3544 424 3607 arrsvit
444 3560 530 3622 quam
545 3541 650 3603 Petrus
672 3549 701 3602 et
714 3540 889 3616 Nathaneel;
911 3534 1083 3622 quamquam
1105 3548 1135 3603 et
1157 3541 1182 3601 si
1205 3550 1350 3615 errasset,
1373 3543 1473 3604 statim

216 3633 296 3686 “¹⁹¹⁶
318 3644 477 3708 didicisset.
518 3641 594 3713 Ecce
622 3641 699 3703 enim
726 3642 761 3703 ad
790 3641 991 3704 suscitandum
1017 3643 1137 3704 fratrem
1167 3641 1228 3703 cius
1251 3643 1414 3706 amortuis
1437 3643 1473 3706 ad

167 3745 429 3825 renunculum
456 3753 487 3806 et
513 3744 549 3804 ad
575 3752 688 3824 patrem
715 3742 852 3805 dominns
881 3744 1064 3823 suspiciens,
1094 3743 1196 3818 Pater,
1229 3743 1339 3821 inquit,
1373 3745 1473 3824 utique

316 3847 410 3919 lilius,
432 3843 540 3924 gratias
562 3861 616 3921 ago
639 3843 708 3917 tibi,
730 3845 884 3924 guodme
907 3862 1026 3925 semper
1047 3844 1199 3906 exaudias:
1231 3844 1371 3924 ²propter
1399 3846 1471 3907 istes

317 3945 416 4010 turbas
438 3944 659 4007 circumstantes
680 3945 755 4019 dixi,
778 3954 808 4008 ut
830 3945 950 4007 credant
970 3945 1065 4027 ³quod
1087 3954 1119 4007 tu
1134 3965 1181 4006 me
1197 3945 1324 4007 miseris.
1362 3947 1421 4009 Sed
1443 3956 1473 4008 et

165 4047 350 4127 10,ffl,n.q.in
370 4045 591 4108 conturbatione
612 4041 799 4136 animae:'Et
820 4046 890 4126 quid
911 4043 1027 4107 dicam?
1048 4055 1145 4126 pater,
1167 4047 1278 4108 snlrnm
1300 4065 1347 4108 me
1370 4048 1415 4109 lac
1436 4048 1472 4109 de

316 4149 371 4209 ista
393 4148 479 4208 hora:
502 4146 600 4226 atquin
622 4158 743 4229 propter
764 4148 822 4210 boc
843 4147 908 4210 veni
929 4148 960 4209 in
982 4149 1067 4210 istam
1089 4149 1209 4223 horam,
1237 4166 1354 4223 rerum,
1378 4157 1470 4228 pater,

203 4249 443 4330 ,gaderites
465 4267 573 4311 nomen
594 4256 692 4325 tuum3
723 4249 753 4310 in
781 4268 840 4328 quc
869 4257 931 4311 erat
957 4249 1060 4313 ‘lilius
1103 4249 1182 4328 Ego,
1211 4248 1321 4328 inquit,
1352 4251 1419 4311 veni
1441 4251 1471 4311 in

317 4468 356 4520 ts,
374 4470 442 4519 Peter
459 4470 538 4526 (Pater
556 4476 594 4519 est
609 4470 635 4519 A.
653 4470 736 4527 leid),
754 4469 793 4533 qni
812 4469 889 4519 maior
906 4477 943 4519 est
961 4470 1081 4530 omnibus,
1100 4470 1155 4519 mibi
1175 4469 1240 4519 dedit
1257 4470 1331 4526 (dedit
1350 4471 1406 4519 mibi
1428 4471 1470 4520 t'o·

315 4540 395 4593 ticoait
412 4540 437 4588 Α.
457 4538 529 4598 leid,
549 4544 569 4587 et
587 4545 632 4587 tres
652 4538 760 4587 Voticoo'n
795 4536 866 4587 Peter
882 4538 945 4587 enim
962 4539 1025 4601 qood
1045 4539 1102 4588 mibi
1120 4539 1192 4597 dedit,
1211 4540 1287 4586 maius
1305 4546 1342 4587 est
1359 4538 1470 4588 omnibns

224 4616 227 4623 ’
315 4607 398 4656 dated.
453 4604 490 4654 19.
511 4620 571 4654 unos
590 4619 671 4654 snmus
690 4607 712 4654 tl.
754 4604 818 4669 qnod
841 4619 903 4655 nnus
928 4606 1196 4657 sussuranensis.
1253 4604 1294 4654 20.
1313 4606 1359 4654 diri
1378 4608 1422 4665 cd„
1442 4607 1469 4655 de

315 4677 409 4725 coniect.
427 4674 527 4723 Pomelii.
562 4673 644 4722 dixerit
665 4673 798 4723 Fulcinius.
849 4671 889 4722 21.
909 4680 961 4723 erat
978 4674 1009 4736 d.,
1029 4689 1079 4724 cum
1095 4675 1175 4725 Fulvio
1187 4673 1277 4723 Ursino.
1318 4671 1358 4722 22.
1378 4683 1468 4738 patrem

314 4751 338 4792 et
355 4742 429 4790 dlinm
448 4742 480 4800 d,
499 4757 549 4791 cum
566 4740 644 4790 Fulrio
663 4741 752 4791 llrsioo.

382 4810 439 4873 Cep.
458 4806 537 4858 xxttt.
574 4806 596 4857 1.
614 4807 702 4857 llsrtbs
720 4811 756 4859 sd.
791 4808 862 4861 blatis
879 4808 971 4875 religni,
991 4815 1011 4860 et
1028 4810 1092 4863 test
1137 4806 1162 4860 2.
1179 4809 1222 4859 sed
1240 4817 1340 4875 propter
1358 4810 1470 4859 Latinius.

315 4874 338 4926 3.
357 4878 412 4942 qnia
430 4886 454 4927 to
470 4879 496 4928 Λ.
514 4876 578 4926 leid.
629 4874 653 4925 l.
672 4883 696 4925 et
710 4876 773 4927 lilios
791 4879 815 4928 d.
