3242 5775
324 625 387 689 542
582 636 684 687 ouill'll
706 634 839 679 sttrrttttt
860 634 1025 677 rtosttttrts
1048 632 1245 676 l'lillwbbllill

210 788 291 883 xsspffp
326 791 455 853 Mutatur
477 786 609 866 ¹⁸postea
640 793 669 846 et
697 784 786 845 lacies
816 783 948 844 eiusdem
977 782 1226 862 incontemplabili
1255 782 1391 844 claritate.
1426 776 1469 839 Sed

221 869 300 933 Μ’
326 890 470 967 ''blo-yses
493 896 556 947 erat
578 885 730 965 ¹⁸proinde
752 884 801 964 qui
826 903 885 944 non
909 882 1072 944 videbatur.
1127 882 1178 944 Sic
1199 894 1229 944 et
1250 882 1413 961 Stephanus
1430 896 1469 939 an·

198 991 313 1082 teappph
328 990 452 1069 gelicum
474 988 532 1048 iam
561 986 708 1064 fastigium
738 985 891 1057 induerat,
923 983 976 1044 sed
1004 1001 1065 1043 non
1094 982 1148 1044 alia
1178 1001 1273 1061 genna
1302 977 1469 1062 ¹⁹lapidationi

174 1042 523 1194 {thggtffip‘succiderant
567 1086 711 1148 Dominus
735 1104 854 1165 quoque
876 1084 905 1144 in
929 1102 1050 1145 secessu
1082 1084 1193 1145 montis
1215 1084 1304 1144 etiam
1325 1082 1471 1144 vestimenta

230 1173 237 1193 ’
306 1169 390 1253 'luce
417 1197 594 1261 mutaverat,
627 1187 680 1249 sed
702 1187 873 1248 liniamenta
895 1184 984 1245 Petro
1013 1184 1205 1262 agnoscibilia
1233 1193 1411 1257 servaveram
1435 1178 1470 1243 abi

325 1291 412 1353 etiam
435 1288 582 1368 ”Moyses
605 1296 635 1348 et
656 1287 773 1360 Helias,
797 1287 870 1347 alter
890 1287 922 1346 in
943 1285 1069 1364 imagine
1092 1285 1188 1346 carnis
1204 1286 1337 1348 nondam
1354 1291 1470 1364 receptae,

326 1391 401 1453 alter
432 1389 463 1450 in
494 1388 617 1450 veritate
649 1387 781 1448 nondum
811 1388 980 1459 defunctae,
1013 1386 1137 1447 eandem
1172 1395 1269 1448 tamen
1298 1384 1470 1448 habitudinem

325 1490 461 1570 corporis
484 1489 571 1550 etiam
594 1488 623 1548 in
646 1488 737 1567 gloria
759 1506 953 1567 perseverare
975 1487 1149 1548 docuerunt.
1204 1487 1247 1548 [le
1276 1506 1336 1567 quo
1365 1483 1471 1563 exemplo

176 1606 312 1662 ruttmnt.
327 1594 491 1655 instructus
515 1589 683 1661 etPaulus‚
708 1589 765 1662 Qui
787 1587 1049 1667 ”transfiguravit
1072 1588 1181 1667 inquit,
1204 1606 1314 1668 corpus
1329 1582 1472 1650 humititatis

326 1697 462 1763 nostrae,
485 1688 696 1752 ”conformale
719 1688 839 1767 corpori
855 1689 965 1767 gloriae
981 1707 1063 1750 suae.
1100 1689 1187 1761 Quod
1208 1688 1264 1750 ”si
1288 1699 1318 1750 et
1340 1690 1472 1766 transliga-

327 1792 472 1855 rationem
495 1799 525 1852 et
547 1789 774 1851 conversionem
796 1790 827 1849 in
849 1788 1037 1850 ”transitum
1067 1789 1251 1851 substantiae
1279 1791 1416 1869 cuiusque
1433 1786 1473 1847 da·

328 1893 442 1966 lendis,
471 1910 541 1971 ergo
571 1901 602 1952 et
623 1890 692 1952 Saul
721 1891 752 1950 in
781 1890 869 1950 alium
900 1890 993 1950 virum
1017 1909 1180 1951 conversus
1202 1891 1239 1951 de
1261 1909 1387 1971 corpore
1410 1888 1473 1947 ¹‘sat

329 1994 470 2065 excessit,
504 1993 626 2070 etipse
653 1992 799 2052 ”satanas
830 2008 896 2051 cunt
925 1991 955 2051 in
993 1991 1129 2070 angelum
1164 1991 1238 2053 lucis
1266 1994 1474 2071 transfiguratur.

328 2094 497 2173 qualitatem
526 2110 608 2154 suam
645 2091 761 2152 amittit.
811 2090 878 2151 Non
913 2091 1030 2170 opinor.
1086 2093 1129 2153 lta
1158 2093 1244 2153 etin
1273 2084 1475 2154 resurrectionis

327 2193 493 2255 terentum
516 2192 632 2264 mutari,
655 2191 798 2264 converti,
821 2193 976 2253 reformari
992 2191 1092 2253 licebit
1106 2211 1171 2254 cum
1188 2192 1283 2254 salute
1307 2190 1475 2254 substantae·
1517 2233 1519 2254 ι

194 2319 310 2377 cmm,
413 2294 529 2355 Etenim
558 2312 645 2371 quam
677 2293 856 2365 absurdum,
890 2313 976 2372 quam
999 2313 1069 2354 vero
1092 2294 1142 2372 fet
1164 2277 1476 2371 turquemannos

327 2402 425 2456 autem
448 2412 534 2473 quam
558 2394 614 2454 deo
637 2394 805 2472 iudignum,
828 2393 915 2454 aliam
936 2394 1130 2455 substantiam
1147 2393 1280 2474 operari,
1303 2394 1476 2456 aliam‘mer·

329 2495 400 2557 cede
423 2494 571 2574 dispungi,
594 2502 628 2555 ut
649 2495 723 2555 baec
743 2494 862 2573 quidem
885 2512 953 2555 caro
976 2513 1031 2574 per
1045 2495 1182 2575 martyria
1197 2494 1336 2563 lanietur,
1359 2494 1409 2556 alia
1423 2502 1476 2551 tert

328 2603 505 2667 coronetur,
528 2594 598 2655 item
621 2614 638 2656 e
661 2594 810 2655 contrario
833 2593 907 2653 baec
927 2593 1045 2671 quidem
1068 2595 1189 2655 carnin
1212 2595 1365 2673 spurcitiis
1385 2593 1476 2654 rotae·

329 2707 394 2768 tur,
423 2694 478 2756 alia
501 2711 570 2754 vero
593 2694 759 2755 damnetur.
808 2693 916 2753 Nonne
942 2701 1076 2772 praestat
1103 2712 1221 2755 omnem
1251 2696 1345 2757 semel
1372 2694 1476 2755 fiuent

329 2814 383 2875 spe
405 2793 635 2856 resurrectionis
658 2794 821 2855 abducere·
850 2811 938 2872 quam
966 2793 1003 2854 de
1030 2781 1172 2873 graiitate
1200 2802 1289 2874 atque
1315 2782 1476 2858 rusticali

329 2894 475 2958 luderet?
502 2895 680 2956 Marcionem
696 2913 752 2975 pro
767 2893 920 2958 Valentino
936 2895 1135 2958 resuscitari?
1158 2897 1275 2976 quando
1298 2916 1393 2978 neque
1411 2905 1476 2956 met·

329 3005 388 3059 tem
411 3014 507 3074 neque
529 2996 703 3056 memoriam
719 3014 814 3074 neque
830 2995 1042 3058 conscientiam
1058 2996 1188 3058 bominis
1210 2998 1348 3060 hodierni
1362 2986 1476 3059 credibilt

331 3097 371 3159 sit
391 3095 502 3158 aboleri
525 3114 580 3175 per
601 3096 806 3157 indumentum
840 3095 911 3157 illud
940 3098 1131 3159 mutatorium
1153 3099 1381 3161 immortalitatis
1401 3090 1476 3157 etio·

331 3195 534 3276 corruptelae,
567 3195 723 3259 'vacaturo
747 3197 861 3259 seilicet
881 3196 1083 3259 emolumento
1107 3207 1137 3260 et
1158 3201 1256 3261 lructu
1278 3188 1476 3267 resurrectioni

332 3305 362 3359 et
382 3306 461 3359 statu
483 3296 573 3358 divini
596 3297 754 3377 utrobique
777 3297 903 3359 iudicii⁶.
949 3297 980 3359 Si
1003 3317 1065 3359 non
1085 3299 1270 3361 meminerim
1294 3318 1343 3362 me
1364 3283 1476 3370 esset&

331 3399 444 3473 marai,
467 3398 619 3478 quomodo
642 3399 765 3478 gloriam
789 3399 845 3459 deo
868 3396 988 3459 dicam?
1017 3400 1168 3478 quomodo
1192 3419 1294 3462 canant
1317 3401 1358 3463 illi
1378 3399 1476 3461 ‘aaran

331 3500 494 3574 canticum,
526 3500 665 3561 nesciens
694 3519 742 3561 me
769 3518 838 3561 esse
866 3499 915 3578 qui
945 3499 1067 3578 gratiam
1096 3501 1261 3564 ⁶debeam?
1312 3502 1371 3564 Cur
1403 3502 1476 3562 ante!

332 3601 425 3662 solius
448 3600 545 3662 carnis
567 3601 729 3663 demutatio
753 3600 913 3681 excipitur,
946 3618 1007 3661 non
1038 3608 1068 3662 et
1096 3603 1210 3664 animae
1238 3603 1344 3678 simul,
1372 3590 1477 3683 quasit

333 3752 372 3802 to.
391 3761 414 3801 et
432 3759 517 3816 postea
535 3754 561 3803 Α.
616 3753 654 3802 tt.
674 3753 763 3801 moises
782 3752 806 3800 tt.
843 3752 922 3801 lloses
941 3754 992 3802 bad.
1049 3753 1085 3802 to.
1106 3754 1205 3817 perinde
1222 3755 1248 3804 B.
1312 3756 1352 3807 19.
1370 3743 1478 3815 inlepide

331 3822 396 3869 tione
415 3822 449 3869 dc.
503 3819 544 3868 2⁰.
564 3821 653 3868 moises
673 3820 697 3868 B.
734 3819 812 3868 lloses
831 3820 882 3870 ded.
929 3819 971 3868 tt.
990 3822 1169 3880 transtlgorabit
1187 3838 1206 3872 e.
1251 3804 1478 3873 caesarianum

333 3886 429 3949 corpori
448 3886 564 3934 claritatis
581 3901 640 3935 snae
658 3889 692 3936 bc.
720 3886 785 3937 ,23.
804 3886 825 3935 si
845 3895 868 3935 et
886 3888 937 3937 bed.
980 3889 1024 3936 etsi
1041 3890 1135 3953 religati.
1194 3888 1235 3939 tl.
1261 3892 1363 3941 transita
1379 3889 1418 3941 ld.
1448 3872 1478 3928 ²

332 3967 377 4002 suo
395 3954 478 4002 omd.
530 3951 571 4001 to.
590 3954 704 4002 sathanas
721 3954 764 4003 AB.
801 3955 995 4010 Quemadmodum
1013 3957 1094 4004 soleret.
1147 3955 1188 4005 tt.
1207 3967 1291 4007 eventa
1313 3959 1372 4022 (laag.

400 4020 460 4081 Cap.
478 4020 533 4067 bill.
579 4019 601 4068 l.
625 4029 649 4070 et
673 4022 780 4084 iniquum
806 4023 852 4083 ed,
874 4023 970 4072 decad.
990 4022 1165 4073 loclemeotis.
1202 4025 1324 4074 ethnicam
1347 4023 1431 4089 relicti
1461 4004 1479 4059 ²

332 4086 444 4134 mercede
462 4087 601 4148 At‘mpobed.
638 4090 774 4137 mercedem
793 4088 836 4138 BC.
882 4087 905 4138 8.
925 4098 1036 4138 vacaturo
1055 4093 1134 4140 cml.
1178 4091 1202 4139 t.
1222 4093 1341 4142 οιιιιίιιιιιι
1360 4100 1437 4143 aaran
1449 4074 1489 4132 ¹⁸·-

333 4153 356 4216 5.
376 4153 421 4201 deo
439 4153 539 4202 debeam
558 4156 594 4204 cd.
1026 4172 1030 4177 ·

367 4286 425 4348 Cap.
444 4286 499 4336 Lvt.
535 4302 555 4335 a.
581 4290 771 4339 omnemaemel
790 4290 894 4338 lidema
946 4288 1051 4352 ludere]
1071 4275 1485 4347 ttaetudttrtnmtatttateettat,t¹l

332 4367 377 4416 ape
392 4355 575 4403 resurrectionis
586 4356 719 4419 abducere]
738 4357 894 4419 Pangitllar·
946 4361 1148 4408 resurrectionem
1168 4362 1237 4409 leodos
1255 4363 1336 4411 carnis
1354 4348 1488 4423 reportat
1517 4400 1519 4407 .

333 4421 427 4469 cionem
452 4422 492 4483 qai
512 4421 534 4469 id
554 4423 651 4482 lecerat,
679 4424 778 4473 omuino
804 4439 895 4486 negans
947 4426 1024 4489 inquit
1043 4435 1126 4476 auctor
1136 4427 1231 4491 capdt)
1251 4428 1285 4476 lle
1295 4421 1488 4493 praescriptio·
1514 4424 1519 4433 “

333 4489 545 4544 resurrectionem,
569 4499 595 4538 at
621 4499 715 4540 constat
733 4506 760 4540 ex
779 4492 842 4542 libro
860 4492 895 4541 Do
947 4501 991 4542 ret.
1018 4490 1053 4558 [id
1071 4503 1110 4543 est
1127 4496 1182 4544 ldr.
1201 4496 1293 4544 Omnes
1312 4498 1384 4546 llaer.
1400 4478 1492 4558 etp-bia
1513 4510 1519 4567 p

333 4554 477 4615 Praescript.
498 4556 591 4604 llaeret.
611 4573 662 4620 cap.
674 4558 714 4607 bl.
734 4558 769 4621 [id
789 4567 826 4608 est
839 4559 895 4608 lde.
948 4568 972 4608 et
989 4569 1080 4609 tantum
1100 4563 1180 4611 carnis
1192 4565 1289 4612 allerias
1308 4556 1519 4615 resurrectionen

333 4621 423 4669 Omnes
443 4622 539 4669 Haeret.
560 4621 671 4690 capliJ,
689 4626 797 4690 quamvis
816 4627 896 4675 minas
949 4628 1104 4678 concedebat.
1122 4630 1165 4689 (la
1186 4631 1283 4690 Corda.)

333 4689 427 4737 incuset
445 4690 496 4736 eins
516 4689 633 4739 baeresim
660 4708 730 4755 qnam
750 4694 895 4742 tatemtnia·
982 4712 1002 4745 c.
1022 4697 1092 4744 divini
1113 4697 1240 4761 utrobique
1259 4695 1364 4764 indicii]
1388 4699 1414 4748 ld
1432 4684 1519 4748 ιιιῖι

333 4758 896 4820 ιιιιιι,ιιιιιιιιιιιιιιιιρΙιιειΙιιιιιιιιι.(Ι,ι(ἶειιΙι.)
948 4776 1036 4826 corpas
1056 4772 1079 4812 et
1097 4765 1209 4825 animam,
1238 4768 1306 4815 catius
1325 4768 1519 4827 reticuerant-,-

340 4876 342 4880 ,
366 4823 390 4872 b.
409 4838 480 4888 qaam
499 4824 529 4874 de
547 4827 661 4886 gravitate
673 4836 744 4893 atque
756 4829 847 4880 iaetitia
856 4829 895 4879 dei
946 4830 988 4879 tim
1007 4830 1086 4881 reddit
1102 4831 1162 4882 satis
1179 4833 1302 4885 satutem.
1321 4835 1364 4898 (La
1383 4832 1476 4896 cerda.)
1513 4846 1519 4883 t
