3242 5775
656 650 802 694 rovenses
824 652 967 696 rntxmrt.
1314 643 1318 650 ’
1339 642 1400 707 693

226 807 320 879 parto,
343 817 399 878 qua
423 799 544 877 spiritus
567 808 640 872 emt,
663 799 710 860 dei
733 800 823 862 titium
839 802 1050 882 pronuntiavit,
1074 820 1196 864 servans
1212 806 1291 867 cerni
1306 808 1399 871 fliium

226 900 357 961 hominis
381 899 447 960 dici.
492 899 542 960 Sic
564 909 593 960 et
614 900 768 986 apostolus
791 903 880 963 etiam
903 902 949 963 dei
980 911 1009 963 et
1035 901 1218 966 ²5hominum
1248 908 1529 987 appeltanstnm.n,t

225 999 429 1079 sequestrem'
449 1002 604 1079 utriusque
619 1001 800 1064 substantiae
815 1002 1007 1064 confirmavit.
1043 1002 1212 1068 Novissime
1234 1006 1284 1086 qui
1307 1007 1396 1069 tilium

224 1101 273 1161 dei
295 1118 412 1161 carnem
436 1101 658 1179 interpretaris.
682 1102 788 1163 exhibe
808 1103 858 1183 qui
882 1104 922 1163 sit
943 1103 1020 1164 tilius
1043 1104 1184 1167 hominis.
1228 1106 1286 1168 hut
1307 1126 1396 1169 num-

224 1201 295 1279 quid
324 1200 447 1280 spiritus
478 1201 556 1263 erit?
601 1202 659 1264 Sed
689 1203 825 1282 spiritum
854 1213 967 1282 patrem
990 1204 1087 1283 ipsum
1109 1206 1154 1266 vis
1177 1205 1295 1281 haberi,
1329 1208 1396 1288 quin

224 1302 300 1362 deus
323 1302 463 1380 spiritus,
497 1303 581 1381 quasi
611 1322 671 1364 non
701 1314 731 1365 et
757 1304 804 1365 dei
828 1304 964 1383 spiritus,
998 1305 1077 1366 sicut
1098 1314 1128 1369 et
1149 1324 1248 1367 sermo
1270 1308 1344 1370 deus
1367 1317 1398 1371 et

223 1403 272 1462 dei
294 1421 404 1463 sermo.
1272 1403 1278 1413 “

308 1503 410 1581 itaque
433 1503 581 1564 Christum
604 1505 674 1565 toris
696 1512 827 1583 patrem,
851 1505 1042 1578 stultissime,
1070 1505 1119 1584 qui
1143 1524 1198 1568 nec
1219 1508 1313 1587 ipsam
1336 1509 1529 1585 vimcspuxrn

223 1603 364 1682 inspicias
393 1604 522 1664 nominis
550 1605 654 1676 huius,
688 1597 839 1666 si'tamen
868 1624 976 1665 nomen
1008 1606 1069 1666 ¹est
1092 1606 1242 1682 Christus,
1276 1618 1306 1670 et
1333 1628 1395 1671 nou

224 1704 380 1783 appellatio
409 1706 525 1783 potius3
560 1716 664 1767 unctus
693 1706 770 1766 enim
799 1705 1007 1784 'significatur
1062 1706 1173 1774 Unctus
1201 1716 1298 1770 autem
1333 1728 1395 1771 non

223 1804 318 1881 magis
340 1823 449 1863 nomen
473 1816 518 1866 est
540 1825 626 1883 quum
650 1807 786 1877 restitus,
809 1826 896 1884 quum
919 1806 1098 1878 'calceatus
1121 1807 1258 1869 accidens
1280 1809 1394 1871 nomini

222 1924 284 1965 res.
328 1906 388 1965 “hn
418 1916 464 1976 tu,
500 1908 526 1966 si
555 1926 590 1966 ex
619 1908 715 1984 aliquo
744 1918 917 1986 argumento
946 1907 1070 1968 vestitus
1099 1926 1217 1985 quoque
1239 1917 1396 1971 vocaretur

223 2006 327 2077 iesus,
361 2006 511 2084 quomodo
534 2008 669 2067 Christus
698 2008 734 2067 ab
765 2008 914 2068 unctionis
944 2015 1146 2080 sacramento,
1179 2026 1273 2087 neque
1294 2008 1394 2071 lesum

221 2107 312 2167 tilium
336 2107 383 2167 dei
406 2108 531 2180 diceres,
553 2109 691 2169 vestitum
708 2128 778 2168 vero
794 2118 906 2186 putrem
922 2106 1084 2170 crederes?
1111 2108 1196 2168 Nunc
1210 2109 1247 2170 de
1262 2107 1391 2171 Christo.

222 2209 254 2269 Si
275 2218 360 2285 pater
382 2207 518 2268 Christus
541 2218 604 2281 est,
627 2218 712 2288 pater
734 2221 841 2270 unctus
864 2219 925 2279 est,
950 2219 979 2269 et
1002 2209 1102 2288 utique
1124 2208 1160 2268 ab
1183 2208 1250 2270 alio.
1287 2209 1345 2271 hut
1367 2208 1392 2271 si

220 2329 237 2369 a
259 2308 437 2386 semetipso,
461 2308 565 2387 proba.
610 2308 668 2369 Sed
692 2328 751 2369 non
774 2310 814 2370 ita
835 2311 943 2370 docent
964 2311 1031 2369 dcta
1055 2308 1266 2387 Apostolorum
1292 2310 1322 2370 in
1346 2310 1393 2372 itta

217 2410 448 2469 ⁵exciamctione
470 2409 610 2470 ecclesiae
632 2410 667 2470 ad
691 2411 792 2471 deum:
816 2411 1024 2477 Convenerunt
1046 2411 1124 2471 enim
1142 2410 1272 2470 universi
1287 2411 1317 2470 in
1333 2409 1390 2472 ista
1403 2407 1510 2510 Atilii*

220 2510 337 2571 civitate
359 2510 502 2570 adversus
525 2518 658 2570 sanctum
682 2512 772 2571 fitium
794 2511 911 2581 Quum,
941 2529 1026 2588 quem
1050 2510 1176 2583 unxisti,
1205 2509 1340 2571 Herodes
1363 2519 1393 2573 et

218 2610 330 2672 Pilatus
353 2629 419 2671 cum
442 2611 622 2672 nationibus.
665 2612 706 2671 ito
730 2619 759 2672 et
780 2611 870 2687 titium
895 2611 947 2683 dei
968 2610 1066 2671 iesum
1089 2610 1246 2672 contestati
1270 2619 1392 2672 suntet

218 2711 311 2771 titium
334 2730 350 2771 a
371 2720 455 2790 patre
478 2722 608 2773 unctum.
642 2712 720 2789 Ergo
742 2711 843 2772 'iesus
866 2712 943 2773 idem
966 2715 1023 2772 erit
1037 2711 1187 2785 Christus,
1210 2712 1260 2789 qui
1276 2720 1392 2791 epatre

219 2822 326 2873 unctus
350 2821 410 2883 est,
434 2831 493 2871 non
516 2822 616 2892 puter,
640 2813 689 2893 qui
712 2813 802 2873 titium
827 2814 917 2874 unxit.
950 2813 1000 2874 Sic
1014 2822 1044 2873 ct
1058 2812 1181 2873 Petrus:
1205 2811 1389 2873 Firmissime
1401 2810 1509 2904 Affigi-

218 2915 318 2992 itaque
341 2923 500 2992 cognoscet
522 2916 619 2976 omnis
641 2916 747 2976 domus
769 2916 878 2988 lsrael,
913 2915 991 2994 quod
1019 2923 1049 2974 et
1076 2914 1229 2974 dominum
1253 2921 1280 2974 et
1303 2913 1390 2974 Chri·
1446 2891 1452 2912 ⁸
1486 2892 1492 2905 ⁸

217 3025 314 3086 stum,
343 3015 372 3075 id
396 3024 442 3076 est
465 3025 601 3088 unctum,
634 3018 736 3077 iecerit
763 3035 830 3076 eum
854 3017 944 3088 deus,
978 3015 1056 3075 hunc
1078 3015 1192 3086 iesum,
1226 3031 1314 3093 quem
1336 3032 1390 3075 vos

217 3117 417 3177 cmoithristiS.
457 3117 583 3177 ioannes
607 3127 702 3178 nutem
727 3117 814 3178 etiem
838 3116 1007 3176 mendacem
1031 3125 1114 3176 notat
1136 3133 1203 3176 eum
1226 3115 1276 3194 qui
1297 3113 1529 3221 ”⁰8⁰·1¹v{⁰2·,¹<}{}²‚3

1385 3211 1391 3223 d

216 3218 293 3277 verit
315 3217 412 3277 iesum
437 3237 504 3278 esse
526 3217 693 3286 Christum.
721 3228 822 3278 contra
846 3217 960 3276 dedeo
984 3228 1085 3277 notum
1108 3234 1226 3276 omnem
1250 3215 1300 3294 qui
1323 3233 1390 3276 cre-

216 3318 328 3378 diderit
348 3318 446 3379 lesum
469 3337 537 3379 esse
560 3319 717 3378 Christum.
768 3318 895 3395 Propter
917 3316 996 3393 quod
1019 3325 1048 3376 et
1069 3315 1207 3376 hortatur
1229 3323 1263 3374 ut
1284 3315 1388 3375 creda-
1403 3330 1499 3384 ttoni.
1521 3356 1524 3361 ι

217 3438 285 3480 mus
308 3418 421 3479 nomini
444 3420 494 3481 htii
518 3420 583 3480 eius
606 3419 674 3479 iesu
697 3417 823 3489 Christi,
855 3425 886 3477 ut
914 3416 1027 3476 scilicet
1049 3415 1218 3475 communio
1242 3413 1283 3473 sit
1303 3412 1391 3473 nobis

216 3508 284 3581 cum
308 3528 391 3599 patre
413 3530 440 3581 et
463 3521 523 3580 htio
546 3520 609 3580 eius
632 3520 697 3579 iesu
722 3517 850 3578 Christo.
902 3516 952 3576 Sic
979 3525 1009 3575 et
1030 3513 1137 3574 Paulus
1166 3512 1275 3590 ubique
1301 3512 1391 3573 deum

215 3631 331 3700 patrem
353 3622 438 3699 ponit
460 3632 490 3682 et
512 3622 663 3681 dominum
687 3627 822 3679 nostrum
846 3618 942 3677 lesum
967 3613 1128 3675 Christum.
1172 3612 1244 3673 Cum
1267 3612 1303 3673 ed
1325 3611 1389 3672 Ro-

218 3741 323 3783 manos
346 3722 462 3793 scribit,
486 3722 595 3801 gratias
618 3723 678 3800 agit
700 3721 772 3780 ⁸deo
794 3736 849 3798 per
863 3716 1015 3799 domiuum
1032 3723 1169 3774 nostrum
1186 3712 1284 3774 Iesum
1300 3710 1389 3773 Chri·
1402 3731 1520 3783 nonno.

214 3833 312 3896 stum3
342 3842 408 3883 eum
432 3823 467 3883 ad
491 3822 622 3894 Galatas,
647 3840 705 3881 non
729 3819 765 3881 ah
787 3817 959 3880 hominihus
983 3835 1016 3877 se
1038 3814 1207 3896 apostolum
1230 3812 1386 3893 “praefert
1400 3831 1497 3882 enm.

217 3943 274 3984 neo
295 3943 349 4002 per
371 3925 537 3994 hominem,
566 3924 617 3983 sed
647 3922 822 4001 pertesum
845 3919 995 3980 Christum
1023 3926 1053 3978 et
1074 3916 1309 3996 deumpatrem.
1352 3913 1391 3976 ut

216 4026 310 4086 habes
334 4025 421 4085 ¹⁰tota
444 4025 640 4084 instrumenta
664 4023 755 4093 eius·‚
788 4039 863 4099 quae
891 4021 921 4081 in
943 4019 1023 4080 huno
1044 4018 1164 4079 modum
1186 4014 1390 4096 pronuntiant,

217 4136 247 4186 et
271 4127 346 4187 duos
368 4134 555 4205 proponunt,
587 4126 673 4186 deum
697 4132 725 4183 et
746 4131 877 4202 patrem,
906 4129 936 4182 et
958 4119 1109 4180 dominum
1132 4127 1268 4178 nostmm
1289 4115 1389 4178 iesum

217 4277 259 4326 25.
280 4279 384 4327 hominis
402 4280 427 4327 t.
446 4280 509 4327 teto.
1340 4318 1343 4323 .

287 4348 345 4410 Cep.
364 4346 464 4395 Xthti.
511 4346 531 4393 l.
552 4353 585 4394 est
605 4347 691 4394 ooct.
711 4344 774 4393 Leid.
835 4340 858 4391 2.
884 4339 1002 4401 significet
1026 4336 1134 4388 stetu
1191 4333 1392 4386 &calciatum

217 4416 243 4464 4.
262 4415 295 4461 An
316 4422 340 4462 tu
359 4415 392 4474 d.,
413 4430 462 4464 cum
481 4414 561 4462 Futoio
581 4413 672 4461 Ursino.
712 4413 740 4459 dt
760 4408 971 4460 temetolenti.
1016 4404 1068 4484 ‘hs
1080 4394 1252 4455 estimatione
1276 4402 1394 4452 certesies

217 4483 247 4531 od
268 4482 338 4529 deum
357 4484 412 4531 dod.
431 4482 504 4540 trid,
526 4482 685 4529 i'otioonorom
703 4494 772 4538 onos,
799 4485 820 4527 et
839 4478 864 4525 B.
882 4479 907 4524 in
923 4489 1006 4537 moro„
1034 4487 1064 4522 ec
1081 4470 1132 4521 eorl.
1149 4468 1312 4533 Birsoooiensi
1327 4477 1393 4533 poto.

216 4550 392 4598 exclamatione
417 4548 536 4597 addeum
556 4548 611 4597 Boo.
670 4546 693 4597 o.
714 4555 780 4595 tuum
800 4545 879 4593 iesum
898 4555 969 4605 quem
988 4541 1026 4591 cd.
1081 4536 1110 4588 i.
1128 4535 1196 4588 lesus
1214 4539 1268 4590 Ard-
1291 4537 1394 4585 Voticooi
1444 4594 1447 4601 Ι

217 4627 273 4676 tres,
294 4625 315 4667 et
334 4617 359 4664 B.
379 4619 402 4665 in
420 4633 502 4677 uturp„
522 4631 551 4663 ex
571 4616 739 4678 iiirsoopiensi,
758 4619 822 4676 puto,
841 4612 928 4661 codice.
964 4607 1077 4659 dominu
1093 4604 1149 4656 Bao.
1167 4604 1252 4665 theid.)
1303 4601 1325 4651 8.
1345 4604 1404 4653 deo

216 4686 302 4734 dicens
321 4698 365 4747 per
382 4686 406 4732 Α.
426 4685 489 4732 trid.
542 4683 566 4731 9.
585 4683 678 4744 profert
694 4683 720 4731 t.
739 4681 802 4729 heiti.
859 4678 896 4726 lt).
915 4684 991 4726 totum
1009 4675 1194 4724 instrumentum
1212 4673 1256 4722 tn.
1274 4671 1338 4721 Lerd.

249 4788 265 4834 t.
292 4783 456 4848 sequestrem]
485 4784 521 4833 ct.
552 4783 642 4831 ednott.
669 4781 697 4830 ad
722 4781 778 4832 hdr.
865 4778 923 4841 Cep.
942 4774 1039 4826 xxiiii.
1064 4762 1390 4846 ctotsinstmmentneius]

214 4853 335 4905 Valentio.
354 4867 406 4915 cop.
419 4850 461 4900 25.
830 4845 917 4894 Totum
935 4844 1079 4909 scriptorum
1098 4839 1203 4907 apostoli
1219 4851 1317 4902 corpus,
1335 4850 1392 4901 qut·
