3242 5775
235 608 296 673 180
494 603 597 675 aarum
618 623 750 666 snrrruu
771 621 937 666 ruonaurrs
959 621 1157 665 ruarnnnuru

232 772 427 837 retractarent
447 790 508 834 non
529 791 621 852 posse
639 772 791 834 homiuem
814 772 918 834 delicta
935 771 1102 844 dimittere,
1124 770 1179 833 sed
1194 770 1284 831 deum
1301 769 1387 831 solun

234 894 287 938 cur
308 891 369 936 non
392 874 555 936 secundum
583 872 778 934 intentionem
807 891 911 933 eorum
940 873 977 934 de
1005 871 1125 933 homino
1152 872 1196 932 eis
1223 869 1387 950 ³⁰respond

233 975 343 1037 habere
365 994 432 1038 eum
454 982 633 1054 potestatem
655 974 821 1034 dimittendi
843 974 964 1043 delicta,
987 974 1105 1052 quando
1129 972 1267 1034 etlilium
1282 969 1387 1032 homini

103 1090 219 1143 ,neura
233 1077 392 1138 nominans
415 1075 566 1137 hominem
589 1073 780 1136 nominaret?
809 1075 867 1136 nisi
895 1076 963 1154 quia
985 1075 1055 1136 idco
1077 1074 1141 1153 ipsa
1162 1073 1255 1134 voluit
1277 1091 1331 1133 eos
1354 1088 1387 1152 ap

232 1177 391 1258 pellatione
406 1177 458 1237 lilii
473 1176 603 1237 hominis
619 1177 654 1236 dx
670 1176 867 1236 instrumento
883 1176 1011 1236 Danielis
1026 1182 1232 1253 repercutere,
1255 1182 1289 1234 ut
1303 1181 1387 1234 osten

234 1277 318 1339 deret
337 1277 455 1338 ⁸⁷deum
478 1284 509 1338 et
530 1278 681 1338 hominem
696 1277 746 1354 qui
762 1276 867 1337 delicta
882 1276 1058 1347 dimitterem
1081 1275 1164 1336 illum
1179 1275 1293 1336 scilicet
1312 1273 1387 1334 solur

234 1378 327 1439 lilium
341 1377 472 1439 hominis
487 1378 565 1459 apud
579 1376 708 1438 Danielis
722 1377 925 1456 prophetiam,
948 1384 1140 1438 consecutum
1156 1375 1304 1438 iudicandi
1320 1383 1387 1454 pote

236 1486 352 1551 statem,
376 1497 409 1540 ac
423 1498 478 1558 per
500 1497 565 1540 earn
588 1478 689 1557 utique
711 1485 742 1538 et
762 1477 928 1539 dimittendi
944 1477 1048 1538 delicta
1064 1477 1128 1556 (qui
1144 1478 1223 1538 enim
1239 1476 1357 1549 iudicat,
1377 1491 1387 1538 t

122 1627 124 1631 Α
236 1579 384 1656 absolvit),
399 1588 433 1641 ut
447 1579 585 1640 scandalo
600 1578 659 1639 isto
676 1578 815 1640 discusso
830 1597 884 1657 per
899 1578 1063 1658 scripturae
1080 1578 1319 1640 recordationem
1336 1575 1387 1638 lari

234 1681 293 1742 lius
315 1698 382 1741 eum
404 1688 599 1759 agnoscerent
621 1679 719 1759 ipsum
742 1697 811 1740 esse
833 1680 926 1741 lilium
940 1678 1071 1740 hominis
1091 1697 1127 1740 ex
1141 1680 1206 1757 ipsa
1221 1687 1387 1758 peccatoris

234 1780 423 1843 remissione.
457 1781 591 1859 Denique
611 1799 757 1859 nusquam
780 1779 876 1841 adhuc
895 1781 1053 1859 protessus
1077 1788 1179 1841 estse
1202 1780 1297 1841 lilium
1310 1775 1387 1842 homi

128 1879 141 1890 ’
234 1883 283 1943 nis
307 1900 394 1961 quam
416 1882 445 1942 in
468 1882 527 1942 isto
549 1880 615 1942 loco
638 1881 767 1959 primum
789 1880 820 1940 in
842 1898 900 1958 quo
923 1882 1050 1960 primurn
1079 1889 1200 1960 peccata
1221 1880 1350 1952 dimisit,
1374 1877 1387 1942 i

236 1990 284 2044 est
304 1982 335 2043 in
357 2001 415 2061 quo
438 1983 566 2062 prinmm
589 1981 740 2055 iudicavit,
764 1982 833 2043 dum
856 1980 993 2062 absolvit.
1032 1982 1076 2042 dd
1090 1980 1193 2043 ”haec
1212 1982 1387 2061 quodcunq!

236 2084 352 2145 diuersa
373 2101 442 2162 pars
464 2082 555 2143 luerit
575 2090 777 2162 argumentata
803 2082 889 2160 quala
917 2083 956 2143 sit
976 2082 1128 2162 ³⁰dispioe.
1182 2082 1256 2143 Nam
1279 2083 1309 2143 in
1330 2080 1387 2144 ill!

235 2202 360 2245 necesse
383 2190 431 2243 est
457 2181 615 2243 amentiam
642 2183 757 2255 tendat,
791 2191 825 2244 ut
852 2192 881 2244 et
908 2183 1000 2244 lilium
1027 2184 1158 2244 hominis
1186 2184 1339 2257 defendat,
1368 2199 1387 2246 1

236 2285 407 2346 mendacem
430 2301 498 2344 eum
520 2282 621 2356 laciat,
655 2291 685 2343 et
707 2301 742 2343 ex
763 2283 886 2344 homine
908 2292 996 2362 neget
1022 2293 1139 2355 natum,
1168 2303 1207 2346 ne
1235 2279 1326 2347 lilium
1345 2281 1387 2346 rit

237 2386 314 2465 ginis
342 2383 494 2446 concedat.
548 2383 665 2454 Quodsi
693 2392 723 2444 et
751 2384 911 2444 auctoritas
940 2384 1036 2445 divina
1067 2394 1098 2446 et
1124 2404 1225 2447 rerum
1254 2393 1387 2447 natura}

237 2486 402 2559 communis
425 2484 570 2562 sapientia
597 2503 658 2543 non
684 2484 844 2545 admittunt
864 2484 1038 2547 ”insaniam
1065 2486 1261 2560 haereticam,
1293 2489 1387 2548 οοοιιΙ

237 2595 285 2648 est
307 2594 337 2646 et
356 2584 404 2645 hic
425 2582 630 2661 interpellandi
653 2603 740 2664 quam
763 2584 940 2647 brevissime
954 2587 991 2647 de
1009 2586 1174 2648 substantia
1196 2587 1387 2667 corporisne

236 2704 341 2747 versus
363 2683 567 2762 phantasmata
589 2684 759 2747 lda'rcionis.
804 2685 837 2746 Si
873 2696 960 2748 natus
990 2705 1024 2747 ex
1047 2686 1169 2749 homino
1190 2669 1254 2762 est,
1277 2696 1310 2750 ut
1330 2685 1387 2750 ulii

237 2786 385 2856 hominis,
414 2803 523 2864 corpus
546 2802 582 2844 ex
603 2803 730 2865 corpore
752 2794 807 2878 est.
851 2786 942 2848 Plane
963 2788 1076 2848 facilius
1098 2788 1231 2850 invenias
1260 2789 1387 2872 hornia!¹

237 2896 339 2949 natum
360 2904 412 2947 cor
434 2904 493 2947 non
517 2884 627 2947 habere
642 2888 685 2948 vel
702 2887 874 2961 cerebrum,
898 2888 977 2950 siout
990 2889 1086 2969 ipsum
1101 2891 1299 2963 Marcionem,
1321 2904 1387 2970 qu

238 3006 364 3067 corpus,
398 2994 432 3046 ut
459 2986 608 3048 Christum
634 2988 805 3050 Marcionis.
860 2989 955 3069 Atque
982 2990 1055 3051 adeo
1085 2991 1200 3071 inspice
1220 3010 1273 3054 cor
1293 2982 1387 3054 Ponti

239 3098 290 3149 aut
311 3087 476 3149 cerebrum.

120 3219 220 3278 mn,
323 3187 515 3250 Publicanum
538 3187 684 3250 adlectum
705 3207 722 3248 a
743 3189 867 3252 domino
888 3190 919 3252 in
941 3202 1145 3271 argumentum
1168 3194 1300 3267 deducit,
1323 3204 1387 3274 tp!

137 3281 222 3377 {df-,gg
237 3289 273 3350 ab
297 3289 468 3351 adversario
490 3287 564 3367 legis
581 3289 743 3369 adlectum,
766 3300 938 3354 extraneum
956 3293 1030 3373 legis
1046 3302 1076 3354 et
1089 3294 1229 3356 ludaismi
1246 3282 1387 3375 profani

124 3384 216 3487 ,22¹¹ssss
238 3391 354 3454 Excidit
375 3391 403 3452 ei
425 3389 471 3451 vel
492 3389 529 3450 de
550 3388 667 3463 Petro·,
696 3389 771 3470 legis
798 3392 937 3467 homine,
966 3405 995 3455 et
1017 3403 1115 3455 tamen
1137 3414 1199 3457 non
1222 3390 1387 3467 tantum*

192 3499 197 3508 '
239 3493 333 3566 lecto,
354 3492 408 3555 sed
430 3491 517 3554 etiarn
540 3491 741 3552 testimonium
757 3503 916 3554 consecuto
932 3495 1091 3573 agnitionis
1106 3498 1265 3575 praestitae
1282 3480 1387 3593 apati

239 3593 391 3671 Nusquam
412 3593 522 3671 legerat
543 3592 642 3654 lumen
664 3601 695 3653 et
715 3611 799 3671 spem
823 3603 854 3655 et
875 3595 1124 3674 ¹expectationem
1146 3598 1299 3661 nationum
1382 3580 1387 3595 ⁴

103 3691 513 3772 L„0,v‚³1,dicariChristum.
556 3691 683 3771 'dtquiri
704 3692 843 3771 probarit
862 3695 963 3776 potius
984 3697 1127 3772 ludaeos,
1161 3699 1288 3763 dicendo
1315 3606 1387 3863 ἓ

241 3811 308 3854 cum
331 3791 411 3853 sanis
434 3810 496 3853 non
518 3810 587 3853 esse
608 3793 825 3871 necessarium,
862 3798 916 3858 sed
944 3798 1021 3860 male
1048 3799 1236 3863 habentibus.
1279 3800 1312 3864 Si

240 4010 332 4054 sanos
352 3992 479 4054 ludaeos
501 3994 707 4069 confirmabat,
736 3998 844 4077 quibus
870 3999 1016 4062 modicum
1044 4003 1249 4065 necessarium
1275 4021 1296 4065 n

240 4091 306 4155 lloo
326 4093 353 4155 si
373 4093 414 4154 ita
436 4102 499 4165 est,
532 4095 609 4156 male
635 4095 789 4160 descendit
815 4101 852 4161 ad
879 4101 974 4180 legem
1002 4101 1227 4176 destruendam,
1259 4102 1387 4184 quius.

241 4194 348 4255 malam
369 4193 564 4256 valetudinem
585 4195 820 4275 remediandam,
848 4202 880 4263 in
907 4222 964 4283 qua
986 4203 1038 4282 qui
1060 4204 1200 4282 agebant,
1232 4203 1311 4269 beno
1330 4222 1373 4295 ι,ι

240 3893 317 3954 male
339 3893 472 3954 valentes
494 3892 586 3954 voluit
606 3893 735 3975 intellegi
750 3896 887 3960 ethnicos
902 3906 932 3959 et
944 3899 1136 3977 publicanoS‚
1159 3921 1236 3981 quos
1249 3878 1387 4155 adq

242 4383 283 4435 36.
301 4381 498 4448 respondebitd
550 4380 590 4431 tt.
610 4383 681 4433 deum
700 4393 725 4434 et
741 4385 864 4438 bominem
881 4390 914 4450 d.,
928 4346 965 4439 vea
981 4348 1094 4441 emendet.
1112 4391 1282 4442 Fnloiillraim‘.
1315 4372 1365 4443 Γ

242 4451 364 4502 hominem
382 4452 431 4501 obe.
450 4449 588 4499 torsimus.
629 4458 654 4500 et
671 4451 793 4503 heminam
813 4456 837 4504 t'.
878 4471 933 4506 esse
955 4458 1079 4507 hominem
1097 4460 1122 4508 ll.
1175 4457 1216 4509 ³8.
1231 4461 1285 4511 boe
1300 4460 1373 4511 tt„

243 4520 335 4600 dispice
353 4520 377 4568 d.
418 4517 512 4582 inspice
526 4518 620 4581 reliqui.
677 4517 719 4568 40.
742 4521 861 4572 insaniam
878 4526 910 4585 d.,
936 4541 966 4575 aa
983 4527 1095 4595 emendet.
1112 4527 1206 4577 beticii.
1247 4528 1303 4579 ini

242 4591 370 4719 ahqudip.
388 4651 426 4704 xl.
464 4652 487 4703 l.
504 4650 678 4714 spectationem
695 4652 756 4706 aaa
807 4655 831 4705 2.
851 4664 875 4707 rt
893 4659 989 4724 qnando
1007 4661 1034 4713 ll.
1354 4614 1357 4621 Ι

279 4827 336 4889 Cap.
355 4824 392 4874 hl.
428 4839 449 4874 a.
468 4820 559 4870 Excidit
577 4819 598 4867 ei
617 4820 651 4867 vel
670 4822 699 4870 de
719 4821 800 4889 l‘etro]
821 4826 915 4879 Oblitus
933 4836 971 4878 eat
988 4830 1024 4880 rel
1042 4830 1105 4880 Petri
1123 4830 1234 4895 exempli.
