3242 5775
535 709 577 752 nn
599 708 857 755 emesennmonn
878 714 1119 765 nsnnertcosnn.
1381 716 1423 783 39

217 858 307 918 enine
337 865 373 919 et
398 857 584 920 idololatria.
634 857 730 921 llenm
758 869 810 922 aut
829 862 946 943 tingrrm
966 866 1055 931 alium
1078 871 1222 936 adversus
1245 888 1422 960 creatorem,

215 966 273 1018 ant
293 958 324 1019 ni
346 958 475 1020 unicum
497 967 668 1022 creatorem
682 961 884 1038 confitentur,
906 965 993 1028 aliter
1013 986 1081 1031 eum
1103 971 1257 1038 disserunt
1276 996 1366 1058 quam
1387 983 1419 1046 in

214 1076 294 1120 vern
316 1069 378 1121 ent.
431 1059 567 1140 ”ltaque
589 1079 679 1122 omne
700 1061 889 1127 mendacium
912 1065 1020 1146 equod
1042 1070 1080 1133 de
1102 1072 1159 1134 deo
1187 1075 1290 1138 dicunt
1310 1078 1415 1159 ”quo-

215 1159 388 1221 thmodo
410 1159 538 1240 ”genus
563 1171 612 1223 est
632 1162 856 1225 ¹'idololatriac
1227 1217 1232 1225 .

307 1261 381 1322 Non
403 1261 540 1323 amittam
562 1262 660 1342 ipsius
681 1264 770 1325 etiam
792 1268 1031 1331 conversationis
1053 1270 1218 1336 baereticae
1232 1276 1413 1359 descriptio·
1433 1305 1529 1371 «mem

214 1380 310 1436 nen,
333 1379 428 1441 quam
450 1362 560 1434 iutilia,
583 1382 672 1442 quam
693 1373 829 1438 terrene,
851 1384 938 1445 quam
954 1368 1082 1433 bumana
1099 1373 1154 1445 sit,
1178 1374 1244 1437 sine
1259 1379 1412 1457 gravitate,
1441 1404 1443 1408 ¹
1465 1448 1471 1456 ,

216 1462 291 1525 ιἰι
311 1464 512 1536 andoritate,
540 1465 609 1526 sine
630 1464 802 1545 disciplina,
832 1466 883 1528 ¹nt
903 1466 972 1529 fidei
995 1487 1068 1537 aune
1088 1489 1267 1551 congruens.
1311 1478 1410 1559 lnpri·

218 1563 280 1626 ι’
300 1563 378 1644 quie
400 1564 650 1638 catechumenus,
671 1567 738 1645 quis
760 1566 874 1639 tidelis,
896 1567 1043 1630 incertum
1067 1580 1130 1647 est;
1157 1574 1270 1653 pariter
1291 1578 1411 1655 adeunt,

219 1665 340 1745 pariter
368 1664 510 1739 audiunt,
546 1666 661 1745 pariter
688 1676 790 1741 orant,
827 1668 916 1729 etiam
952 1669 1076 1743 etbuici,
1110 1672 1137 1733 si
1165 1677 1410 1753 supervenerint3

221 1776 363 1828 numm
383 1766 524 1829 canibus·
546 1776 578 1829 et
598 1767 700 1847 porcis
721 1768 911 1847 margaritas,
945 1768 1014 1831 licet
1034 1789 1094 1832 non
1117 1790 1219 1846 veras,
1249 1774 1408 1841 iactabant.

223 1866 454 1947 Simplicitatem
477 1868 580 1930 rolunt
608 1857 678 1930 esse
704 1869 952 1948 'prostrationem
979 1871 1169 1951 disciplinae,
1202 1874 1286 1938 cuius
1311 1893 1407 1957 penen

223 1985 280 2028 nes
302 1985 408 2055 cnrnm
423 1968 605 2030 lenocinium
621 1978 734 2030 vocant.
772 1970 881 2033 Pacem
902 1990 1020 2052 quoque
1042 1972 1156 2052 passim
1178 1992 1245 2035 cum
1268 1976 1407 2040 omnibus
1520 1989 1528 2008 ¹

224 2068 361 2131 iacent
404 2069 485 2131 Nibil
508 2071 588 2132 enim
611 2069 754 2132 'interest
776 2071 852 2144 illis,
874 2070 943 2134 licet
963 2072 1081 2135 diversa
1104 2076 1313 2151 tractantibus,
1335 2077 1406 2138 dn

227 2170 259 2230 nl
291 2171 383 2231 nnius
416 2170 553 2232 veritatis
591 2172 838 2251 expugnationem
872 2174 1056 2253 conspirent
1117 2174 1229 2237 Omnes
1262 2176 1405 2250 ‘tument

227 2290 328 2333 annes
349 2271 506 2334 scientiam
529 2271 716 2351 pollicentur.
759 2273 835 2335 Ante
855 2283 925 2336 suut
946 2275 1071 2353 perlecti
1093 2275 1297 2337 catechumeni
1319 2293 1405 2354 quem

227 2372 345 2434 ‘adecti
389 2372 478 2451 ipsae
500 2372 644 2434 mulieres
665 2374 846 2447 baereticae,
875 2393 962 2454 quam
984 2372 1141 2454 procaces!
1176 2393 1251 2453 quan
1279 2376 1406 2438 audeant

229 2474 344 2547 bene,
377 2474 564 2535 contendere
572 2475 596 2547 ¹’,
631 2476 815 2538 exorcismos
847 2495 952 2556 agere,
980 2475 1149 2537 curationes
1183 2476 1403 2555 repromittere,
1433 2474 1438 2510 ³

230 2573 585 2654 ‘amnesamnes
630 2574 839 2638 Ordinationes
867 2595 971 2639 eurum
1001 2577 1193 2651 temerariae,
1224 2577 1324 2652 loves,
1352 2577 1402 2639 in-

232 2676 425 2738 constanter&
457 2676 561 2738 'Nunc
581 2677 748 2757 neophytos
771 2671 943 2751 conlocant,
966 2696 1045 2739 nunc
1059 2678 1195 2740 'saemlo
1211 2677 1400 2752 obstrictos·,

231 2794 298 2839 nc
317 2786 475 2859 apostatas
497 2786 639 2851 nostros,
667 2787 699 2839 ut
720 2778 813 2858 gloria
835 2798 887 2842 eos
910 2779 1057 2858 obligent,
1091 2779 1160 2858 quia
1186 2780 1311 2841 veritate
1340 2796 1401 2839 non

230 2890 356 2956 pessum,
391 2878 550 2972 antpram
573 2878 687 2942 lucilius
710 2879 863 2960 proficitur
884 2899 970 2960 quam
986 2879 1140 2943 incastris
1155 2878 1328 2954 rebellium,
1351 2877 1402 2940 ubi

231 2981 315 3058 ipsum
337 3000 408 3042 csse
429 2981 492 3042 illic
514 2982 681 3061 promereri
704 2979 758 3043 est.
791 2982 892 3061 ltaque
914 2981 989 3042 alius
1005 2981 1112 3043 'bodie
1135 2981 1311 3062 episcopus,
1334 2997 1400 3042 cras

231 3082 312 3154 dius3
347 3083 441 3143 bodie
470 3082 617 3143 diaconus
644 3083 694 3160 qui
721 3101 786 3144 cras
815 3082 922 3155 lector,
956 3083 1046 3144 hodie
1073 3082 1231 3162 presbyter
1258 3081 1308 3162 qui
1335 3098 1401 3142 cras

230 3181 319 3244 bicos.
365 3183 441 3244 Nam
465 3181 630 3244 ct¹⁰laicis
653 3183 843 3244 sacerdotalia
865 3202 988 3245 munera
1011 3183 1180 3262 iniungunt.

229 3399 263 3450 tt.
280 3402 361 3467 itaqne
381 3404 488 3466 mplcd.
525 3403 559 3451 lta
580 3402 639 3451 tto.
680 3400 720 3450 2².
738 3403 801 3464 qnod
822 3402 851 3449 dc
870 3402 914 3449 deo
933 3400 1069 3461 (coemat.)
1088 3399 1171 3445 dicunt
1189 3397 1404 3457 emancipandis·

228 3469 283 3517 libri.
315 3473 346 3519 de
370 3471 419 3519 deo
446 3469 481 3517 rel
510 3470 576 3517 nntio
594 3468 639 3516 BC.
681 3469 710 3516 dc
733 3469 778 3518 deo
802 3468 901 3516 variatio
920 3484 943 3517 o.
997 3464 1037 3514 23.
1057 3464 1239 3527 quodammodo
1266 3476 1311 3511 om.
1329 3463 1404 3524 ompb.

212 3534 263 3585 'tt
279 3552 352 3598 penne
371 3539 480 3600 acted.
516 3551 590 3585 senus
609 3535 668 3585 dte.
692 3539 696 3545 ”
719 3534 759 3584 25.
779 3536 905 3586 idolatriae
923 3534 958 3593 ll,
977 3548 1019 3596 pro
1038 3547 1109 3580 more.

288 3607 343 3669 Cep.
362 3605 423 3654 Ill.
476 3605 498 3653 l.
518 3602 621 3652 turbt.
673 3601 695 3652 2.
720 3612 776 3666 post
802 3604 920 3652 rationem
940 3601 997 3649 nte.
1051 3597 1073 3646 3.
1094 3597 1277 3657 interestoicd.
1321 3608 1402 3644 rernm

227 3673 290 3720 sin
323 3687 407 3720 rerum
427 3672 493 3720 inest
504 3671 565 3733 drap.
604 3670 628 3718 in
647 3684 725 3718 rerum
745 3678 781 3720 est
801 3671 824 3720 G.
865 3670 889 3718 4.
909 3672 1011 3725 tument,
1030 3679 1116 3714 omnes
1134 3664 1228 3714 eradit·
1280 3660 1304 3711 b.
1323 3662 1401 3711 educti

227 3737 292 3788 ised
313 3741 449 3789 Vaicanus.
490 3737 588 3787 educati
608 3740 692 3799 empir-
724 3738 768 3788 s.
788 3737 889 3787 forsitan
915 3737 983 3786 obed.
1025 3735 1179 3786 fortassean
1198 3731 1241 3781 BC.
1293 3730 1316 3779 7.
1335 3729 1403 3779 Nunc

226 3805 355 3868 maun.
392 3807 464 3855 ‘l'unc
483 3805 507 3853 G.
560 3804 585 3854 8.
605 3805 702 3853 sacculo
720 3822 779 3869 erup.
835 3804 859 3853 9.
878 3804 949 3852 bodie
968 3803 1094 3866 presbyter
1112 3801 1152 3863 qni
1172 3813 1226 3847 crns
1244 3797 1331 3854 inicus,
1349 3797 1402 3860 epi·

228 3886 305 3936 scopes
324 3889 390 3930 erne,
410 3874 476 3922 alins
496 3871 569 3921 bodie
588 3872 703 3921 diaconus
722 3873 762 3936 qui
782 3887 836 3922 cras
850 3873 935 3930 lector,
955 3870 1026 3919 bodie
1036 3869 1162 3933 presbyter
1172 3867 1211 3930 qui
1224 3879 1277 3914 cren
1291 3864 1367 3912 inicus
1376 3863 1402 3912 B.

229 3941 260 3988 ld.
278 3944 343 3992 laicis
362 3943 433 3992 «ted
470 3939 527 3989 iaici
545 3940 592 3989 BG.

254 4110 307 4174 cap.
325 4110 387 4160 ΧΗ.
435 4123 459 4157 n.
477 4115 590 4157 sanctum
611 4101 722 4170 cnnibun]
738 4106 789 4157 Nec
840 4105 908 4154 tendi
935 4103 1020 4165 gratia,
1045 4103 1088 4152 sed
1113 4116 1158 4164 pro
1183 4099 1229 4148 loci
1255 4105 1296 4146 eut
1318 4094 1404 4171 pupuli

229 4177 262 4224 '¹1³
278 4180 377 4242 quiden
396 4194 411 4226 n
432 4176 506 4225 nobis
530 4174 681 4236 negligenter
699 4176 787 4224 transi·
840 4174 984 4223 necessitate
1002 4178 1026 4219 et
1044 4184 1088 4218 usu
1108 4166 1297 4222 ordinabantur;
1315 4163 1404 4225 quibus

228 4243 310 4305 htnr,
328 4246 423 4310 unibus
440 4242 788 4292 eucharistinmcxistimnmun
840 4241 873 4288 uti
892 4253 940 4288 non
959 4237 1047 4286 licebat
1064 4235 1112 4284 alio
1131 4233 1259 4282 convolare
1282 4237 1306 4278 ct
1332 4227 1403 4276 reden

229 4309 322 4376 intelligi,
341 4316 374 4362 de
388 4327 438 4376 qun
451 4311 515 4359 libro
529 4308 681 4372 lleSpertrc
693 4307 787 4372 capii
839 4314 942 4363 mutare,
960 4304 991 4353 ite
1010 4317 1089 4366 neque
1107 4297 1235 4378 abolicio
1254 4309 1285 4372 en.
1300 4308 1329 4343 eu
1349 4294 1403 4342 loco

229 4380 319 4442 ltpitnr
337 4395 387 4441 „en
406 4394 453 4430 nra
471 4392 522 4441 quo
541 4379 617 4426 lmen
634 4377 659 4426 in
677 4384 787 4426 sanetum
840 4374 880 4422 ubi
899 4371 1002 4422 ordinati
1021 4378 1045 4419 et
1062 4368 1151 4417 addretr
1169 4372 1247 4421 erent,
1265 4374 1318 4411 erne
1331 4374 1404 4437 cansa

228 4450 373 4507 mit&
393 4445 508 4508 illiniti
839 4441 1090 4502 amorcrtpoierau13
1117 4433 1161 4483 sed
1186 4430 1250 4494 npnd
1269 4430 1406 4478 bamettcon

251 4514 271 4563 b.
289 4516 443 4566 contendere
475 4513 502 4562 ld
521 4519 560 4561 ent
578 4510 712 4573 disputare.
839 4523 885 4572 pro
909 4507 1010 4556 arbitrio
1033 4503 1105 4552 sedes
1131 4500 1292 4553 mutabantur,
1318 4500 1351 4569 et,
1380 4500 1406 4581 ηιξ

250 4597 268 4631 c
289 4593 315 4633 et
333 4586 441 4645 uenere.
481 4581 521 4631 ci.
548 4578 583 4628 lio
606 4577 673 4641 linpt
698 4577 786 4642 capi.
839 4576 907 4633 dicit,
925 4573 1006 4634 „alins
1016 4569 1089 4620 bodie
1099 4570 1241 4632 episcopua,
1253 4560 1387 4613 crandrus.

226 4647 364 4702 trieben.
381 4651 449 4712 lire
469 4646 567 4710 cept.
841 4642 948 4704 (Rigalt)
1116 4701 1121 4711 .
1294 4693 1299 4703 Ι
1365 4686 1395 4699 ..

248 4712 483 4783 timaeum]
508 4715 605 4765 Omnes
621 4710 789 4771 ecclesiastici,
876 4725 898 4759 e.
922 4705 1021 4757 sacculo
1045 4693 1189 4761 obstructos]
1216 4695 1267 4744 Eos
1292 4687 1409 4767 intelligit

224 4787 376 4853 flemene
393 4786 499 4836 tande·
515 4779 716 4837 Mordinin,
735 4794 789 4829 cer·
842 4776 882 4841 qui
900 4776 1052 4839 praefectura
1072 4769 1224 4842 uliquniuter
1236 4753 1408 4837 gemiltsien·

223 4852 247 4899 5
264 4856 325 4907 incia
351 4863 426 4906 erant
453 4849 567 4908 nddicti,
596 4860 674 4910 neque
700 4847 792 4896 debant
842 4844 969 4906 rebantur.
999 4838 1113 4898 Plerique
1131 4845 1195 4882 euim
1214 4823 1408 4876 Cbrtrtlwown

223 4926 316 4991 Μή
335 4933 378 4976 ant
394 4921 552 4976 uoerdoten
578 4914 680 4969 maort·
697 4921 739 4964 rut
755 4913 790 4965 ri-
843 4911 983 4974 tincturam
1001 4906 1109 4970 ntiqnuu
1126 4907 1168 4950 nnt
1185 4893 1285 4946 militine
1307 4883 1411 4945 credun
