3242 5775
325 622 387 688 686
568 636 670 689 onmrr
691 636 821 702 saepiam
841 629 1005 682 recasuras
1025 635 1217 678 rnnrummm

164 801 306 855 aarum.
326 790 424 864 dicere
444 804 613 851 sermonem
634 804 720 866 quem
741 803 795 863 ego
816 784 933 865 loquor.
975 785 1057 848 Sicut
1077 785 1149 848 mihi
1171 793 1254 864 pater
1275 784 1364 858 dixit,
1391 782 1431 846 ita
1453 794 1480 848 et

322 889 438 968 loquor.
469 888 548 949 llaec
568 887 716 966 quomodo
738 886 815 949 dicta
836 887 909 957 sint,
932 887 1145 967 evangelizator
1159 896 1189 949 et
1202 887 1305 965 utique
1320 893 1379 947 tam
1394 904 1479 948 carus

324 989 484 1068 dipcipulus
505 987 631 1050 loannes
652 988 744 1067 magis
765 1006 852 1067 quam
873 987 999 1050 Praxeas
1020 986 1186 1061 ”noverat,
1208 988 1335 1067 ideoque
1357 987 1422 1066 ipse
1444 987 1479 1049 de

174 1103 381 1162 {cantianae
404 1109 510 1163 sensu,
531 1092 605 1152 hute
626 1098 723 1151 autem
745 1087 970 1150 sollemnitatem
991 1089 1131 1168 paschae,
1155 1089 1263 1170 inquit,
1285 1089 1382 1150 sciens
1400 1089 1479 1151 lesus

323 1192 420 1255 omnia
441 1190 497 1254 sibi
518 1190 622 1252 tradita
643 1210 659 1251 a
681 1200 763 1270 patre
785 1209 870 1264 esse,
892 1198 922 1252 et
943 1208 977 1252 se
998 1210 1034 1252 ex
1054 1190 1110 1252 dco
1132 1189 1247 1264 ”esse,
1268 1190 1326 1251 2‘et
1341 1192 1377 1253 ad
1392 1190 1479 1252 deum

323 1294 437 1356 vadere.
480 1292 543 1378 Sed
559 1292 686 1354 Praxeae
708 1292 804 1371 ipsum
826 1290 886 1352 vult
906 1301 1019 1372 patrem
1048 1291 1085 1353 de
1114 1292 1272 1371 semetipso
1304 1292 1419 1364 exisse,
1452 1300 1479 1354 et

262 1385 266 1392 ’
322 1396 358 1458 ad
380 1393 571 1474 semetipsum
592 1393 707 1465 abisse,
744 1402 777 1456 ut
797 1391 930 1456 diabolus
953 1392 984 1455 in
1005 1412 1057 1455 cor
1077 1393 1166 1454 ludae
1187 1412 1248 1454 uon
1270 1393 1320 1454 lilii
1342 1393 1477 1454 traditio·

322 1514 408 1569 uem,
430 1493 482 1556 sed
503 1494 599 1574 patris.
615 1494 711 1574 ipsius
732 1493 889 1556 immiserit.
923 1494 984 1556 Nec
998 1493 1114 1556 diabolo
1129 1493 1220 1566 bene,
1243 1513 1299 1555 nec
1319 1494 1477 1567 haeretico,

323 1597 390 1677 quia
411 1614 467 1658 nec
486 1595 517 1656 ia
539 1595 598 1659 lilio
621 1594 701 1656 bono
725 1613 779 1656 suo
795 1593 929 1657 diabolus
945 1604 1083 1682 operatus
1098 1605 1145 1657 est
1159 1595 1355 1656 traditionem.
1383 1596 1477 1669 *Filius

324 1696 401 1759 euim
431 1681 555 1758 traditus
585 1704 629 1758 est
656 1695 718 1769 dei,
752 1695 801 1775 qui
830 1705 892 1756 erat
919 1695 949 1756 in
976 1696 1036 1757 lilio
1059 1696 1205 1768 bominis,
1236 1696 1313 1758 sicut
1334 1697 1478 1776 scriptura

186 1813 312 1868 numan
323 1796 485 1877 subiungit:
508 1796 592 1858 Nunc
612 1796 788 1876 glorificatus
810 1805 857 1858 est
876 1795 953 1858 fitius
973 1796 1118 1870 bominis,
1141 1797 1198 1858 2⁵et
1212 1797 1286 1859 deus
1301 1797 1478 1875 glorificatus

238 1971 241 1978 ¹
323 1907 369 1978 est
389 1900 420 1960 in
441 1898 500 1959 illo.
545 1898 619 1970 Quis
642 1896 738 1959 deus?
775 1897 878 1978 Utique
900 1916 960 1958 nou
981 1906 1080 1976 pater,
1103 1900 1154 1959 sed
1177 1917 1275 1960 sermo
1297 1899 1406 1978 patris,
1431 1898 1477 1978 qui

323 2009 386 2062 erat
406 2001 436 2061 in
457 1999 518 2061 lilio
541 1998 685 2071 hominis,
718 1999 747 2060 id
769 2008 816 2060 est
835 1998 866 2060 iu
888 2017 999 2087 carne,
1017 1999 1048 2060 iu
1076 2018 1131 2079 qua
1154 2008 1183 2059 et
1209 1999 1387 2077 glorificatus
1411 2000 1476 2073 iam,

323 2102 429 2164 virtute
450 2119 520 2161 vero
543 2110 573 2162 et
595 2118 748 2172 sermone,
771 2109 800 2162 et
821 2108 887 2161 ante
909 2098 1030 2161 ”lesus
1063 2098 1128 2161 ”Et
1142 2100 1229 2173 deus,
1252 2100 1362 2179 iuquit,
1384 2101 1476 2180 ²⁸glo-

322 2202 446 2266 rificabit
465 2202 544 2264 illum
567 2202 596 2263 in
619 2200 795 2279 semetipso,
819 2201 848 2263 id
871 2209 916 2262 est
936 2209 1020 2280 pater
1041 2201 1149 2275 lilium,
1177 2201 1290 2280 ”quem
1312 2202 1344 2263 in
1366 2213 1477 2264 semet·

322 2303 388 2385 ipso
410 2301 539 2377 babens,
573 2303 629 2363 etsi
650 2310 817 2381 porrectum
840 2302 876 2362 ad
904 2312 1030 2375 terram,
1059 2321 1127 2364 mox
1154 2322 1207 2383 per
1229 2304 1477 2366 resurrectionem

323 2404 446 2467 ”morte
467 2404 578 2466 devicta
586 2407 608 2466 l.

182 2527 311 2586 cepmv.
406 2506 511 2567 ¹Erant
530 2505 616 2585 plane
637 2504 686 2585 qui
708 2511 737 2566 et
757 2512 828 2566 tuuc
848 2522 907 2566 non
928 2503 1138 2584 intellegerent
1169 2504 1332 2580 ’Quoniam
1348 2516 1379 2568 et
1394 2507 1475 2568 Tho-

194 2624 307 2676 umna.
321 2626 384 2670 mas
405 2606 582 2685 aliquamdiu
603 2604 787 2678 incredulus,
809 2604 965 2683 ³llomine,
987 2605 1109 2685 inquit·,
1131 2625 1191 2668 non
1206 2608 1315 2670 scimus
1332 2627 1392 2690 quo
1417 2627 1476 2684 eas,

173 2717 352 2779 10.xrv,e·q.et
372 2705 521 2788 quemme
543 2706 618 2767 viam
640 2704 798 2768 novimus?
840 2706 877 2768 Et
900 2706 1000 2768 lesus:
1032 2707 1095 2799 Ege
1109 2726 1187 2770 sum
1215 2708 1276 2781 via,
1310 2710 1420 2772 veritas
1450 2718 1479 2771 et

323 2810 395 2871 vita:
417 2826 503 2869 nemo
524 2808 604 2869 venit
625 2807 661 2868 ad
682 2817 793 2887 patrem
816 2808 873 2870 nisi
893 2827 947 2890 per
968 2829 1031 2884 me;
1053 2810 1080 2871 si
1101 2810 1315 2890 cognovissetis
1337 2829 1401 2883 me,
1425 2830 1477 2872 co·

322 2909 500 2991 gnovissetis
523 2918 551 2971 et
571 2918 700 2989 patrem3
731 2908 803 2970 ⁴aed
824 2908 929 2972 abhinc
949 2912 1046 2973 nostis
1075 2910 1172 2984 illum,
1200 2921 1230 2973 et
1250 2912 1364 2974 vidistis
1386 2913 1477 2975 illum.

322 3012 360 3074 Et
380 3008 565 3093 pervenimus
587 3010 645 3071 iam
666 3010 702 3071 ad
723 3009 905 3091 Philippum,
928 3013 1054 3093 quispe
1076 3012 1216 3074 excitatus
1239 3013 1355 3075 videndi
1377 3015 1477 3095 patria,

322 3131 378 3175 nec
399 3111 569 3190 intellegens
592 3111 740 3190 quomodo
761 3112 857 3173 visum
877 3120 990 3195 patrem
1011 3113 1159 3187 audisset,
1193 3113 1341 3188 Ostende,
1372 3116 1477 3196 inquit,

173 3213 558 3297 n.11r‚e.,.nohispanem;
581 3221 612 3274 et
632 3213 740 3274 sullicit
760 3212 858 3297 nobis.
892 3212 929 3274 Et
948 3214 1100 3276 domiuus:
1123 3215 1272 3295 Philippe,
1296 3224 1375 3276 tanto
1400 3225 1477 3278 tem·

320 3334 394 3398 pore
415 3315 565 3378 vobiscum
588 3332 672 3388 sum,
695 3323 725 3376 et
745 3332 806 3375 nou
828 3316 1005 3394 cognovistis
1028 3313 1098 3377 me?
1131 3316 1225 3389 Quem
1248 3316 1317 3377 dicit
1337 3318 1477 3395 cognosci

321 3417 357 3480 ab
380 3417 437 3478 illis
460 3416 599 3478 debuisse
620 3416 690 3492 (hoc
711 3416 789 3478 euim
817 3415 914 3478 solum
935 3416 1040 3478 discuti
1063 3423 1206 3496 oportet),
1242 3417 1325 3498 quasi
1350 3426 1477 3499 patrem,

321 3536 358 3581 au
380 3518 463 3600 quasi
483 3515 599 3580 lilium?
642 3517 673 3578 Si
696 3517 779 3597 quasi
801 3527 929 3597 patrem,
960 3518 1064 3580 doceat
1083 3518 1208 3580 Praxeas
1236 3527 1314 3581 tanto
1343 3527 1478 3600 tempore

322 3706 362 3757 22.
382 3706 627 3756 centenitatem.
679 3702 718 3754 23.
739 3705 865 3766 crissen,
885 3721 935 3755 conr
952 3706 1031 3755 Fuluio
1051 3706 1140 3756 Ursino.
1198 3705 1237 3755 tt.
1256 3713 1279 3754 et
1297 3708 1390 3757 om.bc.
1437 3707 1477 3756 25.

322 3782 346 3824 et
363 3776 444 3824 crab
462 3774 526 3822 leid.
576 3771 617 3821 26.
636 3772 710 3820 lesus.
735 3772 763 3821 llt
780 3773 818 3821 Fr.
832 3774 918 3822 lenius.
960 3773 1047 3832 lesum,
1065 3781 1088 3822 et
1105 3775 1160 3823 libri
1177 3789 1261 3824 onnes.
1321 3773 1362 3823 tt.
1387 3782 1411 3823 ct
1434 3792 1477 3824 one

321 3847 348 3894 t.
366 3843 429 3892 teta.
480 3839 521 3889 28.
539 3839 680 3901 glorificabit
698 3855 746 3902 eqo.
787 3840 927 3901 glorillcarit
943 3842 998 3891 tetri
1014 3857 1098 3891 onnes.
1157 3840 1197 3890 29.
1215 3855 1285 3906 quem
1304 3842 1328 3891 in
1351 3843 1394 3892 Ab.
1415 3844 1477 3892 leid.

322 3910 454 3972 iunctique.
505 3906 546 3956 30.
562 3907 700 3967 glorlllcavit
718 3915 794 3956 morte
812 3908 900 3957 devicta
919 3911 951 3970 d,
971 3925 1020 3958 cum
1038 3910 1116 3958 Fuluio
1137 3909 1225 3958 Ursino.

389 3976 446 4039 Cap.
465 3973 541 4023 ult.
576 3974 599 4022 l.
617 3973 687 4022 Erant
705 3975 746 4022 tibi
764 3976 826 4033 (he.
846 3976 888 4036 ibi)
905 3975 977 4040 plane
995 3977 1083 4040 qnippe
1100 3978 1138 4039 qui
1157 3981 1181 4026 l.
1201 3979 1263 4026 leid.
1312 3975 1336 4024 2.
1355 3977 1477 4039 quomodo

285 4050 298 4073 ·
321 4045 347 4095 Δ.
364 4044 428 4093 laid.
479 4040 502 4091 3.
521 4040 629 4101 Domine,
647 4043 722 4106 inqnit
739 4058 787 4106 epo.
821 4043 922 4094 Domine
939 4045 1012 4105 enim,
1030 4045 1106 4109 iuquit
1123 4046 1159 4095 cd.
1200 4045 1301 4094 Domino
1319 4046 1384 4093 enirn
1403 4046 1479 4111 inquit

321 4111 394 4160 lem.
445 4108 469 4158 4.
487 4109 530 4158 sed
548 4117 572 4158 et
588 4109 674 4158 abhinc
690 4111 746 4159 Aba
765 4110 828 4160 leid.

355 4244 378 4293 b.
405 4243 545 4307 glorificabit
568 4245 635 4294 illnm
654 4270 686 4280 -
703 4270 735 4280 -
758 4259 812 4294 mon
831 4260 874 4308 per
924 4246 1062 4309 semetipso,
1088 4247 1110 4295 id
1135 4254 1171 4295 est
1193 4255 1261 4309 pater
1279 4246 1364 4304 silium,
1389 4248 1476 4311 qnippe

323 4314 521 4362 resurrectionem
541 4323 616 4363 morta
633 4307 744 4376 devicta]
761 4313 794 4361 lta
814 4312 874 4362 hacc
924 4328 994 4377 quem
1013 4315 1036 4362 in
1054 4315 1184 4377 semetipso
1204 4315 1302 4368 babens,
1329 4314 1373 4364 etsi
1391 4331 1476 4379 porre-

322 4381 391 4429 verba
415 4380 508 4430 distinxi
537 4390 606 4444 atqua
636 4381 764 4430 emendavi.
807 4379 874 4430 Nunc
924 4390 986 4431 ctum
1006 4383 1035 4430 ad
1053 4390 1140 4431 terram
1165 4390 1187 4430 et
1214 4390 1340 4441 mortulam,
1369 4398 1422 4432 mor
1442 4392 1476 4431 ta-

323 4448 466 4510 glorilrcatus
491 4457 527 4498 est
549 4449 612 4498 tilius
636 4449 747 4506 hominis,
773 4455 796 4497 et
814 4447 873 4497 dens
925 4463 978 4498 men
988 4450 1130 4511 glorificabit
1140 4451 1390 4514 perrosurrectionem
1401 4460 1476 4500 morte

322 4516 467 4578 glorilleatns
485 4523 521 4565 est
539 4517 623 4566 inille.
648 4511 794 4574 Qnfldens?
822 4515 872 4565 Uti·
924 4516 1021 4566 devicta.

322 4598 368 4649 qne
386 4598 433 4632 non
451 4591 527 4646 pater,
545 4585 627 4648 inquit,
646 4584 872 4646 acdseruaopatris,
957 4585 1014 4647 Cap.
1033 4584 1107 4633 lllllll.
1134 4599 1154 4632 a.
1173 4582 1379 4648 Domine,inqnitl
1398 4585 1475 4635 Deleri

323 4651 362 4716 qui
381 4658 431 4700 erat
448 4652 471 4700 in
490 4650 660 4709 llliobominis,
679 4651 872 4711 idestincarne,
921 4651 1062 4715 particulam
1084 4654 1150 4711 enim,
1176 4661 1201 4701 ut
1218 4668 1278 4717 qnae
1296 4662 1431 4703 accreverat
1449 4667 1475 4702 ex

322 4719 345 4769 in
364 4733 409 4783 qna
428 4725 450 4767 ct
467 4718 611 4780 glorillcatus
630 4719 674 4767 iam
695 4727 747 4767 ante
765 4725 815 4768 erat
834 4718 870 4767 le·
921 4721 1087 4768 terminatione
1105 4720 1168 4768 vocis
1186 4735 1342 4785 praegressae
1367 4730 1390 4770 et
1409 4721 1474 4771 initio

322 4802 372 4847 sus,
390 4786 533 4849 glorillcatns
551 4801 604 4835 vero
621 4788 703 4835 virtute
715 4795 739 4836 et
751 4800 869 4837 sermone.
920 4789 984 4839 vocis
1002 4789 1157 4852 insequentis.

322 4853 351 4904 Et
374 4855 447 4917 deus,
473 4854 563 4918 lnquit,
589 4854 729 4916 glorillcabit
755 4853 822 4905 illum
845 4854 870 4904 in
