3242 5775
494 683 496 687 ,
523 664 561 707 on
582 664 827 709 nesunnncrtons
850 632 963 710 consus.
1270 658 1333 721 479

106 843 109 852 ·
155 812 249 875 uinis
264 811 330 885 ¹lide
351 811 382 874 in
410 812 540 875 nandium
570 822 700 875 extracta
728 823 759 875 et
785 816 856 877 odio
884 815 1002 896 publico
1031 817 1165 896 exposita
1194 820 1333 898 decertat,

154 932 222 979 unt
246 913 280 975 in
301 912 470 976 carceribus
491 922 658 976 maceratur
678 915 832 980 teterrimo
854 916 930 978 lucis
945 916 1052 992 exilio,
1072 920 1198 999 penuria
1220 922 1334 1000 muudi,

155 1013 314 1094 squalore,
346 1014 492 1093 paedore,
524 1015 703 1077 contumelia
735 1015 848 1088 tutus,
882 1036 920 1080 ne
950 1036 1059 1082 somno
1084 1019 1204 1099 quidem
1230 1015 1355 1099 titan,
1402 1097 1407 1104 ,

153 1114 269 1195 qnippe
296 1114 372 1193 ipsis
399 1115 486 1179 etun
514 1115 661 1179 eubilibus
689 1116 789 1180 vincla
815 1117 949 1197 ipsisque
979 1119 1150 1187 stramentis
1179 1121 1334 1200 lancinata,

154 1234 224 1278 αιιι
247 1214 305 1279 iam
327 1226 358 1278 et
378 1216 409 1278 io
430 1216 495 1279 luoe
517 1217 599 1279 omni
620 1226 837 1281 tormentorum
859 1219 1078 1283 machinatione
1098 1221 1239 1299 laniatur,
1266 1244 1333 1292 urm

154 1316 287 1396 denique
310 1316 464 1397 suppliciis
488 1317 653 1397 erogaturi,
676 1317 760 1381 enisa
777 1319 903 1382 reddere
919 1320 1041 1384 Christo
1061 1321 1157 1388 ricem
1177 1324 1333 1389 moriendo

152 1434 214 1499 pro
227 1417 322 1497 ιω,
349 1418 520 1498 etquidem
541 1438 596 1499 per
617 1420 741 1482 eandem
763 1439 880 1484 murem
904 1440 1009 1502 ssepe,
1042 1423 1152 1489 nedum
1173 1444 1228 1506 par
1247 1436 1332 1492 stro-

152 1518 239 1582 riora
263 1537 382 1599 quoquo
404 1520 522 1599 ingenia
543 1539 718 1600 poenarum
767 1521 830 1583 Nae
859 1522 908 1583 illa
929 1522 1100 1588 beatissima
1122 1534 1154 1589 et
1174 1526 1332 1605 gloriosis·

151 1619 235 1684 sina
257 1637 332 1699 quae
352 1627 454 1700 potest
474 1621 552 1701 apud
574 1621 724 1683 Christum
746 1622 898 1686 domiuum
929 1624 1091 1704 ¹‘pararet
1109 1626 1209 1690 debito
1237 1636 1333 1707 orto,

149 1729 191 1783 ιιι
210 1721 271 1783 hoo
292 1721 390 1784 selum
412 1721 519 1784 debeat
540 1722 567 1783 ei
589 1723 669 1804 quod
691 1723 720 1784 ei
740 1722 852 1785 debere
874 1724 1011 1798 desierit,
1041 1725 1100 1787 boe
1120 1728 1216 1805 magis
1235 1729 1333 1794 vineta

152 1820 267 1901 “qnod
288 1821 432 1886 absoluta

242 1922 335 2002 igitur
357 1930 390 1984 ut
411 1935 570 1997 retexam·,
592 1943 678 2003 quam
702 1924 776 1986 deus
799 1925 936 1988 manibus
960 1927 1025 1988 suis
1044 1926 1081 1989 nd
1103 1926 1263 2006 imaginem
1283 1929 1331 1993 dei
1349 1942 1450 2001 (210.ss

151 2023 281 2097 struxit,
302 2041 391 2103 quam
414 2024 451 2088 de
473 2044 530 2087 suo
552 2025 662 2086 adflatu
684 2026 720 2086 ad
742 2027 965 2089 similitudinem
989 2045 1061 2089 suae
1083 2026 1244 2092 vivacitatis
1263 2031 1331 2094 ani·

153 2123 265 2198 unrit,
287 2142 375 2204 φιιιιι
398 2125 554 2197 incolatui,
582 2108 705 2198 iruelui,
734 2127 915 2189 'dominatui
938 2127 1032 2193 totius
1052 2146 1126 2190 suae
1147 2130 1332 2209 operationis

153 2224 347 2306 praeposuit,
370 2244 457 2305 quam
479 2226 533 2287 ²de
555 2228 748 2289 sacramentis
771 2227 834 2290 suis
854 2227 1077 2307 disciplinisque
1091 2228 1224 2307 vestivit,
1246 2233 1332 2295 euius

146 2326 319 2407 ¹tantaditias
346 2336 440 2401 amat,
474 2327 557 2390 cuius
586 2328 796 2406 castigationes
825 2327 947 2406 probat,
980 2329 1064 2393 ouius
1093 2329 1252 2409 medones
1274 2331 1332 2395 sihi

155 2427 321 2507 adpretiat,
354 2427 493 2489 haeceine
521 2447 582 2489 non
611 2438 764 2506 resurget,
801 2428 913 2491 totiens
935 2428 1007 2492 dei?
1049 2429 1167 2505 'hbsit,
1201 2431 1279 2494 absit
1299 2442 1333 2495 ut

154 2528 232 2590 deus
253 2547 393 2591 manuum
417 2548 537 2590 suarum
554 2548 690 2608 operam,
714 2529 823 2607 ingenii
840 2530 887 2592 sui
902 2548 1020 2605 curate,
1042 2531 1169 2595 adtlntus
1187 2533 1233 2598 sui
1247 2534 1332 2613 vagi·

152 2647 242 2704 nats,
263 2628 428 2691 molitionis
451 2648 522 2691 suae
543 2631 706 2708 reginamb,
728 2630 912 2693 liberalitatis
928 2650 999 2694 suae
1013 2633 1186 2707 haerodem,
1208 2634 1330 2715 religio·
1415 2651 1420 2656 ’

152 2730 203 2793 rtis
226 2748 298 2793 suas
320 2730 522 2803 sacerdotem,
552 2729 715 2792 testimonii
737 2731 784 2793 sui
806 2731 948 2805 militem,
980 2732 1089 2793 Christi
1113 2732 1159 2795 sui
1181 2752 1329 2811 sororem,

154 2832 185 2894 in
214 2840 368 2896 aeternum
398 2831 539 2894 destituat
567 2832 728 2894 interitum.
751 2882 754 2890 .
778 2832 893 2895 bonum
922 2832 1010 2897 deum
1038 2834 1191 2898 novimus:
1221 2821 1453 2923 solumqffl'ffi,

155 2934 302 3013 optimum
324 2934 356 2995 ⁴a
373 2933 491 2994 Christo
514 2934 578 2994 eius
601 2933 798 3007 addiscimus3
822 2934 872 3012 qui
894 2934 1083 2997 dilectionem
1101 2935 1245 2996 mandans
1260 2923 1482 3030 postxfflf¹³¹33q4

155 3053 240 3096 suam
263 3035 293 3094 in
316 3035 483 3114 proximum
506 3035 608 3094 ⁶laciet
631 3043 660 3095 et
681 3035 848 3114 ipse-quod
870 3037 1029 3115 praecepit.
1085 3035 1192 3114 Diliget
1211 3056 1331 3099 earnem
1367 3055 1370 3060 ’

157 3143 202 3196 tot
223 3135 322 3196 modis
345 3134 400 3195 sibi
423 3136 606 3215 proximam,
636 3135 691 3195 etsi
715 3137 879 3208 infirmam,
911 3137 963 3197 sed
987 3136 1086 3198 Virtus
1108 3137 1138 3197 in
1161 3136 1488 3208 infirmitateueornus:

156 3235 325 3315 perficitur,
347 3235 403 3296 etsi
426 3237 618 3309 imbecillam,
646 3235 698 3296 sed
722 3235 867 3297 bledicum
890 3256 950 3298 non
973 3230 1144 3299 desiderant
1172 3238 1232 3299 nisi
1255 3238 1329 3300 male
1347 3257 1467 3308 immas.

156 3336 321 3409 babentes,
343 3337 401 3399 etsi
423 3338 628 3405 inhonestam,
651 3337 703 3397 sed
726 3337 982 3399 inhonestioribus
1005 3339 1148 3399 maiorem
1164 3338 1482 3407 circumda-tuoruum.

155 3456 224 3499 mus
253 3438 426 3508 honorem‘,
461 3438 518 3498 etsi
546 3439 708 3517 perditam,
743 3439 796 3498 sed
823 3438 902 3517 Ego,
933 3439 1046 3516 inquit,
1072 3438 1156 3510 reni,
1190 3446 1223 3499 ut
1250 3438 1482 3517 quodtuenrtio.

156 3538 262 3617 ⁶periit
284 3539 397 3599 saltum
421 3539 539 3611 inciam,
573 3541 628 3600 etsi
658 3538 867 3618 peccatricem,
902 3538 953 3599 sed
982 3539 1058 3600 blato
1085 3538 1191 3610 miti,
1224 3538 1482 3618 inqiutesnrtuas.

158 3639 281 3700 salutem
304 3640 469 3718 peccatoris
492 3659 578 3718 quam
601 3649 744 3712 mortem,
767 3640 826 3699 etsi
848 3641 1029 3712 damnatam,
1054 3639 1106 3699 sed
1124 3639 1201 3717 Ego,
1225 3639 1329 3718 inquit,
1356 3642 1420 3684 ⁰⁶¹¹&

156 3740 317 3818 percutiam
340 3750 372 3802 et
393 3741 515 3802 sanabo.
567 3740 644 3811 Quid
673 3759 706 3800 ea
735 3740 898 3820 exprobras
927 3740 1006 3800 carni
1030 3758 1105 3819 quac
1127 3739 1215 3802 deum
1238 3758 1330 3820 expe·
1344 3691 1464 3742 tutuno.

161 3893 198 3940 15.
217 3894 313 3956 pariare
338 3894 395 3942 Pctr.
411 3893 553 3942 Cloceoniut.
599 3907 642 3954 par
666 3907 720 3940 esse
745 3893 858 3940 latinius.
919 3892 957 3941 16.
983 3907 1031 3956 quo
1056 3908 1128 3955 omps.
1152 3899 1199 3941 tres
1219 3892 1330 3942 tusani.

159 3960 283 4090 qmmCsBp.
303 4028 341 4076 lh.
365 4028 402 4075 ·l.
421 4027 553 4075 dominatui
573 4026 670 4074 emuli.
711 4025 735 4073 2.
754 4025 783 4074 de
802 4026 1212 4076 sacramentisillc.tresl'ols'coni.
1247 4040 1331 4075 saera·

160 4096 245 4144 mentis
262 4097 356 4158 reliqui.
410 4094 743 4150 substantiatus
766 4094 876 4142 Vaticani.
920 4093 987 4141 lbsit
1009 4095 1102 4156 reliqui.
1154 4092 1179 4141 4.
1204 4093 1330 4142 aCbristo
1400 4135 1402 4139 ,

160 4162 386 4226 etoshbdrnpohcd.
422 4163 549 4211 aChristo
570 4163 592 4210 C.
651 4161 674 4208 5.
694 4155 750 4208 laeil
768 4176 828 4225 amp.
887 4159 909 4208 6.
928 4161 1034 4223 perierat
1051 4161 1075 4209 u.
1134 4159 1158 4208 l.
1176 4160 1234 4209 mibi
1253 4163 1332 4211 om.A.

193 4264 209 4312 l.
228 4260 354 4326 erogatur]
373 4264 409 4312 Cl.
428 4264 456 4311 de
476 4263 521 4310 hoc
540 4263 611 4310 verbo
631 4262 722 4309 adnott.
774 4262 856 4309 metim
876 4261 1065 4309 contrahentes
1084 4274 1146 4322 quae
1163 4260 1218 4309 inde
1230 4275 1243 4307 a
1256 4259 1332 4324 capd

160 4330 188 4379 ad
206 4331 292 4394 Scorp.
312 4346 364 4394 rap.
376 4331 400 4379 6.
426 4358 455 4365 -
487 4331 520 4378 lle
540 4331 643 4378 carceris
662 4343 722 4392 qrrss
773 4336 967 4391 praecesserunt.
986 4326 1148 4384 (ieiunius.)

160 4399 289 4461 descripsit
307 4399 380 4446 modo
401 4398 504 4446 miseriis
524 4399 553 4445 cl.
573 4398 606 4445 ld
627 4397 720 4458 Martyr.
807 4397 831 4444 h.
857 4395 990 4445 molitionis
1008 4409 1066 4442 susa
1084 4388 1205 4457 reginam]
1228 4393 1333 4442 llolitio-

159 4465 247 4530 caph
283 4464 641 4526 audouerarienr.eop.13.
773 4477 828 4511 nem
854 4464 911 4511 dirit
936 4462 1090 4510 creationem.
1139 4461 1232 4510 crearit
1254 4469 1333 4509 sotem

190 4549 212 4595 g.
233 4529 332 4598 parere]
360 4533 496 4596 Appellanti
522 4533 635 4580 creditori
655 4537 722 4594 paret
773 4531 833 4578 deus
852 4531 1104 4592 bominemtanuom
1126 4541 1207 4589 regem
1226 4528 1333 4576 omnium
1396 4590 1398 4594 Ι

157 4601 255 4650 debitor
273 4614 326 4649 com
346 4601 471 4649 satisfacit.
499 4600 566 4647 lubet
584 4600 623 4661 qui
643 4600 721 4658 erigit,
774 4612 835 4660 quae
855 4600 877 4646 io
897 4606 969 4655 terra,
989 4609 1049 4659 quae
1068 4598 1091 4644 in
1110 4596 1178 4645 mari.
1197 4594 1304 4655 (Rigalt.)

156 4676 225 4732 paret
245 4669 285 4731 qni
305 4676 412 4731 praestat
437 4668 500 4731 quod
526 4669 644 4729 promisit.
672 4667 723 4724 titi·
809 4681 829 4713 c.
848 4666 891 4714 sed
917 4663 1121 4713 inhonestioribus
1146 4662 1261 4711 maiorem
1286 4662 1332 4708 eir-

155 4737 223 4798 golt.)
266 4736 303 4785 (Ii.
329 4736 432 4784 Dirltsen
458 4734 565 4782 Martiale
590 4734 723 4782 latinitatis
775 4733 916 4780 eomdsmus
934 4726 1065 4795 honoram]
1092 4732 1158 4789 Quae
1182 4742 1235 4776 com
1254 4727 1334 4775 nomi·
1397 4777 1401 4791 ,

154 4805 225 4853 Foot
247 4803 292 4850 lor.
311 4803 360 4852 Cir.
372 4804 440 4851 ttom.
460 4801 546 4864 pots.
566 4802 724 4850 solarere.
774 4800 826 4847 nari
846 4814 945 4865 necesse
963 4806 1010 4860 est,
1033 4798 1151 4849 honorem
1168 4794 1274 4860 praefari
1291 4807 1334 4842 so·

189 4871 251 4935 Cap.
269 4870 307 4918 tit
344 4885 365 4918 a.
384 4865 501 4934 retexam]
520 4870 637 4919 Nimirum
655 4882 723 4916 snm·
775 4865 862 4916 lemos.
880 4865 986 4929 (Rigalt)
