3242 5775
315 609 378 674 292
571 624 673 676 ouium
695 620 828 668 suerint
849 622 1014 667 rmnenrrs
1037 619 1234 667 ranrucumt

313 778 409 839 feram
431 775 556 848 ¹⁸cnim,
583 773 695 853 inquit,
723 773 869 836 aludaea
895 773 974 834 inter
1000 780 1098 834 cetera
1119 779 1151 833 et
1170 770 1336 850 sapientem
1358 767 1491 829 archite-

316 886 407 939 ctum.
450 875 487 937 Et
507 875 676 955 ”numquid
698 876 764 955 ipse
786 884 857 936 tunc
878 874 986 935 Paulus
1009 873 1230 945 destinabatur,
1254 871 1291 932 de
1313 870 1437 943 iudaea,
1459 867 1489 930 id

317 986 365 1039 est
391 977 427 1038 de
455 975 623 1050 ludaismo,
654 977 764 1038 auferri
797 975 909 1037 hahens
936 975 967 1036 in
996 974 1229 1036 aedificationem
1257 969 1490 1042 Christianismi,

163 1079 469 1159 wosmospositmus
494 1078 612 1140 unicum
635 1077 876 1148 fundamentum,
899 1076 978 1153 quod
998 1084 1046 1137 est
1060 1071 1221 1137 Christus?
1243 1072 1311 1153 quia
1334 1082 1365 1134 et
1378 1072 1417 1133 de
1431 1071 1491 1132 hoe

175 1172 369 1276 „iffi-‚uper
390 1178 517 1240 eundem
538 1179 713 1257 prophetam
735 1186 866 1249 creator,
888 1176 964 1238 Ecce
986 1196 1059 1256 ego,
1081 1177 1192 1257 inquit,
1214 1175 1305 1237 inicio
1326 1174 1359 1235 in
1379 1171 1489 1235 lunda·

315 1288 414 1341 menta
433 1278 534 1340 Sionis
555 1278 682 1359 lapidem
705 1279 887 1357 pretiosum,
910 1277 1130 1351 honorabilem,
1154 1275 1254 1356 etqui
1276 1276 1307 1337 in
1328 1293 1398 1336 eum
1419 1291 1487 1334 cre-

316 1380 438 1451 diderit,
472 1397 533 1439 non
561 1379 766 1440 confundetur.
819 1377 881 1440 Nisi
909 1377 964 1439 ”si
993 1387 1171 1440 structorem
1194 1396 1229 1438 se
1251 1376 1363 1438 terreni
1386 1374 1486 1453 operis

313 1480 390 1542 deus
411 1480 621 1559 profitebatur,
645 1488 677 1540 ut
699 1498 759 1541 non
781 1480 817 1541 de
840 1479 960 1541 Christo
981 1498 1038 1541 suo
1059 1479 1256 1558 significaret,
1289 1476 1341 1557 qui
1368 1477 1489 1537 futurus

176 1573 297 1682 „¹¹ng
316 1589 398 1642 essct
418 1581 639 1641 fundamentum
661 1581 845 1642 credentium
867 1581 898 1642 in
920 1600 1004 1652 eum,
1034 1565 1132 1661 super¹
1147 1580 1226 1660 quod
1249 1587 1339 1658 prout
1360 1578 1489 1657 quisquo

313 1681 563 1761 superstruxerit,
596 1681 713 1759 dignam
741 1681 854 1743 scilicet
882 1682 928 1743 vel
957 1681 1107 1760 indignam
1135 1679 1316 1752 doctrinam,
1354 1679 1381 1738 si
1411 1696 1489 1757 opus

314 1780 379 1843 cius
401 1781 573 1860 perignem
596 1782 785 1861 probabitur,
819 1782 845 1844 si
874 1801 989 1843 merces
1017 1782 1058 1843 illi
1085 1801 1141 1862 per
1168 1782 1267 1861 ignem
1295 1779 1488 1859 rependetur,

315 1882 458 1944 creatoris
485 1890 548 1955 est,
581 1884 649 1961 quia
676 1901 731 1962 per
758 1883 857 1962 ignem
885 1882 1061 1946 ”iudicatur
1094 1892 1191 1945 vestra
1218 1879 1490 1961 superaedificatio,

174 1982 415 2062 praesentique
436 1980 513 2043 ²³sui
535 1983 732 2057 fundamenti,
755 1983 785 2044 id
808 1994 856 2045 est
877 1985 922 2045 sui
939 1983 1060 2046 Christi.
1090 1983 1218 2045 Nescitis
1241 1984 1321 2062 quod
1344 1982 1489 2062 templum

314 2083 361 2144 dei
385 2083 469 2156 sitis,
498 2093 528 2144 at
555 2083 584 2144 in
613 2083 699 2146 vohis
728 2084 872 2147 inhahitet
891 2083 1014 2164 spiritus
1041 2083 1112 2148 deit
1156 2085 1189 2147 Si
1211 2084 1301 2145 homo
1324 2093 1355 2145 et
1376 2102 1427 2144 res
1457 2091 1491 2144 et

314 2202 391 2264 opus
413 2192 444 2245 st
464 2184 561 2262 imago
583 2192 614 2246 et
635 2184 796 2247 similitudo
820 2194 849 2246 et
871 2204 940 2247 caro
962 2204 1016 2265 per
1038 2194 1145 2247 terram
1167 2194 1198 2248 et
1217 2187 1315 2247 anima
1329 2203 1386 2265 per
1400 2184 1488 2246 affla-

313 2293 376 2347 tum
398 2284 542 2346 mentoris
564 2293 627 2358 est,
658 2285 769 2348 ²‘totus
792 2304 863 2365 ergo
885 2286 916 2347 in
938 2285 1034 2347 alieno
1056 2286 1168 2348 habitat
1188 2286 1263 2348 deus
1284 2286 1487 2360 ¹'ilarcionim

312 2385 342 2445 si
360 2384 450 2447 ”non
473 2385 617 2447 mentoris
640 2405 746 2449 sumus
763 2387 915 2468 templum.
950 2387 1038 2461 Quod
1053 2388 1080 2450 si
1095 2388 1236 2466 templum
1251 2387 1298 2449 dei
1314 2388 1382 2467 quis
1397 2386 1488 2448 vitia-

312 2485 404 2560 verit,
426 2486 591 2561 vitiabitur,
615 2488 714 2566 utique
735 2489 825 2550 adeo
848 2489 959 2569 templi.
994 2489 1125 2551 Ultorem
1147 2489 1295 2551 intentans
1318 2497 1488 2550 creatorem

187 2581 295 2677 ῐξξξιξξ·
312 2583 512 2647 ²'intentnhis
556 2588 644 2649 Stulti
666 2598 779 2664 estote,
808 2598 842 2651 ut
870 2590 937 2651 sitis
960 2590 1120 2670 sapientes.
1165 2588 1288 2663 Quare?
1331 2588 1489 2668 Sapientia

314 2685 391 2748 cuim
413 2687 502 2749 huius
525 2689 626 2750 mundi
649 2690 772 2752 stultitia
795 2700 842 2751 est
867 2708 960 2770 penes
987 2692 1087 2753 deum.
1128 2691 1225 2753 Penes
1253 2709 1341 2771 quem
1370 2685 1489 2752 dcumi

312 2785 344 2848 si
366 2787 439 2849 nihil
461 2788 547 2852 nohis
570 2800 600 2852 et
619 2789 683 2852 ¹'ud
704 2790 784 2852 hunc
804 2809 927 2853 sensum
949 2792 1073 2870 pristina
1094 2792 1385 2872 praeiudicaverunt,
1407 2790 1487 2853 hene

191 2883 299 2981 ῐξξζξξ·
313 2889 392 2969 quod
415 2890 513 2952 ethic
535 2891 674 2954 adstruit:
698 2893 848 2973 Scriptum
870 2903 917 2955 est
937 2895 1034 2968 cuim,
1056 2892 1316 2975 ”Deprehendens
1331 2893 1487 2973 sapientes

159 2984 342 3090 ,Pffipfflin
365 2990 496 3070 nequitia
517 2991 653 3067 illorum;
686 3001 716 3055 ct
741 3013 864 3067 rursus,
892 2992 1037 3056 Dominus
1064 2995 1122 3056 scit
1141 2993 1338 3074 cogitationes
1361 2993 1486 3074 sapien-

311 3091 401 3166 hum,
424 3093 504 3172 quod
527 3094 588 3155 sint
607 3112 815 3174 supervacuae.
848 3094 882 3157 ln
903 3102 999 3156 totum
1020 3094 1099 3157 enim
1119 3094 1335 3174 praescriptum
1355 3114 1374 3155 a
1395 3093 1486 3156 nohis

311 3191 369 3253 crit
390 3192 468 3254 nulla
491 3192 572 3255 illum
593 3195 740 3257 sententia
763 3196 805 3256 uti
827 3196 965 3274 potuisse
987 3195 1052 3256 eius
1075 3195 1122 3257 dei
1138 3214 1225 3274 quem
1247 3196 1405 3257 destruere
1427 3195 1483 3257 dc·

309 3291 409 3365 heret,
431 3294 458 3355 si
480 3312 542 3355 non
563 3295 604 3356 illi
626 3296 758 3356 doceret.
790 3293 886 3372 Ergo,
908 3293 1020 3372 inquit,
1043 3312 1130 3356 nemo
1145 3295 1289 3372 glorietur
1304 3296 1334 3356 in
1350 3294 1483 3356 homine.

158 3404 296 3457 tmuium
310 3390 348 3453 Et
375 3392 434 3454 hoc
461 3393 623 3456 secundum
644 3394 795 3456 creatoris
825 3394 1025 3474 disciplinam:
1057 3396 1199 3457 lliserum
1227 3396 1399 3467 hominem,
1432 3394 1482 3476 qui
1524 3442 1528 3461 .

156 3505 396 3570 moruus-spem
417 3493 506 3555 hahet
526 3494 558 3554 in
584 3492 749 3557 hominem!
783 3504 830 3568 et,
861 3495 976 3558 Bonum
1005 3505 1051 3558 ast
1077 3495 1170 3558 fidere
1199 3495 1229 3556 in
1258 3497 1333 3570 deo,
1365 3496 1480 3576 ”quatu
1525 3544 1528 3579 ,

309 3592 401 3652 fidere
423 3591 453 3654 in
474 3593 692 3669 ’'hominihus3
715 3596 754 3657 ita
776 3606 806 3656 et
828 3596 958 3674 plorimi
1093 3588 1098 3599 ’
1526 3672 1528 3681 Ι

181 3708 290 3768 espen.
392 3691 431 3752 Et
452 3694 564 3755 occulta
586 3696 775 3773 tenebrarum
796 3698 863 3776 ipae
884 3695 1074 3770 illuminabit,
1109 3696 1210 3777 utiquc
1241 3715 1297 3777 per
1318 3696 1480 3771 Christum,

156 3771 294 3872 ,fffx‘ffijil
308 3790 358 3870 qui
380 3791 546 3855 ¹Christum
568 3795 812 3859 illuminationem
835 3797 1022 3879 repromisit,
1045 3815 1079 3861 se
1099 3816 1219 3877 quoquc
1239 3798 1392 3861 lucernam
1405 3816 1480 3878 pro·

168 3872 293 3924 ⁹¹·”¹¹'¹⁰'
309 3891 471 3966 nuntiavit,
493 3903 674 3958 scrutantem
697 3898 786 3961 corda
807 3909 837 3961 et
858 3916 956 3960 rencs.
989 3898 1033 3959 lh
1054 3897 1105 3959 illo
1125 3899 1183 3961 crit
1196 3908 1227 3962 ct
1240 3899 1306 3961 laus
1322 3898 1480 3980 unicuiqae

308 4010 324 4052 a
346 4010 404 4070 quo
428 4001 458 4055 et
478 3998 658 4059 contrarium
680 3997 792 4073 laudis,
822 4010 855 4061 ut
881 4018 897 4060 a
919 3999 1024 4061 iudice.
1078 3999 1181 4073 Certe,
1208 3999 1325 4079 inquis,
1357 3998 1404 4062 vel
1432 3998 1481 4063 hio

154 4104 290 4157 reacunt-
309 4093 451 4155 mundum
473 4095 562 4158 deum
583 4099 685 4160 mundi
706 4098 933 4180 interpretatur,
956 4098 1097 4175 dicendo,
1120 4101 1326 4179 Spectaculum
1341 4100 1410 4163 lacti
1426 4118 1479 4163 su·

306 4217 373 4261 mus
394 4199 505 4261 mundo
528 4210 558 4262 ct
579 4199 689 4279 angelis
711 4208 742 4262 et
762 4200 945 4263 hominihus.
988 4199 1082 4274 'Quia
1111 4201 1138 4262 si
1167 4201 1310 4263 mundum
1340 4202 1481 4265 homines

308 4351 428 4400 19.eaim
455 4351 508 4401 licd.
529 4352 651 4403 Vaticanus
668 4361 770 4418 uterque.
813 4355 885 4403 ctism
904 4353 957 4404 cat.
1018 4352 1059 4403 20.
1083 4367 1132 4402 non
1158 4353 1211 4417 ipse
1233 4355 1395 4405 Vaticanum
1411 4370 1482 4409 naa.

305 4418 346 4467 at.
364 4418 385 4466 si
403 4422 495 4468 omni.
547 4418 588 4468 22.
606 4421 725 4469 indicatur
742 4423 791 4470 ohe.
836 4420 877 4470 23.
896 4421 933 4470 tui
952 4420 1099 4470 fundamenti
1117 4422 1183 4472 nied.
1204 4422 1344 4472 fornicaria.
1380 4424 1419 4471 sni
1437 4438 1482 4473 sn·

306 4500 350 4548 per
366 4485 514 4535 fundamenti
532 4487 576 4536 lic.
630 4485 671 4535 at.
690 4493 754 4536 totus
770 4488 834 4546 (sta.
870 4496 934 4537 totus
954 4489 977 4537 0.
1019 4496 1075 4538 tuns
1092 4489 1185 4552 reliqui,
1204 4504 1235 4538 ea
1251 4492 1349 4541 cosini.
1367 4490 1480 4541 imai

305 4551 346 4601 25.
365 4551 469 4602 hermon
486 4553 509 4603 si
526 4555 576 4604 uic.
634 4553 676 4603 26.
694 4568 739 4604 not
759 4556 910 4616 cdsmleri,
928 4557 1019 4606 odiose.
1076 4553 1118 4605 at.
1137 4555 1267 4615 intentabit
1284 4557 1327 4607 dd.
1388 4554 1483 4611 2212

304 4620 369 4669 hunc
385 4622 533 4671 sansonie.
568 4619 647 4671 adhuc
663 4634 762 4672 uncum
779 4638 802 4673 a.
838 4621 917 4672 udhuc
933 4622 1120 4673 sansuundfd.
1161 4621 1201 4673 29.
1220 4623 1410 4688 deprehendens
1420 4624 1482 4681 206.

306 4687 465 4737 fontanarum
482 4689 548 4736 alter.
583 4688 751 4752 deprehendet
768 4691 861 4754 reliqui.
902 4688 943 4740 ³0.
960 4704 1034 4754 qnam
1052 4690 1174 4743 montera
1192 4691 1217 4740 B.
1262 4690 1304 4741 dl.
1323 4693 1426 4743 honlo·
1441 4693 1485 4747 td.

307 4755 466 4805 Voticotwrum
482 4756 549 4804 altar.

372 4821 429 4886 Cap.
448 4820 495 4875 Vll.
532 4822 555 4872 l.
574 4823 860 4877 contraluctantes.
911 4823 935 4875 2.
954 4825 1015 4884 Quia
1033 4825 1065 4885 d,
1084 4824 1267 4879 Fnlrdlraiw.
1302 4826 1350 4885 lini
1366 4824 1451 4883 Binis
