3242 5775
325 700 388 762 106
578 714 680 766 qutnrt
704 714 836 758 §milii
857 713 1023 757 rtuuuttrls
1045 713 1242 762 rutabulum
1272 678 1275 685 v

324 864 425 943 spicit,
458 872 493 925 ut
523 865 591 943 quia
618 863 782 926 durissimo
811 871 842 925 et
868 861 980 924 infideli
1007 862 1038 924 in
1066 862 1154 925 deum
1175 862 1288 944 populo
1309 863 1421 944 longua

324 965 412 1027 edam
434 964 608 1027 incredibile
634 965 784 1027 rideretur
810 982 827 1025 a
855 964 913 1025 deo
941 972 1095 1043 expectare
1122 964 1291 1044 defensam,
1325 966 1421 1030 edicet

195 1062 314 1159 ¹¹2⁰!ng
326 1075 432 1147 postea
451 1083 507 1145 per
527 1064 722 1147 prophetam,
744 1064 815 1126 blibi
837 1065 1005 1139 defensam,
1028 1073 1059 1126 et
1079 1080 1135 1145 ego
1157 1064 1328 1140 defendam,
1352 1067 1421 1132 dieti

171 1163 440 1241 ¹¹⁰²·¹'¹·¹⁹·minua,
472 1166 591 1228 interim
623 1166 796 1228 commissio
824 1164 949 1227 iniuriae
977 1174 1057 1228 metu
1084 1165 1156 1228 niuis
1187 1166 1288 1228 statim
1317 1185 1421 1230 occurs

321 1268 585 1348 repastinaretur,
607 1274 637 1329 et
657 1266 774 1329 licentia
794 1265 1002 1328 retributionis
1024 1266 1186 1346 prohibitio
1206 1274 1289 1330 esset
1304 1285 1421 1347 protea

322 1369 387 1443 nis,
419 1376 453 1430 ut
479 1367 525 1429 sic
552 1366 726 1447 improbitas
746 1365 894 1429 'aestuata
926 1374 1071 1439 cessaret,
1104 1369 1175 1429 dum
1196 1367 1326 1430 secunda
1347 1386 1421 1447 pern

320 1470 417 1550 prima
438 1476 582 1541 terreum,
606 1476 636 1530 et
656 1467 750 1548 prima
773 1466 915 1529 deterrita
935 1486 992 1529 nec
1011 1469 1141 1531 secunda
1154 1468 1365 1543 committitur,
1387 1487 1421 1550 qn

321 1572 393 1634 alias
414 1570 529 1632 facilior
550 1569 641 1630 timor
661 1568 780 1629 talionis
807 1586 863 1648 per
889 1568 1017 1630 eundem
1046 1586 1184 1649 saporem
1208 1569 1373 1650 passionis.
1417 1571 1421 1632 1

322 1671 451 1735 amarius
473 1689 560 1750 quam
582 1669 613 1731 id
634 1668 733 1748 ipsum
754 1667 816 1748 pati
838 1668 917 1746 quod
945 1668 1052 1730 feceris
1081 1669 1158 1732 aliis.
1206 1669 1245 1732 Et
1266 1670 1294 1731 si
1315 1669 1364 1732 lex
1385 1669 1421 1734 ali

320 1772 395 1835 cibis
417 1770 547 1834 detrabit
567 1779 596 1832 et
617 1769 767 1831 immunda
788 1768 962 1849 pronuntiat
981 1768 1119 1832 animalia
1139 1788 1215 1852 quae
1228 1770 1421 1851 aliquandob

321 1872 504 1946 dictasunt,
537 1870 693 1933 consilium
715 1869 897 1931 exercendae
919 1868 1118 1931 continentiae
1145 1869 1299 1949 intellege,
1333 1879 1366 1932 et
1391 1873 1421 1935 fr

320 1973 478 2053 impositos
506 1970 548 2032 illi
579 1971 664 2051 gulae
685 1988 815 2048 agnosce
841 1988 917 2049 quae
946 1987 1013 2031 cum
1045 1987 1153 2048 panem
1181 1971 1283 2033 ederet
1308 1972 1421 2052 angelo

320 2091 493 2136 mmmeres
516 2080 547 2134 et
566 2090 700 2152 pepones
721 2070 931 2150 Aegyptiorum
954 2069 1151 2132 desiderabat.
1196 2070 1332 2150 Agnosce
1354 2074 1422 2136 sinu

320 2174 477 2238 comitibus
500 2172 602 2252 gulae,
623 2170 737 2232 libidini
759 2172 871 2233 scilicet
892 2180 980 2249 atque
1001 2170 1164 2243 luxuriael,
1185 2181 1397 2252 prospectum,

205 2274 305 2369 fflffo
322 2277 384 2337 fere
404 2255 517 2337 neutris
539 2272 730 2351 castigatione
750 2272 924 2351 frigescunt.
967 2272 1190 2335 Manducaverat
1212 2271 1292 2334 enim
1311 2274 1421 2353 populu

280 2356 286 2376 ’
307 2355 436 2439 'biberat
456 2384 487 2436 et
508 2380 678 2436 surrexerat
698 2373 810 2435 ludere.
859 2372 989 2434 Proinde
1018 2380 1051 2433 ut
1078 2372 1126 2435 ³et
1146 2373 1290 2454 pecuniae
1311 2375 1407 2438 ardor

321 2476 519 2554 stringeretur
540 2482 696 2553 exparte,
725 2493 782 2553 qua
804 2476 841 2536 de
863 2473 957 2536 rictus
977 2473 1155 2536 necessitate
1177 2474 1348 2549 ‘causatum
1376 2495 1421 2557 pn

320 2593 422 2636 sorum
445 2573 579 2635 ciborum
602 2573 724 2636 ambitio
747 2575 954 2636 detractaret.
1002 2575 1176 2649 Postremo,
1210 2583 1244 2636 ut
1263 2575 1421 2642 faciliusb

319 2674 356 2737 ad
378 2674 567 2737 ieiunandum
590 2675 646 2736 deo
668 2676 863 2749 formaretur,
885 2675 987 2755 paucis
1010 2683 1040 2737 et
1054 2694 1114 2736 non
1135 2674 1276 2754 gloriosis
1291 2678 1371 2740 esuis
1385 2697 1421 2742 aa

317 2778 430 2848 factus,
465 2784 495 2835 et
520 2775 592 2835 nibil
619 2773 656 2835 de
683 2774 860 2837 lautioribus
893 2775 1062 2838 esurituris.
1116 2775 1392 2856 Reprehendendus

319 2884 435 2939 creator
455 2876 534 2955 quod
557 2876 640 2938 cibos
667 2875 768 2956 potius
796 2876 908 2956 populo
936 2895 992 2940 suo
1021 2876 1143 2940 abstulit
1169 2896 1258 2958 quam
1279 2878 1421 2959 ingratior

317 2976 510 3038 Marcionitis.
542 2977 760 3040 Sacrificiorum
782 2995 900 3057 quoque
922 2997 1013 3040 onera
1036 2986 1066 3040 et
1087 2980 1293 3060 operationum
1316 2989 1348 3043 et
1361 2980 1421 3045 obli

316 3095 389 3139 num
410 3077 581 3157 negotiosas
603 3077 866 3158 scrupulositates·
888 3097 976 3140 nemo
996 3079 1210 3158 reprehendat,
1232 3079 1318 3160 quasi
1333 3080 1411 3145 aeus

165 3193 308 3244 tantuna.
318 3178 376 3240 sibi
398 3179 520 3258 proprie
542 3179 768 3253 desideraverit,
798 3180 849 3259 qui
876 3187 936 3241 tam
958 3180 1114 3241 manifeste
1137 3181 1293 3255 exclamat,
1328 3181 1421 3255 Quo;

315 3278 535 3341 multitudinem
557 3280 769 3342 sacrificiorum
791 3278 984 3342 vestrorum?
1016 3288 1062 3353 et,
1096 3280 1170 3353 Quis
1193 3281 1352 3361 exquisivit
1371 3283 1421 3347 tau

316 3379 452 3443 manibus
473 3379 605 3444 restris?
627 3380 681 3442 sed
703 3380 782 3445 illam
803 3381 851 3442 dei
872 3380 1049 3443 iudustriam
1063 3380 1171 3443 sentiat
1186 3399 1241 3461 qua
1255 3382 1421 3465 populumq

315 3500 387 3544 num
409 3483 440 3543 in
461 3481 658 3545 idololatriam
686 3490 717 3543 et
735 3466 1016 3561 ¹transgressionem
1044 3482 1190 3543 eiusmodi
1219 3482 1325 3544 officiis
1352 3483 1421 3563 relig

315 3600 387 3643 suae
408 3582 501 3643 voluit
527 3582 710 3662 adstringere
742 3581 849 3660 quibus
871 3581 1045 3662 superstitio
1073 3582 1182 3644 saeculi
1203 3583 1359 3662 agebatur,
1392 3594 1421 3651 ιιι

315 3698 350 3741 ea
372 3689 509 3742 avocaret
522 3681 623 3756 “illos,
646 3683 703 3744 sibi
724 3683 831 3745 iubens
852 3682 932 3757 fieri,
955 3684 1039 3762 quasi
1060 3683 1301 3746 desiderantius
1322 3684 1421 3749 simula

196 3858 201 3869 ¹
314 3780 456 3842 faciendis
479 3780 674 3861 delinqueret

180 3909 297 3966 mgni,
400 3882 458 3943 Sed
487 3891 517 3943 et
544 3882 575 3943 iu
602 3882 677 3961 ipsis
700 3883 887 3945 commerciis
915 3885 1049 3955 vitaeet
1075 3884 1310 3947 conversationis
1342 3886 1421 3949 buntt

315 3981 395 4042 domi
418 4000 452 4042 ac
473 3982 546 4043 foris
570 3982 703 4063 adusque
732 4003 832 4046 curam
860 3985 1046 4047 vasculorum
1069 3986 1254 4047 omnifariam
1276 3985 1421 4061 distinxit,

217 4251 221 4258 ,
314 4199 338 4248 2.
357 4207 463 4249 aestuata
482 4200 555 4251 effide.
577 4202 698 4252 Vaticanus
715 4219 782 4254 unus.
819 4212 896 4254 astuta
915 4206 968 4256 abd.
987 4206 1194 4255 titetorztenu's.
1246 4203 1270 4255 3.
1288 4212 1313 4271 et
1330 4204 1421 4258 onan

314 4268 504 4327 restingueretur
521 4269 566 4328 ed,
586 4269 773 4319 lelnlfcrrisins.
826 4271 849 4321 5.
869 4282 964 4322 causata
983 4273 1047 4322 Fuln.
1062 4274 1166 4322 Ursinus.
1203 4270 1236 4322 d.
1253 4271 1322 4324 ilium
1340 4298 1374 4308 -
1391 4294 1421 4307 -

314 4335 432 4398 linqueret
450 4341 490 4384 aut
507 4334 564 4384 illos
581 4360 615 4370 -
633 4361 665 4371 -
684 4337 853 4402 delinquerent
870 4340 1008 4404 leopoldus.
1033 4338 1159 4406 lionopus
1178 4346 1220 4390 est.

346 4500 404 4563 Cap.
430 4501 509 4550 xvtfl.
552 4516 573 4549 a.
601 4498 803 4569 repastinaretur]
837 4505 873 4556 ct.
925 4504 994 4567 gaft.)
1036 4508 1072 4557 Cf.
1097 4507 1132 4557 lie
1154 4507 1266 4571 Spartae.
1290 4505 1378 4573 cap.2.
1403 4514 1421 4559 ιι

312 4568 404 4616 ιιιιιοιι.
421 4568 452 4617 ιιι
471 4568 668 4629 ὓο,ιῖιιΙιιιῖοω.
680 4569 710 4629 ll,
721 4570 745 4620 9.
770 4571 873 4621 llsPae·
923 4573 1001 4623 leiuu.
1019 4574 1074 4625 idn.
1095 4575 1177 4638 Psgcb.
1198 4589 1253 4640 cap.
1264 4573 1304 4623 tt.

312 4637 354 4684 nit.
375 4650 427 4699 cap.
441 4635 480 4685 il.
958 4656 979 4690 c.
996 4643 1171 4692 sacrificiorum
1189 4656 1287 4707 quoque
1304 4656 1380 4693 onera
1392 4648 1417 4695 1

345 4703 369 4753 b.
393 4703 522 4752 comitibus
545 4701 630 4765 gulae,
657 4703 750 4755 libidini
779 4705 873 4757 scilicet
921 4708 1042 4758 rationum
1062 4719 1086 4759 et
1102 4710 1253 4759 oblationum
1263 4709 1421 4773 negotiasset

310 4778 382 4833 atque
400 4766 520 4836 lutariae]
539 4767 652 4821 Eiusdem
663 4781 800 4824 senensest
810 4775 873 4824 inter
922 4775 1079 4839 puloeitates]
1106 4777 1162 4829 llas
1173 4776 1372 4842 ualrnuertpa
1389 4776 1421 4839 ΙΙΙ

309 4846 439 4901 praesepta
467 4838 572 4902 bionpsii
598 4839 697 4891 Catonis
726 4840 873 4904 „indulgere
921 4856 974 4906 cap.
991 4843 1025 4893 to
1052 4844 1240 4906 „mercabataut
1267 4843 1379 4896 ludricis
1403 4842 1421 4895 lt

310 4905 380 4967 gulae
398 4906 458 4968 nuli,
476 4920 538 4971 quae
555 4907 626 4972 penis
644 4908 721 4959 amica
738 4909 802 4958 est.“
820 4908 873 4972 titi·
921 4910 1038 4974 appellat.
1073 4940 1079 4945 -
