3242 5775
316 622 378 688 686
560 637 661 688 otmrr
682 636 811 702 emeram
832 629 995 682 rnonnurrs
1015 634 1209 679 rnnronnmnr

155 801 297 854 ,roxum
317 790 415 852 dicere
435 804 604 851 sermonem
625 804 711 866 quem
732 803 786 864 ego
807 784 923 865 loquor.
966 784 1048 848 Sicut
1068 785 1140 850 milri
1162 793 1244 865 pater
1266 784 1358 857 dixit,
1384 783 1425 848 ita
1446 795 1472 848 et

314 890 429 969 loquor.
461 888 539 949 llaec
559 888 707 967 quomodo
730 886 805 949 dieta
827 887 900 957 sint,
923 887 1135 966 evangelizator
1150 896 1180 949 et
1193 887 1297 966 utique
1312 895 1375 948 tam
1388 904 1471 949 carus

315 989 476 1069 discipulus
497 988 622 1051 loannes
643 988 735 1067 magis
756 1006 844 1068 quam
864 988 990 1050 Praxeas
1011 987 1177 1060 ²'noverat,
1199 988 1328 1067 ideoque
1351 988 1416 1068 ipse
1437 988 1471 1050 do

165 1103 372 1166 ro.xut‚r.sruo
395 1109 502 1163 sensu,
522 1091 596 1161 Ante
617 1098 714 1151 autem
736 1088 960 1151 sollemnitatem
982 1089 1122 1168 paschae,
1146 1090 1253 1171 inquit,
1276 1089 1376 1151 sciens
1393 1090 1471 1152 lesus

314 1192 411 1256 omnia
432 1190 488 1253 silvi
510 1191 613 1253 tradita
634 1210 651 1251 a
673 1199 754 1270 patre
776 1209 861 1263 esse,
883 1198 913 1251 et
934 1209 968 1252 se
989 1210 1025 1251 ex
1044 1189 1101 1253 deo
1123 1189 1238 1264 ”csse,
1259 1189 1319 1252 ²‘et
1333 1192 1371 1253 ad
1386 1191 1471 1253 deum

313 1293 428 1358 vadere.
471 1291 530 1354 Sed
551 1292 677 1354 Praxeas
700 1292 796 1371 ipsum
817 1290 878 1353 vult
897 1300 1011 1371 patrem
1040 1292 1076 1353 de
1105 1292 1263 1371 semetipso
1295 1293 1413 1365 exisse,
1445 1301 1472 1354 et

253 1385 257 1392 ’
313 1396 351 1458 ud
372 1393 563 1474 semetipsum
584 1393 699 1465 abisse,
735 1402 768 1455 ut
788 1391 921 1457 diabolus
944 1392 974 1453 in
997 1412 1048 1455 eor
1069 1393 1157 1454 ludae
1180 1412 1239 1454 non
1261 1394 1313 1454 lilii
1336 1394 1470 1455 traditio·

314 1513 399 1569 nem,
421 1493 473 1555 sed
494 1494 591 1574 patris
607 1493 701 1574 ipsius
723 1493 880 1556 inmiserit.
914 1494 975 1556 Nec
989 1494 1105 1557 diabolo
1120 1493 1212 1567 bene,
1234 1513 1291 1556 uec
1311 1494 1470 1568 haeretico,

305 1596 382 1677 guia
403 1613 458 1657 neo
478 1595 508 1657 ia
530 1594 589 1658 lilio
612 1594 692 1657 bono
716 1612 771 1656 suo
786 1593 920 1656 diabolus
936 1604 1074 1681 operatus
1089 1604 1136 1658 est
1150 1596 1348 1657 traditionem.
1377 1596 1470 1672 ¹Filius

315 1696 392 1760 enim
422 1695 546 1758 traditus
575 1704 621 1758 est
646 1695 710 1768 dei,
742 1694 792 1775 qui
821 1704 883 1757 erat
909 1696 940 1756 in
967 1696 1027 1757 lilio
1050 1697 1197 1768 hominis,
1227 1697 1304 1758 sicut
1326 1698 1470 1778 scriptura

177 1813 303 1867 renuet.
314 1796 476 1876 subiungit:
499 1796 583 1858 Nunc
603 1796 779 1876 glorificatus
801 1805 848 1857 est
868 1795 944 1858 lilius
965 1796 1109 1869 hominis,
1132 1797 1189 1859 ”et
1203 1797 1277 1859 deus
1292 1798 1470 1877 glorificatus

314 1907 360 1976 est
379 1899 411 1960 in
432 1898 491 1959 illo.
536 1897 610 1969 Quis
633 1895 730 1959 deus?
766 1895 869 1976 Utique
891 1916 950 1957 non
972 1907 1071 1977 pater,
1094 1900 1146 1960 sed
1168 1917 1266 1960 sermo
1288 1900 1400 1980 patris,
1424 1898 1470 1981 qui

314 2000 428 2064 eratin
449 1998 508 2060 lilio
532 1997 676 2069 hominis,
709 1998 738 2059 id
761 2007 806 2061 est
827 1998 857 2059 in
879 2017 990 2086 earne,
1008 1999 1038 2060 in
1067 2007 1174 2080 quaet
1201 1999 1381 2077 glorificatus
1404 2002 1469 2076 iam,

315 2101 421 2163 virtute
441 2118 511 2161 vero
534 2109 565 2161 et
585 2117 739 2172 sermone,
761 2109 792 2161 et
811 2108 879 2160 ante
900 2098 1021 2161 ²“lesus
1054 2099 1118 2162 ”Et
1133 2101 1221 2173 deus,
1243 2101 1355 2180 iuquit,
1377 2102 1468 2182 ”glo-

313 2200 437 2264 rificabit
456 2201 536 2263 illum
559 2201 587 2262 in
610 2200 787 2280 semetipso,
809 2200 840 2262 id
862 2209 907 2262 est
928 2209 1011 2280 pater
1032 2201 1140 2275 lilium,
1168 2201 1281 2281 ¹⁹quem
1304 2202 1335 2263 in
1359 2213 1469 2265 semet·

313 2302 379 2384 ipeo
401 2302 529 2376 liabens,
564 2303 620 2363 etsi
641 2310 808 2381 porrectum
831 2303 867 2363 ad
895 2313 1020 2375 terram,
1050 2322 1118 2365 mox
1145 2321 1198 2383 per
1219 2305 1469 2368 resurrectionem

314 2403 437 2467 ⁸⁰morte
459 2403 569 2465 devicta
577 2406 599 2466 l.

173 2527 302 2585 σφων.
397 2504 502 2566 'Erant
520 2504 607 2585 plano
628 2504 677 2584 qui
699 2512 728 2565 et
749 2511 819 2566 tunc
840 2522 899 2566 non
920 2504 1129 2584 intellegerent.
1160 2505 1324 2580 ’Quoniam
1340 2514 1372 2568 et
1387 2509 1467 2569 Tho-

185 2623 298 2675 vonas.
312 2624 375 2669 mas
396 2605 573 2684 aliquamdiu
594 2604 778 2678 incredulus,
800 2604 956 2682 'Domine,
978 2606 1100 2686 inquit·,
1122 2627 1182 2668 non
1198 2608 1307 2669 scimus
1323 2627 1385 2689 quo
1408 2628 1468 2685 eas,

164 2705 512 2788 10.xvv,s·q.etquomodo
534 2705 609 2766 viam
630 2703 788 2767 novimus?
831 2706 868 2768 ut
892 2706 990 2768 lesus:
1022 2707 1086 2798 Ego
1113 2726 1178 2770 sum
1206 2708 1267 2782 via,
1301 2711 1412 2772 veritas
1441 2719 1470 2773 et

314 2808 386 2870 vita:
408 2824 494 2867 nemo
516 2807 595 2867 venit
616 2805 651 2867 ad
674 2816 785 2886 patrem
806 2808 863 2869 nisi
885 2827 939 2889 per
959 2828 1023 2884 me;
1044 2811 1070 2871 si
1092 2810 1307 2890 cognovissetis
1329 2830 1394 2886 me,
1417 2831 1468 2874 co-

313 2908 491 2990 gnovissetis
514 2917 542 2970 et
562 2917 692 2988 patrem3
722 2907 793 2969 *sed
815 2907 920 2972 ablrino
941 2912 1038 2973 nostis
1067 2911 1163 2985 illum,
1192 2921 1221 2973 et
1241 2912 1355 2975 vidistis
1379 2915 1468 2976 illum.

313 3011 350 3073 Et
371 3008 557 3090 pervenimus
577 3009 636 3070 iam
657 3010 694 3070 ad
714 3009 896 3090 Philippum,
919 3013 969 3091 qui
991 3032 1045 3093 spe
1067 3013 1207 3075 excitatus
1230 3013 1346 3075 videndi
1368 3016 1468 3096 patrie,

313 3131 369 3174 nec
389 3110 560 3189 intellegens
582 3110 730 3191 quomodo
753 3111 848 3174 visum
869 3121 980 3192 patrem
1002 3113 1150 3186 audisset,
1185 3114 1332 3189 Ostende,
1364 3116 1468 3197 inquit,

164 3213 400 3290 n.11r,stq.nobis
421 3222 549 3293 patrem,
572 3219 603 3273 et
623 3212 731 3274 suilieit
750 3210 849 3299 uoltis.
884 3212 920 3274 Et
939 3214 1091 3276 dominus:
1114 3215 1263 3295 Philippo,
1287 3224 1367 3277 tanto
1392 3225 1468 3280 tem-

311 3333 385 3396 pore
406 3313 556 3376 vobiscum
579 3332 663 3387 sum,
686 3322 715 3374 et
736 3331 796 3374 uon
819 3315 996 3393 cognovistis
1019 3313 1089 3377 me?
1122 3316 1215 3389 Quem
1238 3316 1309 3378 dicit
1329 3318 1468 3396 cognosci

312 3416 348 3480 ab
370 3415 428 3478 illis
451 3416 589 3477 debuisse
611 3416 681 3491 (hoc
702 3415 780 3477 enim
807 3414 904 3477 solum
926 3417 1032 3478 discuti
1054 3423 1197 3496 oportet),
1233 3419 1317 3497 quasi
1342 3427 1468 3499 patrem,

312 3535 350 3579 an
371 3517 454 3598 quasi
474 3513 589 3579 lilium?
632 3516 664 3578 Si
687 3517 770 3596 quasi
791 3526 920 3597 patrem,
951 3518 1055 3580 doceat
1074 3519 1199 3580 Praxeas
1226 3527 1305 3580 tanto
1334 3529 1469 3601 tempore

313 3704 617 3756 macaronesum.
669 3702 709 3753 23.
729 3706 805 3753 exisse
820 3704 855 3765 ‘d.,
875 3721 925 3755 eum
942 3706 1022 3755 Fulvio
1042 3706 1131 3756 Ursino.
1188 3705 1228 3755 tt.
1247 3713 1271 3755 et
1288 3708 1381 3757 omit.
1428 3707 1468 3758 25.

313 3780 337 3822 et
354 3774 434 3823 eund
452 3773 516 3822 leid.
568 3770 908 3822 reponeremus.
950 3773 1037 3832 lesum,
1056 3782 1079 3822 et
1095 3775 1151 3823 libri
1167 3789 1252 3824 omnes.
1312 3774 1353 3824 ll.
1378 3784 1403 3824 et
1426 3794 1468 3827 ortt.

312 3845 338 3893 Δ.
357 3841 420 3890 tete
471 3838 512 3888 28.
530 3838 671 3899 glorificabit
688 3854 738 3902 eoo.
778 3840 917 3900 gloridearlt
934 3841 988 3891 lilri
1005 3856 1089 3891 nanee.
1148 3840 1188 3890 29.
1206 3855 1275 3906 quern
1295 3842 1319 3891 in
1342 3843 1386 3892 An.
1406 3845 1468 3894 leid.

313 3909 445 3971 inrelipui.
496 3905 537 3954 30.
552 3906 691 3966 glorillcarit
709 3914 785 3956 morte
802 3907 892 3957 devicta
909 3910 941 3969 d,
961 3924 1011 3958 eum
1028 3910 1107 3959 Fulvio
1127 3908 1216 3958 llrsirro.

379 3974 437 4038 Cep.
455 3972 531 4022 xxiv.
567 3972 589 4021 l.
608 3972 679 4022 Erint
696 3974 736 4022 tibi
754 3976 817 4032 tte.
837 3976 879 4034 ibi)
896 3975 967 4039 plene
986 3977 1073 4040 qnippe
1089 3978 1129 4040 qni
1148 3982 1172 4027 l.
1192 3979 1254 4027 leid.
1303 3975 1327 4025 2.
1345 3978 1468 4040 quomodo

276 4048 288 4071 ·
312 4043 337 4093 t.
355 4042 419 4092 laeid.
469 4039 493 4090 3.
512 4039 619 4100 llomine,
637 4041 712 4105 inquit
729 4057 778 4105 ego.
812 4041 913 4094 Domine
930 4044 1003 4104 enim,
1020 4045 1097 4109 inquit
1114 4046 1149 4095 ed.
1190 4045 1291 4095 Domino
1310 4047 1374 4094 enim
1394 4047 1470 4112 inquit

311 4108 385 4159 tto.
436 4108 460 4157 4.
478 4108 520 4157 sed
538 4116 562 4157 et
578 4108 665 4158 abhinc
680 4110 737 4159 tta.
755 4110 819 4159 leid.

346 4242 369 4291 h.
395 4243 536 4305 gloridmbit
559 4243 626 4294 illum
645 4270 676 4279 -
694 4269 726 4280 -
750 4258 803 4293 mox
821 4259 865 4307 per
914 4245 1053 4310 semetipso,
1079 4246 1101 4295 id
1125 4254 1161 4295 est
1183 4255 1252 4310 pater
1270 4247 1354 4305 illium,
1379 4245 1467 4312 quippe

314 4313 511 4362 resurrectionem
530 4321 606 4362 morte
624 4307 734 4377 devicta]
751 4312 785 4361 lta
805 4312 864 4362 haec
915 4328 985 4378 quem
1004 4315 1026 4362 in
1044 4315 1175 4377 semetipso
1194 4315 1292 4368 habeus,
1320 4315 1363 4365 etsi
1381 4331 1467 4380 porre-

312 4379 382 4427 verba
406 4380 498 4429 distinxi
528 4388 597 4444 atque
626 4380 754 4429 emendavi.
797 4379 865 4430 Nunc
915 4390 977 4430 etum
997 4382 1025 4430 ad
1043 4390 1130 4430 terram
1155 4389 1178 4431 et
1205 4391 1331 4441 mortuum,
1359 4398 1413 4434 mor
1432 4393 1467 4432 ta·

313 4446 457 4509 glorilleatus
482 4455 518 4497 est
540 4448 602 4498 tilius
626 4448 737 4505 hominis,
764 4455 787 4496 et
804 4447 863 4496 deus
914 4448 1379 4514 menglorilicalvitperresorrectionem
1392 4460 1467 4501 morte

313 4515 458 4577 glorificatus
476 4522 511 4564 est
529 4516 553 4564 in
565 4516 614 4566 illo.
638 4511 785 4574 Oelidensl
812 4515 863 4565 Uti·
914 4516 1011 4566 devicta.

313 4597 359 4650 qne
376 4596 423 4631 non
442 4590 517 4645 pater,
536 4584 617 4647 iuquit,
636 4583 678 4632 sed
688 4597 768 4632 sermo
779 4583 862 4646 patrie,
947 4584 1004 4647 Cep.
1023 4583 1097 4633 lllllll.
1124 4598 1145 4632 a.
1164 4584 1272 4644 Domine,
1283 4582 1370 4649 inquit]
1388 4586 1466 4636 llelevi

313 4651 352 4714 qni
371 4658 421 4699 eret
439 4651 462 4698 in
480 4649 528 4698 lllio
540 4651 651 4708 hominis,
669 4651 691 4699 id
703 4652 771 4699 estin
782 4664 862 4710 carne,
911 4651 1052 4715 particulam
1074 4654 1140 4711 euim,
1166 4662 1191 4701 ut
1209 4667 1269 4716 qnae
1287 4663 1421 4703 accreverat
1439 4668 1466 4703 ex

312 4718 335 4767 in
354 4733 399 4782 que
418 4725 440 4766 et
458 4717 602 4778 glorillcatus
621 4719 665 4766 iam
684 4727 737 4766 ante
755 4726 805 4767 eret
823 4717 861 4766 le·
911 4720 1077 4768 terminatione
1095 4720 1159 4768 vocis
1176 4735 1332 4786 praegressae
1357 4731 1380 4771 et
1399 4722 1465 4771 initio

311 4799 362 4846 sus,
379 4785 523 4848 glorificatus
541 4800 595 4835 vero
611 4787 693 4835 virtute
705 4793 729 4835 et
741 4800 859 4836 sermone.
910 4788 974 4838 vocis
992 4789 1147 4852 insequentis.

312 4852 341 4903 lit
364 4854 437 4916 dens,
463 4852 553 4917 inquit,
579 4853 718 4916 glorilleabit
745 4852 811 4904 illum
836 4853 860 4903 in
