3242 5775
189 707 192 714 ,
264 632 336 699 'tto
411 675 415 683 ι
523 646 626 700 oumrr
648 643 780 689 amrmn
801 640 967 687 ruossano
990 637 1187 685 resumtum

273 798 352 862 euim
374 793 607 875 ¹'uuusquisque
629 793 675 856 rel
695 800 795 857 motus
817 791 854 853 dc
876 791 969 871 gradu
991 789 1055 851 eius
1077 786 1141 868 spei
1163 804 1250 866 quam
1274 794 1453 865 susceperat

273 893 351 981 apud
373 905 538 958 creatorem
559 894 644 957 lacile
664 894 722 957 iam
746 892 908 955 declinatur
925 892 961 953 ad
977 890 1096 952 alterius
1112 888 1177 968 spei
1192 895 1345 949 auctorem
1363 886 1452 948 etiam

274 998 381 1062 ”ultro
410 995 632 1077 suspicandum.
681 994 739 1056 Per
761 993 960 1055 diversitatem
990 992 1069 1052 enim
1092 988 1325 1069 promissionum
1349 987 1452 1048 diver·

276 1100 349 1165 sitas
370 1097 539 1161 insinuatur
554 1096 688 1158 deorum.
722 1095 772 1157 Sic
794 1094 904 1155 multos
925 1093 1091 1174 '‘vincetitus
1114 1089 1265 1160 ridemus,
1289 1088 1359 1149 dum
1383 1095 1455 1149 aute

275 1200 313 1264 ds
334 1197 554 1261 resurrectione
577 1195 674 1259 caruis
697 1195 875 1257 ”eliduntur
897 1213 983 1273 quam
1005 1193 1042 1254 de
1064 1192 1174 1253 unione
1190 1189 1351 1251 divinitatis
1365 1188 1453 1250 ”eli-

276 1301 377 1363 dante
419 1296 513 1378 igitur
534 1303 675 1375 quantum
696 1297 731 1358 ad
754 1294 937 1366 haereticos,
970 1292 1238 1355 demonstravimus
1267 1309 1327 1369 quo
1356 1307 1453 1351 cuneo

275 1397 521 1463 ¹'oiacurrendum
550 1381 633 1458 sit'a
661 1396 760 1458 nobis.
815 1396 852 1456 lit
878 1412 1034 1480 occursum
1063 1403 1110 1454 est
1137 1392 1222 1453 ”iam
1251 1409 1308 1453 suo
1332 1407 1455 1469 quoque

275 1499 378 1573 titulo,
401 1496 438 1560 de
461 1498 517 1559 deo
540 1496 658 1576 quidem
682 1497 769 1558 unico
792 1503 821 1556 et
844 1495 962 1557 Christo
992 1492 1073 1554 eius‘
1093 1493 1235 1554 adversus
1257 1490 1451 1564 Marcionem,

277 1599 315 1662 de
336 1616 424 1661 carue
444 1616 515 1659 nero
538 1596 650 1658 domini
673 1597 760 1658 etiam
783 1597 925 1658 adversus
945 1603 1081 1673 quatuor
1103 1595 1274 1666 haeresest,
1309 1591 1345 1653 ad
1376 1592 1454 1652 hanc

276 1698 404 1762 maxime
424 1698 629 1777 quaestionem
651 1696 912 1778 praestruendam3
933 1695 976 1756 uti
999 1714 1078 1756 nuuc
1100 1695 1136 1755 de
1153 1694 1216 1755 sola
1231 1693 1329 1755 carnis
1345 1710 1452 1753 resur-

276 1798 410 1861 rectione
432 1797 473 1858 ita
494 1797 715 1876 ”digerendum
739 1798 793 1869 sit,
822 1805 961 1875 tanquam
991 1813 1083 1875 penes
1106 1814 1163 1856 nos
1186 1813 1306 1873 quoque
1328 1794 1453 1866 incerta,

276 1898 308 1961 id
330 1907 377 1960 est
397 1914 490 1978 penes
512 1907 685 1959 creatorem.
729 1898 801 1958 Nam
823 1897 958 1959 etmulti
981 1897 1085 1968 rudes,
1109 1905 1139 1957 et
1159 1894 1293 1975 plerique
1317 1913 1372 1955 sua
1395 1894 1454 1956 lide

279 1996 376 2071 dubii,
400 2006 431 2058 et
452 1984 601 2078 simplices
623 1998 740 2078 plures,
769 2016 845 2076 quos
867 1997 992 2070 instrui,
1021 1996 1124 2075 dirigi,
1152 1996 1261 2059 muniri
1289 1995 1453 2075 oportebit,

279 2097 347 2177 quia
369 2104 399 2159 et
420 2096 478 2158 hoc
499 2096 589 2159 latere
612 2098 683 2159 uuio
705 2096 866 2159 divinitatis
880 2095 1093 2158 ''deiendetun
1127 2095 1239 2157 ³²Sicut
1253 2096 1331 2157 enim
1347 2103 1455 2173 negata

280 2196 378 2260 camis
400 2198 620 2259 resurrectione
642 2199 823 2271 concutitur,
847 2197 885 2266 ita
900 2196 1045 2258 vindicata
1059 2196 1302 2259 ”constabilitum
1331 2195 1455 2258 Animae

280 2304 377 2359 sutem
401 2296 525 2358 salutem
547 2298 636 2358 credo
658 2306 817 2360 retractatu
840 2316 952 2358 carere.
992 2298 1104 2359 Omnes
1127 2298 1205 2358 enim
1227 2299 1289 2358 lere
1312 2298 1453 2358 haeretici

280 2415 346 2459 eam
372 2394 522 2476 ⁸'qumque
551 2397 640 2459 modo
668 2397 814 2471 ⁸molunt,
847 2406 944 2460 tamen
973 2417 1034 2459 non
1065 2406 1182 2476 negant.
1233 2396 1347 2459 Viderit
1375 2416 1456 2460 uuus

280 2494 398 2576 ⁸'aliqui
421 2495 589 2569 lucanus&
611 2516 668 2559 nec
690 2497 758 2560 huic
779 2496 898 2576 quidem
921 2498 1103 2559 substantiae
1126 2517 1266 2578 parcens,
1289 2516 1378 2577 quam
1401 2517 1453 2561 se·

280 2594 408 2657 mudum
430 2595 617 2657 Aristotelem
641 2598 824 2659 dissolvens³
847 2597 924 2659 aliud
945 2597 1044 2676 ⁸'quid
1066 2618 1120 2677 pro
1144 2619 1177 2660 ea
1201 2598 1323 2671 subicit,
1357 2597 1454 2661 ”ter-

278 2693 353 2756 tium
374 2693 512 2774 quiddam
534 2709 775 2771 resurrecturus,
798 2717 894 2777 neque
917 2698 1012 2759 anima
1035 2717 1131 2778 neque
1153 2718 1238 2773 caro,
1269 2699 1299 2760 id
1322 2708 1455 2761 estnon

279 2794 387 2869 homo,
410 2793 464 2857 sed
487 2813 575 2858 ursus
598 2798 740 2872 forsitan,
762 2798 847 2878 ”qua
870 2799 1040 2860 Lucanus&
1079 2799 1174 2861 Habet
1196 2811 1225 2860 et
1246 2800 1304 2863 iste
1325 2819 1342 2862 a
1365 2799 1456 2862 uobis

280 2945 322 2996 20.
340 2947 513 3011 unusquisquis
531 2949 557 2998 t.
608 2948 650 2999 tt.
668 2949 733 3000 ultro
752 2950 822 3001 catu.
841 2953 956 3012 laurent,
977 2954 1040 3002 Folo.
1052 2954 1157 3003 Ursinus.
1193 2954 1254 3003 ultra
1272 2954 1329 3004 Alie.
1347 2960 1395 3004 tres
1409 2955 1456 3004 Vu-

280 3015 360 3063 tioeni.
411 3012 451 3062 25.
472 3014 591 3065 hereticos
610 3016 633 3066 lt.
687 3016 727 3066 to.
746 3017 839 3067 elidunt
858 3019 882 3067 0.
936 3018 976 3068 tt.
996 3022 1086 3070 elidant
1103 3024 1128 3071 t.
1163 3021 1457 3071 stoliditatemque

280 3080 306 3129 le
324 3078 404 3130 cata
455 3078 497 3130 28.
523 3084 698 3133 occurrendum
722 3086 773 3134 ted.
814 3084 990 3135 decurrendum
1014 3091 1107 3153 reliqui,
1133 3089 1278 3138 elicerent.
1338 3086 1380 3138 20.
1406 3088 1455 3137 iam

281 3147 384 3208 natea,
400 3147 489 3224 ⁸etiam
506 3150 583 3199 loca.
602 3151 709 3201 laurent.
767 3151 808 3201 30.
827 3153 983 3214 digerendum
1002 3158 1042 3215 sit,
1067 3165 1179 3219 tanquam
1198 3171 1273 3219 penes
1292 3170 1337 3203 nas
1355 3169 1455 3219 quoque

281 3213 372 3263 incerta
389 3212 580 3275 (incertumdltl
599 3218 631 3267 it·
641 3228 677 3268 est
695 3219 740 3279 (rel
755 3219 827 3268 ortt.
853 3235 883 3269 uc
901 3229 938 3269 est
955 3224 979 3270 t.
990 3224 1106 3282 laurent.)
1125 3237 1200 3287 penes
1219 3231 1353 3272 creatorem
1365 3223 1456 3273 Adule.

280 3281 389 3331 ΒΜ.
429 3282 490 3358 llaec
513 3286 628 3348 sciptura
642 3288 741 3350 primunt
765 3285 878 3337 emanarit
903 3289 932 3337 de
949 3292 1016 3338 codd.
1036 3291 1154 3353 Ganqaeii.
1207 3290 1313 3351 digeram
1338 3297 1454 3353 tanquam

280 3360 419 3412 peucenos
438 3356 563 3411 incertum,
581 3353 637 3401 dum
652 3354 684 3404 sit
701 3368 798 3418 quoque
816 3363 907 3404 eertum
927 3371 1001 3419 panas
1019 3366 1152 3406 creatorem
1173 3356 1212 3407 sd.
1243 3358 1350 3407 Proiecit
1363 3358 1400 3406 Fr.
1414 3360 1455 3406 ls-

280 3415 342 3464 eists.
383 3412 424 3463 31.
443 3415 580 3467 delenditur
597 3427 643 3469 tres
665 3421 774 3471 l'oticoai.
819 3420 858 3470 ³2.
878 3423 952 3471 Sicuti
971 3426 1022 3474 led.
1066 3424 1289 3474 sustantialis.
1330 3421 1372 3474 31.
1391 3436 1455 3488 qua·

281 3480 354 3530 mdo
372 3481 398 3531 G.
415 3481 452 3539 (dt
468 3485 494 3531 in
510 3499 582 3547 sacro.
601 3495 634 3536 est
652 3501 750 3550 quoquo
769 3489 861 3543 modoi.
904 3491 1140 3540 salatratatus.
1202 3491 1243 3541 35.
1261 3490 1335 3540 velint
1354 3493 1386 3549 d,
1407 3493 1456 3541 la-

280 3549 362 3624 unios.
404 3546 446 3597 30.
464 3549 538 3613 aliqui
555 3553 635 3610 (alicui
652 3556 689 3612 Δ.)
707 3556 811 3606 lactea.
848 3556 934 3620 aliquis
953 3576 975 3606 o.
1017 3558 1249 3622 aequitania.
1294 3558 1335 3608 38.
1356 3561 1454 3609 tertium

281 3613 395 3692 quiddam
414 3624 593 3668 resurrecturus
611 3623 645 3670 le.
685 3623 781 3672 tertium
800 3623 913 3686 quiddam
932 3633 1123 3675 resurrecturum
1147 3645 1177 3687 o,
1198 3630 1226 3677 de
1244 3628 1312 3676 codd.
1331 3626 1455 3690 Ganpneii.

281 3681 394 3797 lurddam
414 3691 604 3734 resurrectorum
622 3681 683 3738 100.
702 3691 809 3751 laurent.
850 3692 918 3753 quasi
944 3694 975 3740 ait
1000 3693 1095 3741 tertium
1120 3694 1232 3757 quiddam
1259 3702 1457 3743 resurrecturum

306 3763 366 3811 ,ex
382 3750 493 3799 enudat.
511 3749 673 3803 Fidallrsini.
726 3754 767 3806 ³9.
785 3771 832 3820 qus
851 3759 902 3808 led.
938 3762 1049 3823 tanquam
1068 3763 1160 3825 reliqui,
1180 3769 1201 3811 et
1219 3761 1326 3811 laurent

315 3893 337 3930 e.
356 3892 427 3959 qaam
445 3880 476 3929 ds
492 3882 580 3959 unione
591 3883 719 3935 divinitatis
729 3884 843 3956 elidunt]
891 3890 1067 3954 Pseudo-Orig.
1087 3894 1268 3957 Philosophum.
1288 3894 1392 3958 papas.
1416 3897 1458 3948 ed.

282 3940 360 4005 Quarti
377 3946 402 3994 lu
420 3959 474 4011 ipsa
484 3945 660 3999 haereticorum
670 3960 748 4003 eastra
758 3963 841 4018 aperte
892 3958 982 4009 llillcr:
1006 3953 1053 4016 ..Ὀ
1071 3954 1194 4025 μὲν-γὰρ
1214 3957 1330 4009 Πλάτων
1347 3954 1457 4010 ‹idciro-

282 4008 417 4089 dischuut
438 4012 471 4091 dc
486 4015 577 4091 unione
602 4018 737 4080 divinitatis,
763 4022 842 4071 idest
891 4038 952 4086 aaa,
976 4018 990 4073 ὅ
1017 4023 1046 4076 δὲ
1062 4018 1245 4093 Ἀριστοιὲᾈης
1267 4023 1360 4079 intrim
1382 4026 1458 4080 ένειν

281 4076 402 4141 duplicem
421 4075 566 4130 divinitatem
584 4085 717 4147 suadendo,
735 4088 781 4138 ism
800 4104 840 4138 re·
891 4086 937 4138 καὶ
953 4089 1022 4156 μετὰ
1041 4095 1126 4143 ταῦτα
1152 4088 1197 4142 καὶ
1224 4088 1326 4155 ταύτην
1362 4112 1455 4163 ναφα·

280 4156 323 4194 rsa
334 4152 357 4194 et
367 4147 484 4206 genuinae
498 4152 596 4209 repulsa
606 4161 739 4203 sectatores
749 4155 841 4205 elisuri.
891 4153 1016 4213 νίζεσθαι
1039 4159 1077 4226 τῷ
1095 4158 1324 4229 πεμτῷ.σώματι,
1355 4154 1456 4213 drino·

315 4211 333 4260 l.
357 4208 390 4288 da·
411 4211 456 4290 deo
481 4216 578 4277 quidem
603 4220 674 4269 unico
698 4230 721 4270 st
745 4221 841 4272 Christo
892 4216 1087 4278 alacritatem
1108 4226 1178 4294 ’μετὰ
1202 4229 1257 4278 τῶν
1281 4226 1371 4279 ἄλλων
1395 4244 1454 4281 reo·

282 4272 346 4340 sius}
364 4275 443 4328 tiara
461 4281 482 4330 ll
501 4289 525 4331 et
542 4282 575 4333 lll
594 4284 644 4335 adr.
662 4286 818 4338 ldsrcionem.
893 4285 996 4357 ὀάρων,
1017 4294 1064 4342 τοῦ
1083 4310 1111 4345 re
1129 4290 1215 4359 πυρὸς
1231 4291 1277 4345 καὶ
1293 4294 1454 4363 τῆςγῆςκαὶ

315 4355 338 4405 ι.
356 4342 386 4394 da
410 4361 482 4396 carue
505 4364 561 4399 roro
586 4351 677 4403 domini
701 4356 771 4405 etiam
796 4356 840 4405 sd·
892 4359 941 4407 τοῦ
959 4352 1058 4416 idaeos
1080 4358 1126 4411 καὶ
1150 4361 1198 4411 τοῦ
1224 4356 1303 4430 ἀέρος
1328 4362 1455 4416 hardre-

280 4416 707 4544 anutonmina
721 4420 841 4540 lituu
891 4441 951 4544 o·
978 4415 1199 4547 altono
1307 4432 1402 4498 Μ
1423 4434 1456 4484 Μ

377 4514 384 4538 s
913 4511 960 4544 10.
999 4513 1058 4545 001.
1189 4535 1194 4546 .
1468 4535 1477 4541 -

279 4542 416 4621 Marcionis,
435 4547 534 4598 alteram
553 4552 652 4614 Apellis,
676 4562 700 4603 et
717 4555 777 4606 dass
795 4558 841 4606 Va·
925 4513 951 4610 Ιξ
966 4579 1011 4626 qua
1031 4535 1162 4631 lmeamls]
1181 4556 1301 4616 Cllirro
1316 4566 1456 4632 fictisque

279 4608 478 4662 lenltutouorum·
890 4630 941 4678 Lat.
960 4631 984 4687 V,
1004 4632 1051 4680 100
1077 4635 1152 4694 „ilasi
1176 4635 1271 4683 Lucana
1298 4636 1382 4696 origo,
1415 4637 1453 4684 sel

314 4677 338 4726 h.
357 4676 479 4796 Lucanusd
505 4683 537 4731 us
556 4680 602 4734 ltoc
625 4687 656 4734 tl.
675 4689 730 4738 ldr.
749 4691 839 4740 Omnes
892 4698 954 4743 uuile
973 4697 1016 4756 illi,
1036 4703 1120 4759 nostri,
1145 4698 1276 4764 adipsius
1294 4704 1379 4751 roce.‘·
1416 4702 1456 4751 td.

275 4740 378 4820 Baetes.
397 4759 483 4810 cap..
542 4816 547 4826 .
706 4818 714 4832 ι
888 4761 937 4821 vlt,
948 4762 980 4812 to
999 4758 1092 4830 „aitque
1111 4771 1160 4817 ursi
1178 4770 1258 4833 potius
1269 4769 1359 4819 Lucani
1378 4785 1454 4835 quam

313 4825 328 4860 ι.
352 4813 484 4864 secuudum
509 4818 661 4870 Aristotelem
691 4816 838 4891 dissolvens]
889 4828 974 4879 Luci.“
