3242 5775
663 469 830 517 -nesnms,
1272 457 1396 525 uo*

162 619 236 687 tur?
262 611 399 684 'mrbus'
420 626 509 701 putea
530 620 688 693 iudicium,
710 637 748 682 an
770 617 891 702 incipit·
911 619 1183 703 praecipitarisan
1202 624 1336 706 praenu-

160 719 306 788 uimril
348 719 410 786 lant
437 739 510 783 vero
537 739 626 802 qnam
647 721 867 801 iniquissimum
888 721 1020 785 'ebant‘
1047 722 1126 803 apud
1148 722 1280 799 iulerosi
1308 725 1338 788 si

162 821 389 889 comnibus
410 822 507 884 adbuc
526 822 587 885 illic
606 821 683 883 beno
704 830 769 896 est,
791 830 822 885 et
835 822 1045 886 innocentibus
1059 820 1218 887 nonium?
1246 824 1337 901 ortt,

165 922 317 1005 ”amplius
338 922 384 984 rie
406 940 475 985 esse
496 932 565 1002 post
586 934 713 985 mortem
736 924 918 986 ¹¹contusam
941 941 1026 1004 spem
1053 932 1083 987 et
1101 923 1216 987 incerta
1242 943 1336 1006 expe·

163 1023 291 1098 ctatione
311 1024 480 1100 ludentem,
507 1041 545 1085 un
572 1024 649 1086 ritae
670 1042 829 1087 recensum
857 1024 915 1086 ianr
936 1033 968 1086 et
988 1024 1208 1087 ordinationem
1234 1025 1337 1090 iudicii

162 1121 391 1189 inhorrentem?
423 1124 549 1204 Semper
569 1132 667 1186 autem
689 1133 825 1205 expectat
844 1124 941 1186 anima
963 1142 1091 1206 corpus,
1114 1134 1150 1188 ur
1167 1125 1269 1189 doleat
1285 1135 1338 1192 aut

163 1222 338 1308 ”promti
370 1223 477 1287 Nonne
498 1233 530 1286 et
549 1225 588 1286 rle
608 1244 665 1287 suo
687 1225 796 1288 suibut
817 1226 876 1288 sibi
898 1225 935 1287 etl
956 1233 1115 1306 utrumque
1129 1225 1247 1290 titulum
1260 1245 1336 1309 par-

160 1325 282 1391 rionis?
318 1326 466 1402 Quotiens
489 1325 631 1388 ”inlaeso
653 1344 781 1407 corpore
802 1326 900 1388 anima
921 1327 986 1389 sola
1006 1335 1163 1407 torquetur
1181 1327 1258 1400 bile,
1279 1329 1335 1404 ira,

162 1429 278 1502 medio,
300 1428 475 1509 plerumque
496 1445 553 1489 nec
574 1427 632 1489 sibi
653 1425 751 1489 noto?
794 1427 942 1500 Quotiens
971 1428 1044 1490 itern
1070 1445 1199 1508 corpore
1224 1429 1336 1494 afflictu

161 1530 301 1593 lurtirum
323 1528 382 1591 sibi
403 1528 501 1590 anima
527 1528 666 1607 gaudium
694 1527 837 1607 exquirit,
871 1537 901 1589 et
928 1546 955 1598 a,
972 1528 1108 1608 corporis
1137 1528 1336 1611 ¹‘importune

162 1640 231 1693 tnnc
251 1629 395 1693 nocetam
416 1627 551 1692 secedit?
583 1628 710 1692 Mentior
731 1629 758 1689 si
780 1647 842 1689 non
863 1628 990 1709 deipsis
1006 1628 1184 1692 cruciatibus
1199 1631 1336 1712 corporis

163 1739 192 1794 st
211 1731 333 1811 gloriari
354 1738 384 1794 et
405 1730 534 1811 gaudere
563 1730 627 1792 sola
655 1730 819 1791 consuevit.
869 1727 997 1809 llesplce
1024 1729 1060 1791 ad
1082 1729 1167 1793 llutii
1194 1731 1334 1812 unimam,

161 1815 236 1895 sum'
247 1831 399 1894 buteram
412 1817 505 1895 'suam
520 1830 639 1912 ignibus
654 1829 758 1904 solvit3
779 1830 898 1918 respice
913 1829 977 1892 “ad
991 1829 1161 1905 Zenonis⁸,·
1171 1851 1239 1895 cum
1252 1833 1334 1897 illant

161 1932 293 2014 ffionpaii
326 1940 473 1996 tormenta
500 1941 700 2013 praetereunt.
754 1931 875 1994 llorsus
904 1933 1033 1992 seranum
1062 1941 1236 1996 ornamenta
1263 1942 1336 2012 suut

161 2019 336 2107 iuventutis,
360 2043 394 2096 ot
413 2033 445 2094 in
460 2033 536 2114 Cyro
558 2033 622 2094 ursi
644 2030 826 2094 cicatrices¹.
861 2032 943 2094 Adeo
965 2032 1099 2096 noritet
1119 2032 1198 2113 aputl
1218 2034 1334 2098 Meros

162 2134 257 2196 anima
279 2141 310 2196 et
331 2133 486 2213 ”gaudere
507 2142 538 2196 et
558 2132 661 2195 dolere
682 2133 748 2199 sine
770 2151 875 2206 carne,
898 2133 966 2213 qula
988 2132 1071 2194 etin
1093 2151 1181 2196 corne
1203 2133 1262 2197 ¹'et
1282 2133 1333 2198 ln·

162 2234 238 2298 nera
261 2235 289 2298 si
310 2234 381 2310 velit
401 2234 498 2308 dolet,
521 2243 551 2296 et
571 2233 651 2295 laesa
673 2233 700 2294 si
714 2232 784 2296 velit
796 2234 915 2313 gaudet.
947 2234 1013 2296 lloc
1032 2234 1060 2296 si
1081 2253 1117 2296 ex
1138 2233 1261 2297 arbitrio
1275 2253 1333 2299 auo

163 2335 286 2410 inrita,
309 2343 419 2416 quanto
442 2334 536 2413 magis
559 2353 595 2396 ex
617 2335 726 2396 iudicio
749 2333 797 2396 dei
819 2332 1056 2414 postmortem?
1088 2335 1147 2398 Sed
1163 2354 1219 2399 nec
1232 2333 1342 2404 ennii·
1432 2397 1436 2402 .

164 2435 277 2516 ¹'opera
300 2455 367 2498 crum
389 2436 486 2498 carnis
507 2435 673 2497 ministerio
692 2436 789 2498 anima
804 2434 977 2516 ¹⁹partitur3
999 2454 1067 2524 nem
1089 2443 1120 2498 et
1141 2436 1225 2499 solos
1247 2438 1332 2518 engi.
1367 2469 1396 2513 s·
1439 2437 1452 2452 '

159 2543 237 2602 ttius
259 2545 290 2599 et
310 2536 405 2599 nudes
427 2537 594 2598 voluntates
622 2554 748 2598 censura
775 2536 872 2597 (lirina
899 2536 1100 2615 persequitur.
1145 2537 1204 2612 Qui
1225 2538 1333 2602 viderit
1341 2545 1485 2602 mim·

161 2635 198 2697 ael
218 2637 505 2718 concupiscendum,
534 2637 592 2698 iam
619 2636 793 2698 adulteravit
813 2636 844 2699 in
867 2636 967 2699 corde.
1011 2635 1090 2716 Ergo
1112 2636 1187 2700 ¹'rol
1209 2647 1334 2720 propter

158 2734 245 2800 ²¹boc
276 2738 577 2817 congruentissimum
611 2746 658 2799 est
690 2723 836 2811 animam,
867 2737 937 2799 licet
963 2756 1024 2798 non
1053 2747 1203 2818 expectate
1233 2757 1332 2814 carne,
1411 2747 1419 2760 “

156 2835 285 2919 ²¹puniri
306 2838 386 2919 quod
408 2857 470 2900 non
493 2838 602 2900 sociata
625 2856 713 2900 carne
734 2838 894 2900 commisit.
927 2838 977 2901 Sic
998 2847 1029 2902 et
1051 2837 1089 2901 ob
1104 2840 1250 2920 cogitatus
1263 2840 1361 2922 pior·

157 2949 192 3000 et
208 2939 386 3014 benevolos,
415 2940 445 3001 in
467 2939 577 3018 quibus
599 2958 687 3002 carne
709 2957 771 3000 non
793 2940 889 3018 eguit,
927 2941 994 3002 sine
1024 2959 1113 3003 carno
1138 2942 1332 3006 recreabitur.

157 3039 238 3112 Quin
265 3060 362 3114 nunc,
396 3041 423 3102 si
450 3051 480 3102 et
506 3039 567 3101 ”in
593 3040 760 3101 carnalibus
788 3041 873 3119 prior
900 3050 946 3102 est
974 3060 1049 3121 quae
1077 3044 1222 3122 concipit,
1255 3061 1332 3123 quae

150 3136 334 3222 *inponit
357 3142 579 3221 queremonias,
603 3160 678 3221 quae
693 3138 839 3220 impellit?
872 3141 956 3202 Et'si
979 3142 1095 3220 quando
1117 3142 1225 3216 invite,
1247 3142 1333 3222 prior

149 3247 256 3305 umen
277 3249 384 3305 tractat
404 3242 483 3321 quod
505 3261 559 3322 per
580 3259 689 3321 corpus
712 3248 811 3301 actura
834 3248 889 3302 est.
928 3240 1083 3320 Nunquam
1106 3241 1234 3320 denique
1255 3259 1331 3303 oon·

149 3343 283 3406 tuentia
297 3344 521 3423 posteriorerit
534 3345 620 3404 iacto.
652 3341 695 3402 lta
717 3340 787 3402 lruic
808 3358 928 3419 quoque
951 3341 1049 3401 ordini
1071 3340 1214 3421 competit
1234 3340 1330 3405 ”eum

149 3443 290 3523 priorem
311 3462 440 3526 pensare
461 3444 633 3506 mercedes·
662 3441 709 3503 cni
737 3440 860 3521 ”priori
888 3439 1090 3503 ”debeantur
1142 3441 1176 3504 ln
1204 3460 1331 3520 summu,

145 3590 184 3646 9.
201 3597 276 3647 otium
292 3597 319 3648 t.
374 3597 413 3647 16.
431 3597 536 3660 amplios
553 3597 630 3648 tuci.
667 3594 847 3658 ampliationem
866 3596 898 3656 6.,
918 3609 969 3645 rem
986 3594 1169 3645 Foloiollrrirro.
1211 3593 1251 3644 11.
1270 3608 1332 3647 cort·

151 3661 236 3713 fusum
254 3678 324 3729 rpem
343 3680 393 3728 eqo.
433 3665 534 3715 contusa
558 3679 602 3727 spe
627 3665 682 3713 libri
700 3677 786 3714 omres.
841 3660 880 3710 12.
900 3669 955 3725 qert
971 3665 1021 3728 Δφ.
1077 3661 1116 3712 13.
1132 3662 1226 3712 inlaeso
1242 3665 1270 3714 Δ.
1305 3662 1332 3713 in

149 3724 225 3782 tasso
243 3732 269 3782 6.
303 3732 390 3782 illaeso
410 3732 463 3782 Gob.
519 3731 556 3781 14.
581 3740 637 3781 tunc
661 3732 797 3796 importuna
821 3730 937 3779 societate
954 3731 979 3780 ,1.
1040 3728 1247 3781 16111111.
1289 3729 1331 3781 16.

153 3800 263 3858 nudare
280 3808 304 3849 et
321 3800 405 3851 dolare
423 3800 518 3858 (dolore
535 3799 675 3864 11111110.
717 3798 800 3847 dolere
825 3805 848 3846 et
866 3797 971 3858 gaudere
988 3799 1025 3848 ab.
1095 3798 1136 3849 l‘l.
1153 3805 1178 3847 et
1195 3798 1286 3848 inlusae
1303 3800 1331 3849 Δ.

152 3862 248 3917 istaes·
266 3869 360 3933 reliqui.
420 3867 459 3917 18.
478 3881 552 3932 opere
571 3867 661 3930 optimu
680 3880 734 3915 cnm
751 3864 795 3915 tlt.
850 3864 889 3914 19.
908 3866 1010 3929 partitor
1026 3865 1200 3930 (Aqlllrrqilob.
1240 3867 1332 3930 patitur

151 3934 218 3996 462.
258 3933 300 3985 26.
318 3934 354 3984 ral
373 3937 469 3985 omob.
510 3934 708 3994 2161111611.
749 3931 789 3981 22.
809 3932 888 3996 puniri
907 3932 972 3997 quod
990 3946 1039 3982 nou
1057 3934 1332 3985 scriburnensis
1415 3948 1449 3979 κ’

159 3998 199 4051 23.
217 4003 241 4053 in
259 4005 341 4054 11111.
385 4002 425 4052 24.
444 4003 556 4065 desponit
572 4003 598 4052 t.
641 4001 680 4051 26.
700 4015 754 4050 eam
771 4000 831 4051 tto.
866 4000 937 4050 atium
958 4000 997 4050 Co.
1046 3997 1087 4050 26.
1105 4001 1184 4065 priori
1200 4000 1331 4066 lbnqssob.

158 4070 294 4127 1111111112.
346 4068 387 4120 21.
405 4070 521 4120 debeatur
537 4073 563 4120 A.

165 4204 228 4255 testu
252 4206 284 4256 ol.
309 4205 401 4256 adnott.
425 4204 455 4255 ad
480 4205 535 4254 bdr.
560 4204 632 4254 blare.
650 4203 719 4266 1v‚,t
806 4202 830 4252 d.
848 4202 916 4251 utin
935 4200 996 4265 Cyro
1015 4201 1064 4250 orsi
1082 4195 1227 4267 cicatrices]
1246 4202 1334 4253 Narrat

166 4281 188 4322 et
202 4272 242 4323 ab
768 4270 903 4333 xenophon
926 4270 956 4318 da
980 4268 1132 4320 institutione
1156 4268 1211 4334 Cprl
1234 4285 1289 4336 paq.
1306 4268 1332 4320 6.

195 4369 719 4438 lbinll⁰l⁸⁸¹¹¹¹¹¹m⁰¹5³¹¹¹JN⁰⁰⁸Pef⁰²⁰d⁸
769 4337 949 4469 (lp-Ippinnpppe
973 4400 1110 4470 mercedes]
1136 4403 1187 4454 lloe
1210 4410 1248 4454 eat
1270 4417 1334 4468 Pen-

172 4447 201 4488 tat
214 4443 332 4506 scripturn
351 4441 441 4490 codicis
451 4441 579 4502 bgobsrdi,
598 4441 638 4505 qni
648 4440 720 4491 babet
769 4473 836 4530 dm,
862 4473 938 4532 pum,
962 4480 1095 4536 repom,
1139 4471 1177 4522 (χ,
1196 4470 1229 4520 p,
1247 4471 1331 4521 fluns,

173 4510 231 4557 ’Μ’
248 4522 292 4573 ¹³¹⁰
310 4511 388 4560 ‘um'
769 4540 855 4589 Carnis
881 4554 934 4602 cap.
955 4539 1000 4590 to:
1027 4540 1075 4600 „Et
1097 4539 1192 4602 gladius
1215 4541 1278 4589 bena
1301 4538 1332 4588 tle

198 4621 216 4656 t.
232 4608 331 4672 Respice
350 4608 454 4660 adllutii
473 4609 576 4658 enimam
595 4631 671 4646 --
689 4608 720 4660 td
768 4607 835 4656 bello
854 4616 968 4657 cruentus
994 4616 1017 4659 at
1036 4607 1122 4658 melior
1140 4605 1259 4656 bomicida
1277 4606 1331 4656 lsa-

174 4668 276 4742 Zmonia]
295 4677 332 4728 tt.
349 4677 449 4742 Apolog.
468 4692 520 4741 cap.
540 4677 582 4727 ult.
768 4675 820 4726 dem
837 4689 906 4725 susm
924 4676 1107 4727 consecratione
1121 4674 1236 4740 pertrabit.
