3242 5775
512 601 551 682 oa
572 638 816 684 arsonnrerrona
838 637 953 685 manus.
1033 628 1045 684 ’,
1253 632 1334 697 475,

144 790 312 852 honoratur
333 789 472 868 quotiens
495 806 601 851 manus
624 788 671 850 dei
693 790 819 867 patitur,
849 790 918 852 dum
941 773 1087 871 mugitor,
1121 791 1191 854 dum
1212 794 1317 857 dooer-

146 891 239 970 phur,
274 891 343 951 dum
372 880 543 962 deducitur,
579 890 650 950 dum
673 890 831 969 effingitur.
881 890 1020 972 Recogita
1050 900 1145 954 totum
1165 893 1207 955 iiii
1228 895 1317 958 deum

150 998 320 1072 oocupatum
342 1009 376 1052 ao
397 989 562 1061 ‘deditum
585 1007 690 1062 manu,
713 1008 821 1063 sensu,
843 1003 954 1070 opere,
988 993 1132 1067 oonsilio,
1162 994 1319 1074 sapientia,
1359 1073 1363 1083 ι

106 1096 107 1104 ’
151 1092 346 1173 providentia,
370 1100 399 1153 et
420 1092 485 1170 ipsa
500 1090 638 1168 inprimis
653 1091 835 1165 adiectione,
859 1111 934 1172 quae
954 1093 1142 1155 ⁸liniamenta
1163 1093 1319 1159 ‘distabat

154 1194 351 1271 Quodcunque
373 1192 452 1253 enim
473 1191 562 1252 limus
586 1191 819 1270 exprimebatur,
854 1193 987 1255 Christus
1010 1194 1201 1273 -oogitahatur
1227 1196 1319 1259 homo

106 1361 111 1372 ,
154 1296 277 1366 iuturus,
301 1293 380 1372 quod
402 1293 451 1353 'et
472 1292 560 1380 timus
583 1291 629 1352 'et
651 1310 720 1353 earo
742 1306 873 1366 sermo·‚
895 1296 975 1373 quod
997 1302 1027 1356 et
1042 1303 1119 1357 terra
1136 1305 1214 1359 tuno
1247 1296 1320 1379 ffSio

155 1396 221 1456 euim
243 1393 389 1480 praefatio
410 1393 503 1471 patris
526 1392 562 1453 ad
585 1390 693 1453 tilium:
723 1394 905 1455 ¹⁰Faciamus
928 1396 1077 1457 hominem
1101 1397 1137 1458 ad
1159 1396 1317 1478 imaginem
1330 1414 1448 1468 cantra

156 1503 177 1555 et
195 1493 419 1557 similitudinem
443 1503 586 1554 nostram.
621 1492 659 1553 Et
681 1494 776 1555 ¹¹iecit
796 1494 949 1557 hominem
965 1496 1054 1569 deus,
1078 1497 1106 1557 id
1123 1498 1224 1577 nitique
1236 1500 1318 1579 quod

156 1594 243 1668 inxit,
279 1595 314 1656 ad
344 1593 500 1673 imaginem
530 1594 575 1654 dei
605 1593 674 1655 feeit
700 1594 799 1667 iilum,
834 1595 947 1657 scilieet
969 1596 1114 1658 ¹²Christi.
1158 1597 1196 1660 ht
1216 1615 1317 1662 sermo

156 1696 222 1757 onim
249 1696 342 1763 deus,
373 1694 475 1773 quiin
499 1695 594 1773 eidgie
616 1695 664 1756 dei
687 1696 868 1757 constitutus
897 1715 958 1757 non
976 1678 1118 1777 'rapinam
1142 1698 1445 1770 existimauitrou.u‚o

156 1794 272 1877 ¹'parem
294 1814 363 1858 esse
385 1795 452 1856 deo.
489 1795 532 1856 ita
553 1795 640 1857 limus
661 1794 711 1857 iile
726 1796 784 1857 iam
800 1806 871 1858 tuno
891 1797 1048 1878 imaginem
1065 1798 1191 1861 indueus
1207 1800 1319 1864 (hrioti

156 1896 233 1958 tutori
255 1898 287 1958 in
310 1914 398 1957 carne
419 1914 479 1956 non
503 1905 616 1957 tantum
639 1886 792 1976 dei'opus
821 1905 901 1972 erat,
935 1899 989 1960 sed
1018 1907 1049 1961 et
1075 1900 1195 1980 pignus.
1248 1901 1318 1976 Quo

157 2013 224 2059 uano
244 1997 324 2059 iacit·
337 1996 372 2057 ad
395 1996 416 2029 ¹⁴
424 1997 627 2058 infuscandam
651 1997 795 2076 originem
826 1999 923 2060 carnia
944 1999 1080 2062 ¹⁸nomeu
1102 2008 1200 2063 torrae
1220 2003 1319 2065 renti-

155 2095 222 2173 lare,
255 2113 289 2160 ut
309 2098 475 2170 sordentis,
508 2106 540 2158 ut
562 2098 684 2159 iacentis
708 2097 870 2160 elementi?
900 2118 983 2172 oum,
1013 2109 1044 2160 et
1071 2102 1096 2162 si
1119 2102 1175 2163 aiia
1197 2103 1319 2167 matoria

109 2182 111 2194 ¹
158 2197 365 2261 ¹‘excudendoi
387 2199 500 2260 homini
523 2199 730 2278 competisset,
752 2198 872 2260 artificis
888 2199 1037 2279 fastigium
1052 2201 1208 2279 recogitari
1224 2219 1317 2284 opor-

157 2306 234 2373 teret,
253 2299 308 2378 ‘qui
331 2299 409 2359 iiiam
432 2308 462 2359 et
482 2299 647 2378 ¹'eligendo
669 2298 972 2377 dignamiudieasset
997 2308 1028 2360 et
1049 2301 1201 2363 tractando
1224 2303 1316 2365 ienis-

106 2415 108 2420 ’
158 2410 201 2460 su.
235 2400 359 2461 Phidiae
380 2416 485 2461 manus
507 2400 606 2461 iovem
630 2399 797 2478 Oiympium
822 2418 855 2460 ex
880 2399 971 2461 ebore
993 2400 1156 2473 ¹'motitur‚
1190 2410 1220 2465 et
1241 2404 1315 2465 ado·

156 2510 240 2574 mur,
276 2519 331 2561 neo
358 2501 415 2561 iam
444 2499 556 2561 hestiae
579 2500 748 2579 etquidem
778 2499 1013 2562 insulsissimae·
1040 2493 1199 2577 deusest,
1236 2504 1317 2576 ”aed

155 2617 289 2664 uminum
312 2600 423 2663 saeculi
446 2620 570 2671 numen,
603 2600 691 2660 ¹⁰non
714 2600 781 2678 quia
811 2599 1002 2679 elephantus,
1032 2602 1085 2664 sati
1107 2604 1175 2683 quia
1196 2583 1316 2669 Phidias

155 2708 257 2764 tantas:
291 2702 365 2763 deus
394 2702 493 2774 rivus,
526 2701 628 2762 ²¹deus
656 2718 753 2761 uerusv
773 2717 980 2781 quameunque
1009 2703 1148 2766 materiae
1176 2704 1316 2769 ubuum

153 2819 203 2865 ooo
226 2804 339 2865 desua
362 2804 534 2882 operatione
556 2810 716 2881 purgasset
744 2810 773 2861 et
801 2801 839 2862 ab
861 2803 942 2864 omni
965 2803 1134 2866 intirmitate
1155 2805 1316 2870 sumeret?

151 2905 187 2966 ho
207 2906 266 2967 hoe
289 2906 451 2985 supererit,
484 2914 517 2965 ut
538 2904 694 2964 honestius
722 2904 814 2964 homo
842 2904 931 2966 deum
951 2923 1040 2984 quam
1062 2906 1213 2969 homiaem
1241 2908 1315 2970 deus
1410 2947 1424 2957 .

147 3004 283 3068 tinxerit?
326 3006 485 3067 Nuncetsi
509 3003 804 3076 scandalizantium,
838 3004 893 3065 alia
922 3005 979 3066 iam
1010 3024 1059 3068 res
1090 3015 1146 3069 est.
1191 3008 1316 3072 &ruem

147 3105 229 3170 ¹'iam
252 3116 358 3179 teneo,
387 3126 446 3167 non
470 3117 594 3179 terram,
627 3106 694 3166 iicet
716 3104 774 3165 ”et
795 3123 863 3166 earo
887 3106 1003 3167 audiat:
1032 3107 1127 3169 Terra
1155 3127 1205 3183 es,
1234 3119 1265 3171 et
1284 3111 1315 3172 iu
1329 3135 1465 3191 eampo,

144 3217 251 3269 terram
274 3207 343 3269 ibis.
389 3207 479 3286 Origo
502 3215 692 3278 recensetur,
715 3223 775 3265 non
799 3205 965 3267 substantia
987 3208 1173 3270 reuocatur¹.
1209 3209 1315 3273 Datum

142 3360 320 3411 hdedicatum
341 3359 379 3409 Co.
432 3360 454 3408 5.
475 3360 618 3408 lineamenta
638 3375 657 3407 ο.
705 3356 729 3406 6.
747 3357 852 3405 dictabat
869 3361 944 3420 omui.
979 3356 1128 3410 ductabat'e.
1147 3360 1314 3422 troandum,

141 3429 174 3478 1ο.
185 3428 315 3477 iiemiaius.
351 3428 453 3476 dueehat
471 3429 541 3486 (uu,
561 3426 742 3476 Putotlraiouo.
784 3424 885 3472 docebat
903 3425 961 3474 uua.
1014 3425 1039 3473 i.
1057 3433 1081 3474 et
1098 3425 1197 3474 omdd.
1249 3424 1274 3475 8.
1293 3434 1316 3476 et

140 3510 298 3545 aermooaro
319 3497 353 3544 hc.
405 3495 428 3544 9.
447 3498 472 3542 Si
491 3498 554 3542 euim
573 3502 597 3543 A.
634 3491 827 3540 Sicuteuimdi.
875 3491 912 3539 10.
931 3500 955 3540 et
972 3492 1089 3540 iaciamus
1107 3493 1131 3541 Β.
1178 3491 1316 3542 ii.homi·

140 3563 275 3613 undena
294 3563 393 3611 iecitd.
436 3562 474 3611 tu.
494 3563 616 3611 Christum
635 3575 694 3621 amp.
742 3557 779 3606 1³.
798 3572 881 3620 parem
900 3573 954 3607 ease
967 3557 1027 3620 caup.
1062 3559 1160 3621 pardi.
1194 3573 1240 3624 prr
1256 3559 1314 3610 tou

139 3630 230 3694 pariari
247 3631 343 3694 retium,
363 3645 392 3677 aa
410 3632 520 3679 emendat.
540 3631 648 3678 dionosti.
691 3623 730 3672 14.
749 3625 916 3674 ituioaoandum
935 3625 979 3676 AB.
997 3627 1164 3676 treai'otiooai.
1207 3627 1247 3679 15.
1265 3640 1315 3677 uun

138 3697 185 3748 ΛΒζ
228 3696 267 3746 ih.
285 3697 434 3746 excludendo
453 3698 609 3745 editPriorii.
655 3693 693 3741 li.
711 3692 829 3753 elegendo
849 3693 899 3742 eod.
918 3695 950 3744 io.
967 3694 1095 3743 Clementis.
1150 3692 1189 3743 18.
1207 3693 1314 3755 notum,

139 3773 165 3815 et
182 3765 299 3813 adoratur
316 3764 405 3814 Addua.
421 3774 467 3813 tres
481 3766 590 3812 Vaticani.
626 3763 723 3810 molitae
743 3761 874 3808 odorantur
892 3762 930 3810 hd.
974 3758 1013 3810 19.
1032 3761 1075 3810 aad
1094 3762 1146 3811 bed.
1181 3767 1205 3810 et
1222 3762 1314 3826 reiiptoi.

140 3830 181 3881 2o.
201 3846 250 3880 non
269 3833 325 3895 quia
344 3832 494 3894 elephantus,
520 3831 561 3878 aod
581 3830 634 3892 quin
655 3827 751 3877 Phidias
769 3835 849 3876 tantus
867 3829 932 3877 obed.
975 3827 1118 3891 elephantis,
1143 3843 1190 3877 oon
1208 3827 1316 3890 (sodli.)

139 3899 196 3964 qaia
216 3898 312 3962 phidias
331 3908 411 3948 tantur
429 3900 471 3949 ΑΒ.
507 3898 659 3962 elephantus,
677 3895 720 3942 aed
738 3895 793 3958 qaia
813 3894 908 3944 Phidias
927 3903 1006 3945 tantus
1025 3895 1050 3946 G.
1090 3894 1251 3946 21.etdeos
1267 3886 1314 3959 ud„

140 3982 172 4016 οε
189 3969 242 4018 eod.
261 3967 294 4015 io.
307 3966 435 4016 Clementis.
488 3963 529 4014 22.
548 3966 594 4012 ium
613 3980 657 4013 om.
669 3961 712 4011 tu.
765 3961 804 4011 23.
824 3971 845 4012 et
866 3977 909 4012 om.
925 3966 947 4013 h.

174 4099 279 4162 capvt.
304 4115 325 4148 a.
335 4096 428 4164 sermo]
442 4101 478 4148 Fr.
488 4099 569 4147 iunius
579 4095 703 4157 distinguit
752 4094 839 4143 simam
859 4095 959 4145 hostiam
984 4095 1091 4159 uppeiiat
1113 4103 1225 4160 respectu
1249 4102 1316 4147 sxta·

140 4167 224 4231 „quod
243 4175 267 4215 et
285 4167 366 4225 limus,
386 4177 409 4215 et
426 4183 481 4216 coro
493 4181 583 4222 sermo,
603 4165 666 4226 quod
680 4170 704 4210 et
754 4163 835 4221 riona,
854 4179 915 4226 quae
933 4164 991 4212 uisui
1010 4163 1206 4213 insuisaridetar
1223 4171 1247 4213 ot
1263 4171 1315 4212 tor·

140 4243 203 4285 turra
224 4236 316 4293 tuue¹‘‚
335 4243 358 4282 et
373 4237 556 4297 iuterpretatur:
575 4231 703 4290 „Christus
754 4243 825 4293 pens,
843 4232 933 4292 speciei
952 4238 976 4278 et
994 4229 1065 4279 moiis
1081 4229 1203 4294 elephanti
1221 4231 1250 4280 ad
1269 4243 1314 4293 po·

141 4300 703 4364 eogitahaturhomotuturus‚quodetiuturos
755 4297 892 4345 titissimom
917 4294 977 4346 iiiud
1002 4297 1106 4346 Phidiaci
1132 4297 1222 4360 ingenii
1235 4297 1314 4347 'attid-

140 4369 222 4428 timus,
240 4378 354 4418 staurano
368 4370 516 4429 cogitabatur
530 4370 624 4417 tuturus
637 4379 703 4423 earo,
754 4363 826 4412 eun.
855 4365 891 4414 Ci.
911 4364 977 4414 Giah.
996 4363 1106 4427 cuperus
1125 4363 1315 4427 Demophontis
1384 4377 1387 4387 ·

141 4437 204 4500 qood
225 4445 248 4486 et
266 4444 330 4485 terra
349 4446 406 4485 tanc
425 4436 530 4485 [utura.“
567 4435 642 4483 h'iooi.
662 4434 702 4481 iii·
756 4431 785 4488 ii,
797 4431 820 4479 i.
846 4433 868 4479 in
894 4432 1019 4492 Sationgro
1043 4430 1100 4480 Nor.
1122 4430 1196 4481 Thea,
1220 4432 1314 4496 borion.

141 4505 228 4566 gattias
254 4504 303 4553 nott
331 4504 461 4564 distingui,
490 4511 514 4551 ut
541 4510 577 4551 rat
600 4502 624 4550 in
649 4500 703 4550 eod.
755 4499 824 4547 hom.
844 4507 901 4548 tom.
912 4498 954 4556 itt,
973 4510 997 4561 p.
1010 4496 1064 4548 tta.

140 4571 286 4621 Pithoeano:
314 4587 399 4630 „caro
417 4586 497 4620 sermo
516 4570 580 4633 quod
597 4578 621 4618 at
640 4577 703 4618 terra
788 4566 812 4614 d.
832 4581 879 4614 uon
899 4567 1030 4634 substantia
1049 4558 1194 4628 renouatur]
1218 4562 1316 4614 sedicet

140 4639 224 4688 rnef‘
754 4644 802 4681 non
823 4634 937 4682 reuocauit
955 4633 1016 4692 deus
1032 4631 1155 4694 opitioium
1170 4642 1240 4680 auom
1255 4641 1315 4679 eon·

172 4707 197 4756 b.
217 4701 372 4766 excudendo}
391 4704 415 4751 V.
436 4706 526 4753 adnutu.
545 4703 574 4753 ad
592 4704 634 4753 tm.
648 4701 701 4751 hdr.
752 4703 868 4749 teutuado
887 4701 1009 4749 {nominem
1034 4699 1058 4749 in
1082 4705 1150 4748 terra·
1170 4708 1224 4749 uum
1249 4696 1315 4756 ditit,

139 4772 229 4823 tatem.
249 4788 304 4835 cop.
317 4773 355 4820 il.
754 4766 829 4817 Portu
846 4783 883 4818 as.
901 4769 1000 4829 (tuder.
1016 4766 1048 4817 da
1067 4766 1088 4815 ia
1107 4765 1204 4824 Corda.)

172 4858 192 4891 ο
212 4842 354 4905 etquidem
374 4833 562 4902 insulsissimae]
587 4835 702 4886 insuisis·
