<?xml version="1.0" encoding="UTF-8"?>
<!DOCTYPE html PUBLIC "-//W3C//DTD XHTML 1.0 Transitional//EN"
    "http://www.w3.org/TR/xhtml1/DTD/xhtml1-transitional.dtd">
<html xmlns="http://www.w3.org/1999/xhtml" xml:lang="en" lang="en">
 <head>
  <title>
</title>
<meta http-equiv="Content-Type" content="text/html;charset=utf-8" />
  <meta name='ocr-system' content='tesseract 3.04.00' />
  <meta name='ocr-capabilities' content='ocr_page ocr_carea ocr_par ocr_line ocrx_word'/>
</head>
<body>
  <div class='ocr_page' id='page_1' title='image "./quaesupersuntom00oehlgoog_0517.png"; bbox 0 0 3242 5775; ppageno 0'>
   <div class='ocr_carea' id='block_1_1' title="bbox 312 657 1233 738">
    <p class='ocr_par' dir='ltr' id='par_1_1' title="bbox 312 657 1233 738">
     <span class='ocr_line' id='line_1_1' title="bbox 312 657 1233 738; baseline -0.016 -17"><span class='ocrx_word' id='word_1_1' title='bbox 312 657 376 724; x_wconf 78' lang='lat'><strong>502</strong></span> <span class='ocrx_word' id='word_1_2' title='bbox 571 667 671 721; x_wconf 82' lang='lat' dir='ltr'><strong>oumri</strong></span> <span class='ocrx_word' id='word_1_3' title='bbox 696 665 827 711; x_wconf 76' lang='lat' dir='ltr'><strong>suerrun</strong></span> <span class='ocrx_word' id='word_1_4' title='bbox 849 663 1014 738; x_wconf 73' lang='lat' dir='ltr'><strong>rponnnrrs</strong></span> <span class='ocrx_word' id='word_1_5' title='bbox 1037 662 1233 721; x_wconf 83' lang='lat' dir='ltr'><strong>rsnrnmmm</strong></span> 
     </span>
    </p>
   </div>
   <div class='ocr_carea' id='block_1_2' title="bbox 165 810 1495 3701">
    <p class='ocr_par' dir='ltr' id='par_1_2' title="bbox 313 810 1492 904">
     <span class='ocr_line' id='line_1_2' title="bbox 313 810 1492 904; baseline -0.01 -21"><span class='ocrx_word' id='word_1_6' title='bbox 313 821 415 904; x_wconf 90' lang='lat' dir='ltr'><strong>potius</strong></span> <span class='ocrx_word' id='word_1_7' title='bbox 437 818 650 898; x_wconf 87' lang='lat' dir='ltr'><strong>argumentari,</strong></span> <span class='ocrx_word' id='word_1_8' title='bbox 674 835 761 896; x_wconf 81' lang='lat' dir='ltr'><strong>quam</strong></span> <span class='ocrx_word' id='word_1_9' title='bbox 783 816 843 876; x_wconf 75' lang='lat' dir='ltr'><strong>³&#39;et</strong></span> <span class='ocrx_word' id='word_1_10' title='bbox 862 823 980 895; x_wconf 88' lang='lat' dir='ltr'><strong>patrum</strong></span> <span class='ocrx_word' id='word_1_11' title='bbox 1002 812 1059 875; x_wconf 91' lang='lat' dir='ltr'><strong>dici</strong></span> <span class='ocrx_word' id='word_1_12' title='bbox 1082 812 1193 892; x_wconf 88' lang='lat' dir='ltr'><strong>capiat,</strong></span> <span class='ocrx_word' id='word_1_13' title='bbox 1221 810 1301 872; x_wconf 80' lang='lat' dir='ltr'><strong>Adae</strong></span> <span class='ocrx_word' id='word_1_14' title='bbox 1325 810 1443 873; x_wconf 87' lang='lat' dir='ltr'><strong>scilicet</strong></span> <span class='ocrx_word' id='word_1_15' title='bbox 1462 819 1492 872; x_wconf 91' lang='lat' dir='ltr'><strong>et</strong></span> 
     </span>
    </p>

    <p class='ocr_par' dir='ltr' id='par_1_3' title="bbox 313 912 1491 1000">
     <span class='ocr_line' id='line_1_3' title="bbox 313 912 1491 1000; baseline -0.009 -17"><span class='ocrx_word' id='word_1_16' title='bbox 313 921 407 994; x_wconf 81' lang='lat' dir='ltr'><strong>Erae,</strong></span> <span class='ocrx_word' id='word_1_17' title='bbox 430 918 557 1000; x_wconf 77' lang='lat' dir='ltr'>proinde</span> <span class='ocrx_word' id='word_1_18' title='bbox 578 926 608 978; x_wconf 87' lang='lat' dir='ltr'><strong>et</strong></span> <span class='ocrx_word' id='word_1_19' title='bbox 630 917 659 977; x_wconf 93' lang='lat' dir='ltr'><strong>in</strong></span> <span class='ocrx_word' id='word_1_20' title='bbox 682 916 849 995; x_wconf 80' lang='lat' dir='ltr'>paradisum</span> <span class='ocrx_word' id='word_1_21' title='bbox 872 914 1020 975; x_wconf 70' lang='lat' dir='ltr'><strong>restitutio</strong></span> <span class='ocrx_word' id='word_1_22' title='bbox 1036 913 1116 973; x_wconf 91' lang='lat' dir='ltr'><strong>carni</strong></span> <span class='ocrx_word' id='word_1_23' title='bbox 1132 912 1278 973; x_wconf 84' lang='lat' dir='ltr'><strong>videbitur</strong></span> <span class='ocrx_word' id='word_1_24' title='bbox 1293 912 1491 991; x_wconf 85' lang='lat' dir='ltr'><strong>repromissa,</strong></span> 
     </span>
    </p>

    <p class='ocr_par' dir='ltr' id='par_1_4' title="bbox 315 1012 1490 1197">
     <span class='ocr_line' id='line_1_4' title="bbox 315 1012 1490 1102; baseline -0.009 -19"><span class='ocrx_word' id='word_1_25' title='bbox 315 1039 391 1102; x_wconf 87' lang='lat' dir='ltr'><strong>quae</strong></span> <span class='ocrx_word' id='word_1_26' title='bbox 413 1038 480 1081; x_wconf 91' lang='lat' dir='ltr'><strong>eum</strong></span> <span class='ocrx_word' id='word_1_27' title='bbox 502 1018 659 1080; x_wconf 72' lang='lat' dir='ltr'><strong>”incolare</strong></span> <span class='ocrx_word' id='word_1_28' title='bbox 690 1026 721 1078; x_wconf 91' lang='lat' dir='ltr'><strong>et</strong></span> <span class='ocrx_word' id='word_1_29' title='bbox 742 1013 891 1078; x_wconf 89' lang='lat' dir='ltr'><strong>custodire</strong></span> <span class='ocrx_word' id='word_1_30' title='bbox 914 1014 1019 1075; x_wconf 89' lang='lat' dir='ltr'><strong>sortita</strong></span> <span class='ocrx_word' id='word_1_31' title='bbox 1042 1021 1105 1086; x_wconf 90' lang='lat' dir='ltr'><strong>est,</strong></span> <span class='ocrx_word' id='word_1_32' title='bbox 1142 1023 1173 1075; x_wconf 89' lang='lat' dir='ltr'><strong>ut</strong></span> <span class='ocrx_word' id='word_1_33' title='bbox 1202 1014 1270 1074; x_wconf 90' lang='lat' dir='ltr'><strong>talis</strong></span> <span class='ocrx_word' id='word_1_34' title='bbox 1301 1012 1372 1073; x_wconf 91' lang='lat' dir='ltr'><strong>illuc</strong></span> <span class='ocrx_word' id='word_1_35' title='bbox 1401 1012 1490 1073; x_wconf 89' lang='lat' dir='ltr'><strong>homo</strong></span> 
     </span>
     <span class='ocr_line' id='line_1_5' title="bbox 315 1116 911 1197; baseline -0.013 -14"><span class='ocrx_word' id='word_1_36' title='bbox 315 1127 472 1184; x_wconf 81' lang='lat' dir='ltr'><strong>revocetur</strong></span> <span class='ocrx_word' id='word_1_37' title='bbox 493 1118 587 1197; x_wconf 87' lang='lat' dir='ltr'><strong>qualis</strong></span> <span class='ocrx_word' id='word_1_38' title='bbox 609 1118 678 1178; x_wconf 92' lang='lat' dir='ltr'><strong>inde</strong></span> <span class='ocrx_word' id='word_1_39' title='bbox 699 1116 720 1149; x_wconf 72' lang='lat'><strong>³¹</strong></span> <span class='ocrx_word' id='word_1_40' title='bbox 726 1116 831 1196; x_wconf 90' lang='lat' dir='ltr'><strong>pulsus</strong></span> <span class='ocrx_word' id='word_1_41' title='bbox 855 1124 911 1177; x_wconf 90' lang='lat' dir='ltr'><strong>est.</strong></span> 
     </span>
    </p>

    <p class='ocr_par' dir='ltr' id='par_1_5' title="bbox 165 1211 1488 1300">
     <span class='ocr_line' id='line_1_6' title="bbox 165 1211 1488 1300; baseline -0.01 -14"><span class='ocrx_word' id='word_1_42' title='bbox 165 1239 312 1300; x_wconf 57' lang='lat' dir='ltr'><strong>cunnus.</strong></span> <span class='ocrx_word' id='word_1_43' title='bbox 406 1218 556 1280; x_wconf 80' lang='lat' dir='ltr'><strong>Habemus</strong></span> <span class='ocrx_word' id='word_1_44' title='bbox 589 1218 676 1279; x_wconf 92' lang='lat' dir='ltr'><strong>etiam</strong></span> <span class='ocrx_word' id='word_1_45' title='bbox 709 1217 952 1278; x_wconf 73' lang='lat' dir='ltr'><strong>vestimentorum</strong></span> <span class='ocrx_word' id='word_1_46' title='bbox 987 1215 1018 1274; x_wconf 92' lang='lat' dir='ltr'><strong>in</strong></span> <span class='ocrx_word' id='word_1_47' title='bbox 1051 1213 1208 1293; x_wconf 90' lang='lat' dir='ltr'><strong>scripturis</strong></span> <span class='ocrx_word' id='word_1_48' title='bbox 1240 1213 1426 1275; x_wconf 80' lang='lat' dir='ltr'><strong>mentionem</strong></span> <span class='ocrx_word' id='word_1_49' title='bbox 1456 1211 1488 1273; x_wconf 90' lang='lat' dir='ltr'><strong>ad</strong></span> 
     </span>
    </p>

    <p class='ocr_par' dir='ltr' id='par_1_6' title="bbox 273 1313 1487 1401">
     <span class='ocr_line' id='line_1_7' title="bbox 273 1313 1487 1401; baseline -0.008 -18"><span class='ocrx_word' id='word_1_50' title='bbox 273 1320 306 1368; x_wconf 83' lang='lat'><strong>·⁴·</strong></span> <span class='ocrx_word' id='word_1_51' title='bbox 320 1338 404 1401; x_wconf 89' lang='lat' dir='ltr'><strong>spem</strong></span> <span class='ocrx_word' id='word_1_52' title='bbox 427 1318 524 1381; x_wconf 89' lang='lat' dir='ltr'><strong>carnis</strong></span> <span class='ocrx_word' id='word_1_53' title='bbox 548 1317 768 1398; x_wconf 55' lang='lat' dir='ltr'><strong>&#39;allegorizare</strong></span> <span class='ocrx_word' id='word_1_54' title='bbox 791 1318 858 1395; x_wconf 86' lang='lat' dir='ltr'><strong>quia</strong></span> <span class='ocrx_word' id='word_1_55' title='bbox 875 1325 904 1377; x_wconf 91' lang='lat' dir='ltr'><strong>et</strong></span> <span class='ocrx_word' id='word_1_56' title='bbox 919 1315 1109 1394; x_wconf 76' lang='lat' dir='ltr'><strong>Apocalypsis</strong></span> <span class='ocrx_word' id='word_1_57' title='bbox 1124 1314 1262 1386; x_wconf 87' lang='lat' dir='ltr'><strong>loannis,</strong></span> <span class='ocrx_word' id='word_1_58' title='bbox 1285 1314 1323 1375; x_wconf 91' lang='lat' dir='ltr'><strong>lli</strong></span> <span class='ocrx_word' id='word_1_59' title='bbox 1339 1322 1421 1387; x_wconf 83' lang='lat' dir='ltr'><strong>sunt,</strong></span> <span class='ocrx_word' id='word_1_60' title='bbox 1441 1313 1487 1385; x_wconf 70' lang='lat' dir='ltr'><strong>ait,</strong></span> 
     </span>
    </p>

    <p class='ocr_par' dir='ltr' id='par_1_7' title="bbox 243 1398 1481 1501">
     <span class='ocr_line' id='line_1_8' title="bbox 243 1398 1481 1501; baseline -0.006 -20"><span class='ocrx_word' id='word_1_61' title='bbox 243 1398 276 1421; x_wconf 52' lang='lat'><strong>&#39;⁸</strong></span> <span class='ocrx_word' id='word_1_62' title='bbox 313 1420 366 1501; x_wconf 82' lang='lat' dir='ltr'><strong>qui</strong></span> <span class='ocrx_word' id='word_1_63' title='bbox 388 1420 562 1481; x_wconf 83' lang='lat' dir='ltr'><strong>vestimenta</strong></span> <span class='ocrx_word' id='word_1_64' title='bbox 592 1437 645 1479; x_wconf 90' lang='lat' dir='ltr'><strong>sua</strong></span> <span class='ocrx_word' id='word_1_65' title='bbox 673 1436 734 1478; x_wconf 93' lang='lat' dir='ltr'><strong>non</strong></span> <span class='ocrx_word' id='word_1_66' title='bbox 757 1417 1022 1495; x_wconf 81' lang='lat' dir='ltr'><strong>coinquinaverunt</strong></span> <span class='ocrx_word' id='word_1_67' title='bbox 1044 1434 1111 1476; x_wconf 90' lang='lat' dir='ltr'><strong>oum</strong></span> <span class='ocrx_word' id='word_1_68' title='bbox 1135 1414 1327 1487; x_wconf 78' lang='lat' dir='ltr'><strong>mulieribus3</strong></span> <span class='ocrx_word' id='word_1_69' title='bbox 1361 1415 1481 1493; x_wconf 84' lang='lat' dir='ltr'><strong>virgines</strong></span> 
     </span>
    </p>

    <p class='ocr_par' dir='ltr' id='par_1_8' title="bbox 211 1499 1480 1604">
     <span class='ocr_line' id='line_1_9' title="bbox 211 1499 1480 1604; baseline -0.008 -22"><span class='ocrx_word' id='word_1_70' title='bbox 211 1499 431 1604; x_wconf 48' lang='lat' dir='ltr'><strong>fflsscihoet</strong></span> <span class='ocrx_word' id='word_1_71' title='bbox 459 1518 643 1597; x_wconf 83' lang='lat' dir='ltr'><strong>significans,</strong></span> <span class='ocrx_word' id='word_1_72' title='bbox 679 1518 784 1595; x_wconf 87' lang='lat' dir='ltr'><strong>etqui</strong></span> <span class='ocrx_word' id='word_1_73' title='bbox 814 1517 992 1596; x_wconf 90' lang='lat' dir='ltr'><strong>semetipsos</strong></span> <span class='ocrx_word' id='word_1_74' title='bbox 1020 1522 1222 1577; x_wconf 85' lang='lat' dir='ltr'><strong>castraverunt</strong></span> <span class='ocrx_word' id='word_1_75' title='bbox 1248 1522 1376 1594; x_wconf 91' lang='lat' dir='ltr'><strong>propter</strong></span> <span class='ocrx_word' id='word_1_76' title='bbox 1402 1531 1480 1593; x_wconf 88' lang='lat' dir='ltr'><strong>regna</strong></span> 
     </span>
    </p>

    <p class='ocr_par' dir='ltr' id='par_1_9' title="bbox 165 1613 1478 1697">
     <span class='ocr_line' id='line_1_10' title="bbox 165 1613 1478 1697; baseline -0.005 -18"><span class='ocrx_word' id='word_1_77' title='bbox 165 1634 305 1689; x_wconf 68' lang='lat' dir='ltr'><strong>nouenos.</strong></span> <span class='ocrx_word' id='word_1_78' title='bbox 320 1620 478 1681; x_wconf 89' lang='lat' dir='ltr'><strong>caelorum.</strong></span> <span class='ocrx_word' id='word_1_79' title='bbox 521 1619 622 1697; x_wconf 88' lang='lat' dir='ltr'><strong>ltaque</strong></span> <span class='ocrx_word' id='word_1_80' title='bbox 644 1618 674 1678; x_wconf 94' lang='lat' dir='ltr'><strong>in</strong></span> <span class='ocrx_word' id='word_1_81' title='bbox 696 1618 771 1679; x_wconf 94' lang='lat' dir='ltr'><strong>albis</strong></span> <span class='ocrx_word' id='word_1_82' title='bbox 794 1625 882 1679; x_wconf 87' lang='lat' dir='ltr'><strong>erunt</strong></span> <span class='ocrx_word' id='word_1_83' title='bbox 904 1615 1051 1689; x_wconf 87' lang='lat' dir='ltr'><strong>vestibus,</strong></span> <span class='ocrx_word' id='word_1_84' title='bbox 1084 1616 1112 1675; x_wconf 94' lang='lat' dir='ltr'><strong>id</strong></span> <span class='ocrx_word' id='word_1_85' title='bbox 1142 1626 1188 1676; x_wconf 87' lang='lat' dir='ltr'><strong>est</strong></span> <span class='ocrx_word' id='word_1_86' title='bbox 1214 1616 1244 1676; x_wconf 94' lang='lat' dir='ltr'><strong>in</strong></span> <span class='ocrx_word' id='word_1_87' title='bbox 1273 1614 1404 1675; x_wconf 89' lang='lat' dir='ltr'><strong>claritate</strong></span> <span class='ocrx_word' id='word_1_88' title='bbox 1425 1613 1478 1673; x_wconf 80' lang='lat' dir='ltr'><strong>&#39;iu-</strong></span> 
     </span>
    </p>

    <p class='ocr_par' dir='ltr' id='par_1_10' title="bbox 165 1712 1478 1822">
     <span class='ocr_line' id='line_1_11' title="bbox 165 1712 1478 1822; baseline -0.008 -40"><span class='ocrx_word' id='word_1_89' title='bbox 165 1716 304 1822; x_wconf 57' lang='lat' dir='ltr'><strong>m&#39;fffi</strong></span> <span class='ocrx_word' id='word_1_90' title='bbox 318 1720 415 1782; x_wconf 89' lang='lat' dir='ltr'><strong>nubae</strong></span> <span class='ocrx_word' id='word_1_91' title='bbox 437 1719 544 1780; x_wconf 90' lang='lat' dir='ltr'><strong>camis.</strong></span> <span class='ocrx_word' id='word_1_92' title='bbox 577 1719 614 1779; x_wconf 82' lang='lat' dir='ltr'><strong>tn</strong></span> <span class='ocrx_word' id='word_1_93' title='bbox 635 1719 666 1779; x_wconf 93' lang='lat' dir='ltr'><strong>in</strong></span> <span class='ocrx_word' id='word_1_94' title='bbox 688 1718 838 1795; x_wconf 84' lang='lat' dir='ltr'><strong>evangelio</strong></span> <span class='ocrx_word' id='word_1_95' title='bbox 860 1717 1065 1778; x_wconf 91' lang='lat' dir='ltr'><strong>indumentum</strong></span> <span class='ocrx_word' id='word_1_96' title='bbox 1087 1713 1217 1795; x_wconf 82' lang='lat' dir='ltr'><strong>nuptiale</strong></span> <span class='ocrx_word' id='word_1_97' title='bbox 1232 1716 1376 1776; x_wconf 90' lang='lat' dir='ltr'><strong>sanctitas</strong></span> <span class='ocrx_word' id='word_1_98' title='bbox 1395 1712 1478 1777; x_wconf 85' lang='lat' dir='ltr'><strong>camis</strong></span> 
     </span>
    </p>

    <p class='ocr_par' dir='ltr' id='par_1_11' title="bbox 166 1798 1475 1905">
     <span class='ocr_line' id='line_1_12' title="bbox 166 1798 1475 1905; baseline -0.007 -23"><span class='ocrx_word' id='word_1_99' title='bbox 166 1798 440 1905; x_wconf 61' lang='lat' dir='ltr'><strong>1„.‚g&#39;ffl1‚g,agnosoi</strong></span> <span class='ocrx_word' id='word_1_100' title='bbox 462 1828 586 1901; x_wconf 84' lang='lat' dir='ltr'><strong>potest.¹</strong></span> <span class='ocrx_word' id='word_1_101' title='bbox 614 1819 715 1897; x_wconf 86' lang='lat' dir='ltr'><strong>ltaque</strong></span> <span class='ocrx_word' id='word_1_102' title='bbox 737 1819 842 1879; x_wconf 82' lang='lat' dir='ltr'><strong>Esaias</strong></span> <span class='ocrx_word' id='word_1_103' title='bbox 865 1819 975 1880; x_wconf 90' lang='lat' dir='ltr'><strong>docens</strong></span> <span class='ocrx_word' id='word_1_104' title='bbox 999 1817 1084 1896; x_wconf 89' lang='lat' dir='ltr'><strong>quale</strong></span> <span class='ocrx_word' id='word_1_105' title='bbox 1111 1816 1253 1878; x_wconf 89' lang='lat' dir='ltr'><strong>ieiunium</strong></span> <span class='ocrx_word' id='word_1_106' title='bbox 1282 1816 1408 1895; x_wconf 88' lang='lat' dir='ltr'><strong>elegerit</strong></span> <span class='ocrx_word' id='word_1_107' title='bbox 1432 1815 1475 1875; x_wconf 91' lang='lat' dir='ltr'><strong>do·</strong></span> 
     </span>
    </p>

    <p class='ocr_par' dir='ltr' id='par_1_12' title="bbox 319 1916 1475 1997">
     <span class='ocr_line' id='line_1_13' title="bbox 319 1916 1475 1997; baseline -0.006 -16"><span class='ocrx_word' id='word_1_108' title='bbox 319 1921 418 1982; x_wconf 90' lang='lat' dir='ltr'><strong>minus</strong></span> <span class='ocrx_word' id='word_1_109' title='bbox 440 1938 506 1981; x_wconf 90' lang='lat' dir='ltr'><strong>cum</strong></span> <span class='ocrx_word' id='word_1_110' title='bbox 528 1918 636 1980; x_wconf 89' lang='lat' dir='ltr'><strong>subicit</strong></span> <span class='ocrx_word' id='word_1_111' title='bbox 651 1919 687 1979; x_wconf 93' lang='lat' dir='ltr'><strong>de</strong></span> <span class='ocrx_word' id='word_1_112' title='bbox 703 1919 838 1980; x_wconf 88' lang='lat' dir='ltr'><strong>mercede</strong></span> <span class='ocrx_word' id='word_1_113' title='bbox 853 1918 1012 1991; x_wconf 88' lang='lat' dir='ltr'><strong>bonitatis,</strong></span> <span class='ocrx_word' id='word_1_114' title='bbox 1036 1918 1133 1990; x_wconf 87' lang='lat' dir='ltr'><strong>Tunc,</strong></span> <span class='ocrx_word' id='word_1_115' title='bbox 1157 1917 1267 1997; x_wconf 86' lang='lat' dir='ltr'><strong>inquit,</strong></span> <span class='ocrx_word' id='word_1_116' title='bbox 1290 1916 1393 1978; x_wconf 91' lang='lat' dir='ltr'><strong>lumen</strong></span> <span class='ocrx_word' id='word_1_117' title='bbox 1408 1925 1475 1977; x_wconf 90' lang='lat' dir='ltr'><strong>tuum</strong></span> 
     </span>
    </p>

    <p class='ocr_par' dir='ltr' id='par_1_13' title="bbox 319 2014 1475 2099">
     <span class='ocr_line' id='line_1_14' title="bbox 319 2014 1475 2099; baseline -0.005 -16"><span class='ocrx_word' id='word_1_118' title='bbox 319 2029 542 2099; x_wconf 89' lang='lat' dir='ltr'><strong>temporaneum</strong></span> <span class='ocrx_word' id='word_1_119' title='bbox 566 2028 701 2098; x_wconf 90' lang='lat' dir='ltr'><strong>erumpet</strong></span> <span class='ocrx_word' id='word_1_120' title='bbox 723 2028 753 2080; x_wconf 92' lang='lat' dir='ltr'><strong>et</strong></span> <span class='ocrx_word' id='word_1_121' title='bbox 774 2021 948 2081; x_wconf 84' lang='lat' dir='ltr'><strong>vestimenta</strong></span> <span class='ocrx_word' id='word_1_122' title='bbox 972 2027 1019 2080; x_wconf 88' lang='lat' dir='ltr'><strong>tua</strong></span> <span class='ocrx_word' id='word_1_123' title='bbox 1039 2018 1126 2079; x_wconf 88' lang='lat' dir='ltr'><strong>citius</strong></span> <span class='ocrx_word' id='word_1_124' title='bbox 1143 2017 1291 2088; x_wconf 87' lang='lat' dir='ltr'><strong>orientur,</strong></span> <span class='ocrx_word' id='word_1_125' title='bbox 1316 2036 1377 2078; x_wconf 93' lang='lat' dir='ltr'><strong>non</strong></span> <span class='ocrx_word' id='word_1_126' title='bbox 1398 2014 1475 2077; x_wconf 78' lang='lat' dir='ltr'><strong>&#39;sub-</strong></span> 
     </span>
    </p>

    <p class='ocr_par' dir='ltr' id='par_1_14' title="bbox 320 2115 1477 2198">
     <span class='ocr_line' id='line_1_15' title="bbox 320 2115 1477 2198; baseline -0.007 -17"><span class='ocrx_word' id='word_1_127' title='bbox 320 2120 445 2182; x_wconf 88' lang='lat' dir='ltr'><strong>sericam</strong></span> <span class='ocrx_word' id='word_1_128' title='bbox 468 2120 569 2198; x_wconf 89' lang='lat' dir='ltr'><strong>ntique</strong></span> <span class='ocrx_word' id='word_1_129' title='bbox 591 2138 646 2181; x_wconf 91' lang='lat' dir='ltr'><strong>nec</strong></span> <span class='ocrx_word' id='word_1_130' title='bbox 660 2120 794 2197; x_wconf 88' lang='lat' dir='ltr'><strong>pallium,</strong></span> <span class='ocrx_word' id='word_1_131' title='bbox 818 2121 870 2181; x_wconf 95' lang='lat' dir='ltr'><strong>sed</strong></span> <span class='ocrx_word' id='word_1_132' title='bbox 894 2136 1012 2181; x_wconf 86' lang='lat' dir='ltr'><strong>carnem</strong></span> <span class='ocrx_word' id='word_1_133' title='bbox 1036 2119 1139 2179; x_wconf 87' lang='lat' dir='ltr'><strong>volens</strong></span> <span class='ocrx_word' id='word_1_134' title='bbox 1160 2118 1252 2196; x_wconf 83' lang='lat' dir='ltr'><strong>accipi</strong></span> <span class='ocrx_word' id='word_1_135' title='bbox 1275 2125 1377 2179; x_wconf 86' lang='lat' dir='ltr'><strong>ortum</strong></span> <span class='ocrx_word' id='word_1_136' title='bbox 1393 2115 1477 2179; x_wconf 88' lang='lat' dir='ltr'><strong>camis</strong></span> 
     </span>
    </p>

    <p class='ocr_par' dir='ltr' id='par_1_15' title="bbox 319 2218 1479 2298">
     <span class='ocr_line' id='line_1_16' title="bbox 319 2218 1479 2298; baseline -0.004 -18"><span class='ocrx_word' id='word_1_137' title='bbox 319 2228 542 2282; x_wconf 80' lang='lat' dir='ltr'><strong>resurrecturae</strong></span> <span class='ocrx_word' id='word_1_138' title='bbox 569 2221 610 2281; x_wconf 82' lang='lat' dir='ltr'><strong>de</strong></span> <span class='ocrx_word' id='word_1_139' title='bbox 634 2220 739 2281; x_wconf 91' lang='lat' dir='ltr'><strong>mortis</strong></span> <span class='ocrx_word' id='word_1_140' title='bbox 768 2239 874 2282; x_wconf 88' lang='lat' dir='ltr'><strong>occasu</strong></span> <span class='ocrx_word' id='word_1_141' title='bbox 904 2220 1091 2298; x_wconf 87' lang='lat' dir='ltr'><strong>praedicavit.</strong></span> <span class='ocrx_word' id='word_1_142' title='bbox 1146 2219 1227 2279; x_wconf 77' lang='lat' dir='ltr'><strong>Adeo</strong></span> <span class='ocrx_word' id='word_1_143' title='bbox 1257 2218 1345 2279; x_wconf 90' lang='lat' dir='ltr'><strong>nobis</strong></span> <span class='ocrx_word' id='word_1_144' title='bbox 1375 2234 1479 2296; x_wconf 85' lang='lat' dir='ltr'><strong>quoqne</strong></span> 
     </span>
    </p>

    <p class='ocr_par' dir='ltr' id='par_1_16' title="bbox 318 2318 1480 2400">
     <span class='ocr_line' id='line_1_17' title="bbox 318 2318 1480 2400; baseline -0.003 -19"><span class='ocrx_word' id='word_1_145' title='bbox 318 2320 450 2400; x_wconf 82' lang='lat' dir='ltr'><strong>suppetit</strong></span> <span class='ocrx_word' id='word_1_146' title='bbox 470 2320 641 2399; x_wconf 77' lang='lat' dir='ltr'><strong>⁴allegorica</strong></span> <span class='ocrx_word' id='word_1_147' title='bbox 664 2320 797 2381; x_wconf 82' lang='lat' dir='ltr'><strong>defensio</strong></span> <span class='ocrx_word' id='word_1_148' title='bbox 821 2320 984 2397; x_wconf 92' lang='lat' dir='ltr'><strong>corporalis</strong></span> <span class='ocrx_word' id='word_1_149' title='bbox 1007 2318 1246 2380; x_wconf 89' lang='lat' dir='ltr'><strong>resurrectionis.</strong></span> <span class='ocrx_word' id='word_1_150' title='bbox 1279 2318 1355 2380; x_wconf 87' lang='lat' dir='ltr'><strong>Nam</strong></span> <span class='ocrx_word' id='word_1_151' title='bbox 1377 2327 1480 2380; x_wconf 90' lang='lat' dir='ltr'><strong>etcum</strong></span> 
     </span>
    </p>

    <p class='ocr_par' dir='ltr' id='par_1_17' title="bbox 167 2418 1485 2500">
     <span class='ocr_line' id='line_1_18' title="bbox 167 2418 1485 2500; baseline -0.002 -20"><span class='ocrx_word' id='word_1_152' title='bbox 167 2418 456 2498; x_wconf 68' lang='lat' dir='ltr'><strong>teexxnaolegimus,</strong></span> <span class='ocrx_word' id='word_1_153' title='bbox 479 2420 610 2500; x_wconf 90' lang='lat' dir='ltr'><strong>Populus</strong></span> <span class='ocrx_word' id='word_1_154' title='bbox 633 2440 729 2493; x_wconf 88' lang='lat' dir='ltr'><strong>meus,</strong></span> <span class='ocrx_word' id='word_1_155' title='bbox 752 2420 873 2481; x_wconf 89' lang='lat' dir='ltr'><strong>introite</strong></span> <span class='ocrx_word' id='word_1_156' title='bbox 894 2420 941 2480; x_wconf 79' lang='lat' dir='ltr'><strong>‘in</strong></span> <span class='ocrx_word' id='word_1_157' title='bbox 956 2420 1043 2481; x_wconf 90' lang='lat' dir='ltr'><strong>cellas</strong></span> <span class='ocrx_word' id='word_1_158' title='bbox 1057 2437 1177 2498; x_wconf 90' lang='lat' dir='ltr'><strong>promas</strong></span> <span class='ocrx_word' id='word_1_159' title='bbox 1192 2419 1378 2496; x_wconf 84' lang='lat' dir='ltr'><strong>quantulum,</strong></span> <span class='ocrx_word' id='word_1_160' title='bbox 1400 2420 1485 2481; x_wconf 88' lang='lat' dir='ltr'><strong>donec</strong></span> 
     </span>
    </p>

    <p class='ocr_par' dir='ltr' id='par_1_18' title="bbox 320 2519 1483 2601">
     <span class='ocr_line' id='line_1_19' title="bbox 320 2519 1483 2601; baseline -0.001 -20"><span class='ocrx_word' id='word_1_161' title='bbox 320 2520 363 2581; x_wconf 89' lang='lat' dir='ltr'><strong>ira</strong></span> <span class='ocrx_word' id='word_1_162' title='bbox 385 2539 450 2582; x_wconf 86' lang='lat' dir='ltr'><strong>men</strong></span> <span class='ocrx_word' id='word_1_163' title='bbox 473 2530 654 2600; x_wconf 88' lang='lat' dir='ltr'><strong>praetereat,</strong></span> <span class='ocrx_word' id='word_1_164' title='bbox 677 2521 833 2601; x_wconf 91' lang='lat' dir='ltr'><strong>sepulchra</strong></span> <span class='ocrx_word' id='word_1_165' title='bbox 856 2532 942 2581; x_wconf 87' lang='lat' dir='ltr'><strong>erunt</strong></span> <span class='ocrx_word' id='word_1_166' title='bbox 964 2521 1053 2580; x_wconf 88' lang='lat' dir='ltr'><strong>cellae</strong></span> <span class='ocrx_word' id='word_1_167' title='bbox 1073 2537 1209 2599; x_wconf 88' lang='lat' dir='ltr'><strong>promae,</strong></span> <span class='ocrx_word' id='word_1_168' title='bbox 1232 2519 1262 2579; x_wconf 93' lang='lat' dir='ltr'><strong>in</strong></span> <span class='ocrx_word' id='word_1_169' title='bbox 1285 2520 1395 2598; x_wconf 85' lang='lat' dir='ltr'><strong>quihus</strong></span> <span class='ocrx_word' id='word_1_170' title='bbox 1415 2537 1483 2599; x_wconf 88' lang='lat' dir='ltr'><strong>pau·</strong></span> 
     </span>
    </p>

    <p class='ocr_par' dir='ltr' id='par_1_19' title="bbox 319 2619 1485 2700">
     <span class='ocr_line' id='line_1_20' title="bbox 319 2619 1485 2700; baseline 0.001 -21"><span class='ocrx_word' id='word_1_171' title='bbox 319 2620 414 2697; x_wconf 89' lang='lat' dir='ltr'><strong>lisper</strong></span> <span class='ocrx_word' id='word_1_172' title='bbox 435 2620 623 2698; x_wconf 87' lang='lat' dir='ltr'><strong>requiescere</strong></span> <span class='ocrx_word' id='word_1_173' title='bbox 644 2620 794 2681; x_wconf 90' lang='lat' dir='ltr'><strong>habebunt</strong></span> <span class='ocrx_word' id='word_1_174' title='bbox 824 2621 873 2700; x_wconf 87' lang='lat' dir='ltr'><strong>qui</strong></span> <span class='ocrx_word' id='word_1_175' title='bbox 902 2620 932 2680; x_wconf 94' lang='lat' dir='ltr'><strong>in</strong></span> <span class='ocrx_word' id='word_1_176' title='bbox 960 2619 1068 2680; x_wconf 87' lang='lat' dir='ltr'><strong>finibus</strong></span> <span class='ocrx_word' id='word_1_177' title='bbox 1098 2619 1207 2679; x_wconf 86' lang='lat' dir='ltr'><strong>saeculi</strong></span> <span class='ocrx_word' id='word_1_178' title='bbox 1235 2619 1291 2679; x_wconf 90' lang='lat' dir='ltr'><strong>sub</strong></span> <span class='ocrx_word' id='word_1_179' title='bbox 1321 2619 1422 2682; x_wconf 90' lang='lat' dir='ltr'><strong>ultima</strong></span> <span class='ocrx_word' id='word_1_180' title='bbox 1447 2620 1485 2680; x_wconf 86' lang='lat' dir='ltr'><strong>ira</strong></span> 
     </span>
    </p>

    <p class='ocr_par' dir='ltr' id='par_1_20' title="bbox 320 2718 1489 2798">
     <span class='ocr_line' id='line_1_21' title="bbox 320 2718 1489 2798; baseline 0 -20"><span class='ocrx_word' id='word_1_181' title='bbox 320 2735 375 2798; x_wconf 90' lang='lat' dir='ltr'><strong>per</strong></span> <span class='ocrx_word' id='word_1_182' title='bbox 395 2718 561 2780; x_wconf 86' lang='lat' dir='ltr'><strong>antichristi</strong></span> <span class='ocrx_word' id='word_1_183' title='bbox 584 2720 642 2780; x_wconf 83' lang='lat' dir='ltr'><strong>vim</strong></span> <span class='ocrx_word' id='word_1_184' title='bbox 664 2720 873 2781; x_wconf 72' lang='lat' dir='ltr'><strong>‘excesserint</strong></span> <span class='ocrx_word' id='word_1_185' title='bbox 907 2721 964 2779; x_wconf 78' lang='lat' dir='ltr'><strong>hut</strong></span> <span class='ocrx_word' id='word_1_186' title='bbox 985 2719 1189 2780; x_wconf 89' lang='lat' dir='ltr'><strong>curcellarum</strong></span> <span class='ocrx_word' id='word_1_187' title='bbox 1206 2735 1377 2796; x_wconf 87' lang='lat' dir='ltr'><strong>promarum</strong></span> <span class='ocrx_word' id='word_1_188' title='bbox 1390 2719 1489 2797; x_wconf 89' lang='lat' dir='ltr'><strong>potius</strong></span> 
     </span>
    </p>

    <p class='ocr_par' dir='ltr' id='par_1_21' title="bbox 321 2816 1489 2898">
     <span class='ocr_line' id='line_1_22' title="bbox 321 2816 1489 2898; baseline 0.002 -21"><span class='ocrx_word' id='word_1_189' title='bbox 321 2816 481 2879; x_wconf 78' lang='lat' dir='ltr'><strong>&#39;vocabulo</strong></span> <span class='ocrx_word' id='word_1_190' title='bbox 503 2836 575 2880; x_wconf 91' lang='lat' dir='ltr'><strong>usus</strong></span> <span class='ocrx_word' id='word_1_191' title='bbox 599 2828 660 2890; x_wconf 84' lang='lat' dir='ltr'><strong>est,</strong></span> <span class='ocrx_word' id='word_1_192' title='bbox 694 2828 725 2879; x_wconf 91' lang='lat' dir='ltr'><strong>et</strong></span> <span class='ocrx_word' id='word_1_193' title='bbox 751 2839 811 2880; x_wconf 93' lang='lat' dir='ltr'><strong>non</strong></span> <span class='ocrx_word' id='word_1_194' title='bbox 841 2819 963 2881; x_wconf 89' lang='lat' dir='ltr'><strong>alicuius</strong></span> <span class='ocrx_word' id='word_1_195' title='bbox 991 2819 1048 2879; x_wconf 89' lang='lat' dir='ltr'><strong>loci</strong></span> <span class='ocrx_word' id='word_1_196' title='bbox 1077 2817 1252 2897; x_wconf 84' lang='lat' dir='ltr'><strong>receptorii,</strong></span> <span class='ocrx_word' id='word_1_197' title='bbox 1287 2818 1341 2880; x_wconf 91' lang='lat' dir='ltr'><strong>nisi</strong></span> <span class='ocrx_word' id='word_1_198' title='bbox 1369 2817 1437 2898; x_wconf 88' lang='lat' dir='ltr'><strong>quia</strong></span> <span class='ocrx_word' id='word_1_199' title='bbox 1459 2817 1489 2879; x_wconf 94' lang='lat' dir='ltr'><strong>in</strong></span> 
     </span>
    </p>

    <p class='ocr_par' dir='ltr' id='par_1_22' title="bbox 320 2918 1490 3001">
     <span class='ocr_line' id='line_1_23' title="bbox 320 2918 1490 3001; baseline 0.001 -21"><span class='ocrx_word' id='word_1_200' title='bbox 320 2918 403 2980; x_wconf 88' lang='lat' dir='ltr'><strong>cellis</strong></span> <span class='ocrx_word' id='word_1_201' title='bbox 424 2919 539 2997; x_wconf 91' lang='lat' dir='ltr'><strong>promis</strong></span> <span class='ocrx_word' id='word_1_202' title='bbox 562 2938 630 2980; x_wconf 91' lang='lat' dir='ltr'><strong>caro</strong></span> <span class='ocrx_word' id='word_1_203' title='bbox 653 2921 735 2981; x_wconf 87' lang='lat' dir='ltr'><strong>salita</strong></span> <span class='ocrx_word' id='word_1_204' title='bbox 762 2920 808 2981; x_wconf 78' lang='lat' dir='ltr'><strong>⁸et</strong></span> <span class='ocrx_word' id='word_1_205' title='bbox 837 2919 904 2981; x_wconf 91' lang='lat' dir='ltr'><strong>usui</strong></span> <span class='ocrx_word' id='word_1_206' title='bbox 932 2921 1066 2999; x_wconf 89' lang='lat' dir='ltr'><strong>reposita</strong></span> <span class='ocrx_word' id='word_1_207' title='bbox 1096 2927 1259 2992; x_wconf 64' lang='lat' dir='ltr'><strong>servatum,</strong></span> <span class='ocrx_word' id='word_1_208' title='bbox 1291 2919 1490 3001; x_wconf 87' lang='lat' dir='ltr'><strong>depromenda</strong></span> 
     </span>
    </p>

    <p class='ocr_par' dir='ltr' id='par_1_23' title="bbox 320 3016 1492 3098">
     <span class='ocr_line' id='line_1_24' title="bbox 320 3016 1492 3098; baseline 0.003 -21"><span class='ocrx_word' id='word_1_209' title='bbox 320 3016 401 3079; x_wconf 91' lang='lat' dir='ltr'><strong>illinc</strong></span> <span class='ocrx_word' id='word_1_210' title='bbox 422 3036 478 3078; x_wconf 92' lang='lat' dir='ltr'><strong>suo</strong></span> <span class='ocrx_word' id='word_1_211' title='bbox 501 3018 660 3098; x_wconf 75' lang='lat' dir='ltr'><strong>tempore?</strong></span> <span class='ocrx_word' id='word_1_212' title='bbox 692 3019 822 3080; x_wconf 86' lang='lat' dir='ltr'><strong>Proinde</strong></span> <span class='ocrx_word' id='word_1_213' title='bbox 845 3021 923 3080; x_wconf 85' lang='lat' dir='ltr'><strong>enirn</strong></span> <span class='ocrx_word' id='word_1_214' title='bbox 945 3028 975 3081; x_wconf 91' lang='lat' dir='ltr'><strong>et</strong></span> <span class='ocrx_word' id='word_1_215' title='bbox 996 3038 1122 3098; x_wconf 92' lang='lat' dir='ltr'><strong>corpora</strong></span> <span class='ocrx_word' id='word_1_216' title='bbox 1138 3019 1279 3080; x_wconf 88' lang='lat' dir='ltr'><strong>medicata</strong></span> <span class='ocrx_word' id='word_1_217' title='bbox 1296 3020 1492 3082; x_wconf 86' lang='lat' dir='ltr'><strong>condimentis</strong></span> 
     </span>
    </p>

    <p class='ocr_par' dir='ltr' id='par_1_24' title="bbox 322 3116 1492 3199">
     <span class='ocr_line' id='line_1_25' title="bbox 322 3116 1492 3199; baseline 0.003 -22"><span class='ocrx_word' id='word_1_218' title='bbox 322 3116 491 3197; x_wconf 88' lang='lat' dir='ltr'><strong>sepulturae</strong></span> <span class='ocrx_word' id='word_1_219' title='bbox 506 3118 668 3180; x_wconf 85' lang='lat' dir='ltr'><strong>mausoleis</strong></span> <span class='ocrx_word' id='word_1_220' title='bbox 684 3128 713 3180; x_wconf 91' lang='lat' dir='ltr'><strong>et</strong></span> <span class='ocrx_word' id='word_1_221' title='bbox 726 3120 927 3181; x_wconf 86' lang='lat' dir='ltr'><strong>monumentis</strong></span> <span class='ocrx_word' id='word_1_222' title='bbox 949 3119 1208 3199; x_wconf 59' lang='lat' dir='ltr'><strong>”sequestrantum</strong></span> <span class='ocrx_word' id='word_1_223' title='bbox 1231 3138 1413 3198; x_wconf 86' lang='lat' dir='ltr'><strong>processura</strong></span> <span class='ocrx_word' id='word_1_224' title='bbox 1427 3120 1492 3181; x_wconf 88' lang='lat' dir='ltr'><strong>inde</strong></span> 
     </span>
    </p>

    <p class='ocr_par' dir='ltr' id='par_1_25' title="bbox 322 3218 1492 3300">
     <span class='ocr_line' id='line_1_26' title="bbox 322 3218 1492 3300; baseline 0.002 -22"><span class='ocrx_word' id='word_1_225' title='bbox 322 3235 388 3278; x_wconf 91' lang='lat' dir='ltr'><strong>cum</strong></span> <span class='ocrx_word' id='word_1_226' title='bbox 409 3218 531 3280; x_wconf 89' lang='lat' dir='ltr'><strong>iusserit</strong></span> <span class='ocrx_word' id='word_1_227' title='bbox 552 3219 700 3279; x_wconf 86' lang='lat' dir='ltr'><strong>dominus.</strong></span> <span class='ocrx_word' id='word_1_228' title='bbox 744 3219 832 3292; x_wconf 84' lang='lat' dir='ltr'><strong>Quod</strong></span> <span class='ocrx_word' id='word_1_229' title='bbox 853 3239 920 3281; x_wconf 91' lang='lat' dir='ltr'><strong>oum</strong></span> <span class='ocrx_word' id='word_1_230' title='bbox 941 3220 981 3280; x_wconf 92' lang='lat' dir='ltr'><strong>ita</strong></span> <span class='ocrx_word' id='word_1_231' title='bbox 1010 3220 1138 3298; x_wconf 78' lang='lat' dir='ltr'><strong>intellegi</strong></span> <span class='ocrx_word' id='word_1_232' title='bbox 1167 3229 1311 3298; x_wconf 83' lang='lat' dir='ltr'><strong>congruat</strong></span> <span class='ocrx_word' id='word_1_233' title='bbox 1339 3221 1492 3300; x_wconf 81' lang='lat' dir='ltr'><strong>(¹⁰eequae</strong></span> 
     </span>
    </p>

    <p class='ocr_par' dir='ltr' id='par_1_26' title="bbox 321 3317 1492 3401">
     <span class='ocr_line' id='line_1_27' title="bbox 321 3317 1492 3401; baseline 0.001 -22"><span class='ocrx_word' id='word_1_234' title='bbox 321 3317 401 3379; x_wconf 87' lang='lat' dir='ltr'><strong>enim</strong></span> <span class='ocrx_word' id='word_1_235' title='bbox 423 3318 460 3379; x_wconf 90' lang='lat' dir='ltr'><strong>ab</strong></span> <span class='ocrx_word' id='word_1_236' title='bbox 482 3319 525 3379; x_wconf 91' lang='lat' dir='ltr'><strong>ira</strong></span> <span class='ocrx_word' id='word_1_237' title='bbox 548 3319 616 3380; x_wconf 62' lang='lat' dir='ltr'><strong>deii</strong></span> <span class='ocrx_word' id='word_1_238' title='bbox 645 3319 831 3380; x_wconf 89' lang='lat' dir='ltr'><strong>cellariorum</strong></span> <span class='ocrx_word' id='word_1_239' title='bbox 861 3338 917 3381; x_wconf 88' lang='lat' dir='ltr'><strong>nos</strong></span> <span class='ocrx_word' id='word_1_240' title='bbox 947 3321 1060 3398; x_wconf 89' lang='lat' dir='ltr'><strong>relugia</strong></span> <span class='ocrx_word' id='word_1_241' title='bbox 1088 3319 1307 3397; x_wconf 81' lang='lat' dir='ltr'><strong>servahunt?)‚</strong></span> <span class='ocrx_word' id='word_1_242' title='bbox 1341 3322 1402 3382; x_wconf 88' lang='lat' dir='ltr'><strong>hoc</strong></span> <span class='ocrx_word' id='word_1_243' title='bbox 1427 3321 1492 3401; x_wconf 89' lang='lat' dir='ltr'><strong>ipso</strong></span> 
     </span>
    </p>

    <p class='ocr_par' dir='ltr' id='par_1_27' title="bbox 322 3417 1495 3501">
     <span class='ocr_line' id='line_1_28' title="bbox 322 3417 1495 3501; baseline 0.003 -23"><span class='ocrx_word' id='word_1_244' title='bbox 322 3417 430 3498; x_wconf 77' lang='lat' dir='ltr'><strong>¹¹quod</strong></span> <span class='ocrx_word' id='word_1_245' title='bbox 451 3419 507 3493; x_wconf 86' lang='lat' dir='ltr'><strong>ait,</strong></span> <span class='ocrx_word' id='word_1_246' title='bbox 529 3419 631 3481; x_wconf 86' lang='lat' dir='ltr'><strong>Donec</strong></span> <span class='ocrx_word' id='word_1_247' title='bbox 651 3419 695 3480; x_wconf 93' lang='lat' dir='ltr'><strong>ira</strong></span> <span class='ocrx_word' id='word_1_248' title='bbox 717 3427 898 3499; x_wconf 88' lang='lat' dir='ltr'><strong>praetereat,</strong></span> <span class='ocrx_word' id='word_1_249' title='bbox 921 3440 995 3499; x_wconf 90' lang='lat' dir='ltr'><strong>quae</strong></span> <span class='ocrx_word' id='word_1_250' title='bbox 1014 3421 1163 3498; x_wconf 79' lang='lat' dir='ltr'><strong>extinguet</strong></span> <span class='ocrx_word' id='word_1_251' title='bbox 1178 3421 1403 3496; x_wconf 87' lang='lat' dir='ltr'><strong>antichristum,</strong></span> <span class='ocrx_word' id='word_1_252' title='bbox 1426 3430 1495 3501; x_wconf 85' lang='lat' dir='ltr'><strong>post</strong></span> 
     </span>
    </p>

    <p class='ocr_par' dir='ltr' id='par_1_28' title="bbox 320 3518 1493 3601">
     <span class='ocr_line' id='line_1_29' title="bbox 320 3518 1493 3601; baseline 0.002 -22"><span class='ocrx_word' id='word_1_253' title='bbox 320 3518 396 3580; x_wconf 88' lang='lat' dir='ltr'><strong>iram</strong></span> <span class='ocrx_word' id='word_1_254' title='bbox 424 3519 556 3581; x_wconf 90' lang='lat' dir='ltr'><strong>ostendit</strong></span> <span class='ocrx_word' id='word_1_255' title='bbox 587 3538 797 3600; x_wconf 87' lang='lat' dir='ltr'><strong>processuram</strong></span> <span class='ocrx_word' id='word_1_256' title='bbox 828 3538 947 3581; x_wconf 92' lang='lat' dir='ltr'><strong>carnem</strong></span> <span class='ocrx_word' id='word_1_257' title='bbox 974 3520 1010 3580; x_wconf 96' lang='lat' dir='ltr'><strong>de</strong></span> <span class='ocrx_word' id='word_1_258' title='bbox 1041 3519 1242 3599; x_wconf 80' lang='lat' dir='ltr'><strong>¹¹sepulchro‚</strong></span> <span class='ocrx_word' id='word_1_259' title='bbox 1275 3521 1307 3581; x_wconf 94' lang='lat' dir='ltr'><strong>in</strong></span> <span class='ocrx_word' id='word_1_260' title='bbox 1340 3540 1400 3601; x_wconf 85' lang='lat' dir='ltr'><strong>quo</strong></span> <span class='ocrx_word' id='word_1_261' title='bbox 1428 3528 1493 3583; x_wconf 83' lang='lat' dir='ltr'><strong>anta</strong></span> 
     </span>
    </p>

    <p class='ocr_par' dir='ltr' id='par_1_29' title="bbox 321 3618 1491 3701">
     <span class='ocr_line' id='line_1_30' title="bbox 321 3618 1491 3701; baseline 0.001 -21"><span class='ocrx_word' id='word_1_262' title='bbox 321 3618 396 3680; x_wconf 88' lang='lat' dir='ltr'><strong>iram</strong></span> <span class='ocrx_word' id='word_1_263' title='bbox 417 3621 508 3682; x_wconf 87' lang='lat' dir='ltr'><strong>luerit</strong></span> <span class='ocrx_word' id='word_1_264' title='bbox 528 3620 626 3681; x_wconf 91' lang='lat' dir='ltr'><strong>inlata.</strong></span> <span class='ocrx_word' id='word_1_265' title='bbox 678 3620 752 3681; x_wconf 92' lang='lat' dir='ltr'><strong>Nam</strong></span> <span class='ocrx_word' id='word_1_266' title='bbox 781 3629 811 3680; x_wconf 86' lang='lat' dir='ltr'><strong>et</strong></span> <span class='ocrx_word' id='word_1_267' title='bbox 839 3620 876 3681; x_wconf 91' lang='lat' dir='ltr'><strong>de</strong></span> <span class='ocrx_word' id='word_1_268' title='bbox 903 3620 1029 3682; x_wconf 89' lang='lat' dir='ltr'><strong>cellariis</strong></span> <span class='ocrx_word' id='word_1_269' title='bbox 1059 3639 1120 3681; x_wconf 94' lang='lat' dir='ltr'><strong>non</strong></span> <span class='ocrx_word' id='word_1_270' title='bbox 1149 3621 1227 3682; x_wconf 90' lang='lat' dir='ltr'><strong>aliud</strong></span> <span class='ocrx_word' id='word_1_271' title='bbox 1257 3623 1383 3683; x_wconf 86' lang='lat' dir='ltr'><strong>ellertur</strong></span> <span class='ocrx_word' id='word_1_272' title='bbox 1408 3638 1491 3701; x_wconf 67' lang='lat' dir='ltr'><strong>mam</strong></span> 
     </span>
    </p>
   </div>
   <div class='ocr_carea' id='block_1_3' title="bbox 321 3718 1492 3879">
    <p class='ocr_par' dir='ltr' id='par_1_30' title="bbox 321 3718 1492 3879">
     <span class='ocr_line' id='line_1_31' title="bbox 321 3718 1492 3800; baseline 0.004 -21"><span class='ocrx_word' id='word_1_273' title='bbox 321 3718 401 3797; x_wconf 89' lang='lat' dir='ltr'><strong>quod</strong></span> <span class='ocrx_word' id='word_1_274' title='bbox 422 3720 564 3793; x_wconf 84' lang='lat' dir='ltr'><strong>insertur,</strong></span> <span class='ocrx_word' id='word_1_275' title='bbox 598 3729 629 3782; x_wconf 93' lang='lat' dir='ltr'><strong>et</strong></span> <span class='ocrx_word' id='word_1_276' title='bbox 653 3730 724 3800; x_wconf 90' lang='lat' dir='ltr'><strong>post</strong></span> <span class='ocrx_word' id='word_1_277' title='bbox 751 3720 917 3783; x_wconf 87' lang='lat' dir='ltr'><strong>antichristi</strong></span> <span class='ocrx_word' id='word_1_278' title='bbox 945 3721 1173 3782; x_wconf 81' lang='lat' dir='ltr'><strong>eradicationem</strong></span> <span class='ocrx_word' id='word_1_279' title='bbox 1201 3721 1361 3800; x_wconf 85' lang='lat' dir='ltr'><strong>agitabitur</strong></span> <span class='ocrx_word' id='word_1_280' title='bbox 1388 3738 1492 3784; x_wconf 88' lang='lat' dir='ltr'><strong>resur-</strong></span> 
     </span>
     <span class='ocr_line' id='line_1_32' title="bbox 321 3818 426 3879; baseline 0.029 -3"><span class='ocrx_word' id='word_1_281' title='bbox 321 3818 426 3879; x_wconf 87' lang='lat' dir='ltr'><strong>rectio.</strong></span> 
     </span>
    </p>
   </div>
   <div class='ocr_carea' id='block_1_4' title="bbox 322 3997 1515 4404">
    <p class='ocr_par' dir='ltr' id='par_1_31' title="bbox 322 3997 1515 4404">
     <span class='ocr_line' id='line_1_33' title="bbox 322 3997 1515 4071; baseline 0.007 -23"><span class='ocrx_word' id='word_1_282' title='bbox 322 3997 363 4049; x_wconf 81' lang='grc'><strong>32.</strong></span> <span class='ocrx_word' id='word_1_283' title='bbox 382 4000 453 4049; x_wconf 86' lang='lat' dir='ltr'><strong>etiam</strong></span> <span class='ocrx_word' id='word_1_284' title='bbox 477 4001 520 4052; x_wconf 80' lang='lat' dir='ltr'><strong>tc.</strong></span> <span class='ocrx_word' id='word_1_285' title='bbox 538 4002 584 4051; x_wconf 85' lang='lat' dir='ltr'><strong>duo</strong></span> <span class='ocrx_word' id='word_1_286' title='bbox 606 4003 716 4054; x_wconf 80' lang='lat' dir='ltr'><strong>Vaticani.</strong></span> <span class='ocrx_word' id='word_1_287' title='bbox 778 4003 819 4054; x_wconf 75' lang='lat'><strong>³³.</strong></span> <span class='ocrx_word' id='word_1_288' title='bbox 844 4006 951 4056; x_wconf 81' lang='lat' dir='ltr'><strong>incolere</strong></span> <span class='ocrx_word' id='word_1_289' title='bbox 975 4009 1049 4057; x_wconf 74' lang='lat' dir='ltr'><strong>codes</strong></span> <span class='ocrx_word' id='word_1_290' title='bbox 1072 4009 1104 4058; x_wconf 88' lang='lat' dir='ltr'><strong>lo.</strong></span> <span class='ocrx_word' id='word_1_291' title='bbox 1119 4007 1247 4057; x_wconf 79' lang='lat' dir='ltr'><strong>Clementis.</strong></span> <span class='ocrx_word' id='word_1_292' title='bbox 1311 4007 1354 4057; x_wconf 67' lang='lat' dir='ltr'><strong>bh</strong></span> <span class='ocrx_word' id='word_1_293' title='bbox 1379 4007 1515 4071; x_wconf 71' lang='lat' dir='ltr'><strong>topatio·</strong></span> 
     </span>
     <span class='ocr_line' id='line_1_34' title="bbox 322 4067 1506 4203; baseline 0.005 -22"><span class='ocrx_word' id='word_1_294' title='bbox 322 4074 360 4115; x_wconf 55' lang='lat' dir='ltr'><strong>m</strong></span> <span class='ocrx_word' id='word_1_295' title='bbox 376 4067 554 4197; x_wconf 52' lang='lat' dir='ltr'><strong>Agacgybxlll.</strong></span> <span class='ocrx_word' id='word_1_296' title='bbox 591 4135 613 4185; x_wconf 89' lang='lat' dir='ltr'><strong>l.</strong></span> <span class='ocrx_word' id='word_1_297' title='bbox 631 4135 788 4198; x_wconf 76' lang='lat' dir='ltr'><strong>allegoriam</strong></span> <span class='ocrx_word' id='word_1_298' title='bbox 805 4139 838 4199; x_wconf 68' lang='lat' dir='ltr'><strong>A„</strong></span> <span class='ocrx_word' id='word_1_299' title='bbox 858 4153 1022 4202; x_wconf 67' lang='lat' dir='ltr'><strong>memoresne</strong></span> <span class='ocrx_word' id='word_1_300' title='bbox 1041 4154 1053 4188; x_wconf 91' lang='lat' dir='ltr'><strong>s</strong></span> <span class='ocrx_word' id='word_1_301' title='bbox 1069 4154 1111 4203; x_wconf 82' lang='lat' dir='ltr'><strong>pro</strong></span> <span class='ocrx_word' id='word_1_302' title='bbox 1130 4154 1142 4187; x_wconf 87' lang='lat' dir='ltr'>z</span> <span class='ocrx_word' id='word_1_303' title='bbox 1158 4141 1268 4202; x_wconf 81' lang='lat' dir='ltr'><strong>ponendi.</strong></span> <span class='ocrx_word' id='word_1_304' title='bbox 1305 4139 1329 4188; x_wconf 91' lang='grc'><strong>2.</strong></span> <span class='ocrx_word' id='word_1_305' title='bbox 1349 4138 1452 4190; x_wconf 81' lang='lat' dir='ltr'><strong>innubae</strong></span> <span class='ocrx_word' id='word_1_306' title='bbox 1466 4137 1506 4187; x_wconf 69' lang='lat' dir='ltr'><strong>l-</strong></span> 
     </span>
     <span class='ocr_line' id='line_1_35' title="bbox 322 4199 1515 4266; baseline 0.004 -19"><span class='ocrx_word' id='word_1_307' title='bbox 322 4199 346 4248; x_wconf 93' lang='lat' dir='ltr'><strong>in</strong></span> <span class='ocrx_word' id='word_1_308' title='bbox 365 4200 427 4250; x_wconf 83' lang='lat' dir='ltr'><strong>nubo</strong></span> <span class='ocrx_word' id='word_1_309' title='bbox 443 4202 537 4266; x_wconf 81' lang='lat' dir='ltr'><strong>reliqui.</strong></span> <span class='ocrx_word' id='word_1_310' title='bbox 573 4203 661 4252; x_wconf 90' lang='lat' dir='ltr'><strong>innube</strong></span> <span class='ocrx_word' id='word_1_311' title='bbox 680 4206 754 4253; x_wconf 71' lang='lat' dir='ltr'><strong>codes</strong></span> <span class='ocrx_word' id='word_1_312' title='bbox 770 4204 866 4254; x_wconf 74' lang='lat' dir='ltr'><strong>Pitheci</strong></span> <span class='ocrx_word' id='word_1_313' title='bbox 918 4205 942 4255; x_wconf 83' lang='grc'><strong>3.</strong></span> <span class='ocrx_word' id='word_1_314' title='bbox 961 4207 1109 4256; x_wconf 88' lang='lat' dir='ltr'><strong>subsericam</strong></span> <span class='ocrx_word' id='word_1_315' title='bbox 1128 4208 1179 4256; x_wconf 82' lang='lat' dir='ltr'><strong>bed.</strong></span> <span class='ocrx_word' id='word_1_316' title='bbox 1215 4206 1360 4256; x_wconf 80' lang='lat' dir='ltr'><strong>subuculam</strong></span> <span class='ocrx_word' id='word_1_317' title='bbox 1378 4223 1401 4257; x_wconf 81' lang='lat' dir='ltr'><strong>a.</strong></span> <span class='ocrx_word' id='word_1_318' title='bbox 1435 4203 1515 4255; x_wconf 76' lang='lat' dir='ltr'><strong>sah-</strong></span> 
     </span>
     <span class='ocr_line' id='line_1_36' title="bbox 322 4266 1515 4334; baseline 0.006 -20"><span class='ocrx_word' id='word_1_319' title='bbox 322 4266 426 4315; x_wconf 86' lang='lat' dir='ltr'><strong>scribam</strong></span> <span class='ocrx_word' id='word_1_320' title='bbox 443 4270 536 4332; x_wconf 76' lang='lat' dir='ltr'><strong>reliqui,</strong></span> <span class='ocrx_word' id='word_1_321' title='bbox 557 4277 577 4319; x_wconf 84' lang='lat' dir='ltr'><strong>et</strong></span> <span class='ocrx_word' id='word_1_322' title='bbox 595 4272 646 4320; x_wconf 87' lang='lat' dir='ltr'><strong>cod.</strong></span> <span class='ocrx_word' id='word_1_323' title='bbox 664 4271 759 4320; x_wconf 81' lang='lat' dir='ltr'><strong>Pithoei.</strong></span> <span class='ocrx_word' id='word_1_324' title='bbox 800 4272 824 4320; x_wconf 80' lang='lat'><strong>4.</strong></span> <span class='ocrx_word' id='word_1_325' title='bbox 843 4272 974 4334; x_wconf 85' lang='lat' dir='ltr'><strong>allegorice</strong></span> <span class='ocrx_word' id='word_1_326' title='bbox 991 4274 1067 4322; x_wconf 76' lang='lat' dir='ltr'><strong>neca.</strong></span> <span class='ocrx_word' id='word_1_327' title='bbox 1119 4273 1143 4320; x_wconf 80' lang='lat'><strong>5.</strong></span> <span class='ocrx_word' id='word_1_328' title='bbox 1162 4273 1185 4320; x_wconf 92' lang='lat' dir='ltr'><strong>in</strong></span> <span class='ocrx_word' id='word_1_329' title='bbox 1204 4274 1287 4322; x_wconf 74' lang='lat' dir='ltr'><strong>omi.</strong></span> <span class='ocrx_word' id='word_1_330' title='bbox 1342 4274 1367 4324; x_wconf 87' lang='grc'><strong>6.</strong></span> <span class='ocrx_word' id='word_1_331' title='bbox 1385 4283 1515 4322; x_wconf 68' lang='lat' dir='ltr'><strong>meurs-</strong></span> 
     </span>
     <span class='ocr_line' id='line_1_37' title="bbox 322 4334 1515 4404; baseline 0.008 -24"><span class='ocrx_word' id='word_1_332' title='bbox 322 4340 378 4381; x_wconf 91' lang='lat' dir='ltr'><strong>rnnt</strong></span> <span class='ocrx_word' id='word_1_333' title='bbox 395 4334 420 4382; x_wconf 79' lang='lat' dir='ltr'><strong>A.</strong></span> <span class='ocrx_word' id='word_1_334' title='bbox 466 4336 490 4384; x_wconf 85' lang='lat' dir='ltr'><strong>&#39;l.</strong></span> <span class='ocrx_word' id='word_1_335' title='bbox 510 4351 568 4385; x_wconf 87' lang='lat' dir='ltr'><strong>usus</strong></span> <span class='ocrx_word' id='word_1_336' title='bbox 585 4337 702 4386; x_wconf 80' lang='lat' dir='ltr'><strong>vocabulo</strong></span> <span class='ocrx_word' id='word_1_337' title='bbox 721 4346 758 4387; x_wconf 87' lang='lat' dir='ltr'><strong>est</strong></span> <span class='ocrx_word' id='word_1_338' title='bbox 774 4338 818 4387; x_wconf 80' lang='lat' dir='ltr'><strong>tn.</strong></span> <span class='ocrx_word' id='word_1_339' title='bbox 871 4338 894 4388; x_wconf 80' lang='lat'><strong>8.</strong></span> <span class='ocrx_word' id='word_1_340' title='bbox 915 4347 999 4391; x_wconf 70' lang='lat' dir='ltr'><strong>etum</strong></span> <span class='ocrx_word' id='word_1_341' title='bbox 1019 4342 1071 4389; x_wconf 83' lang='lat' dir='ltr'><strong>edd.</strong></span> <span class='ocrx_word' id='word_1_342' title='bbox 1091 4341 1186 4389; x_wconf 83' lang='lat' dir='ltr'><strong>Semleri</strong></span> <span class='ocrx_word' id='word_1_343' title='bbox 1204 4346 1225 4389; x_wconf 82' lang='lat' dir='ltr'><strong>et</strong></span> <span class='ocrx_word' id='word_1_344' title='bbox 1243 4340 1366 4404; x_wconf 75' lang='lat' dir='ltr'><strong>leopoldi.</strong></span> <span class='ocrx_word' id='word_1_345' title='bbox 1411 4338 1435 4389; x_wconf 77' lang='grc'><strong>2.</strong></span> <span class='ocrx_word' id='word_1_346' title='bbox 1451 4349 1515 4385; x_wconf 74' lang='grc' dir='ltr'><strong>Ιο-</strong></span> 
     </span>
    </p>
   </div>
   <div class='ocr_carea' id='block_1_5' title="bbox 321 4402 1515 4535">
    <p class='ocr_par' dir='ltr' id='par_1_32' title="bbox 321 4402 1515 4535">
     <span class='ocr_line' id='line_1_38' title="bbox 321 4402 1515 4471; baseline 0.01 -24"><span class='ocrx_word' id='word_1_347' title='bbox 321 4406 475 4463; x_wconf 85' lang='lat' dir='ltr'><strong>questrentor</strong></span> <span class='ocrx_word' id='word_1_348' title='bbox 492 4419 514 4452; x_wconf 85' lang='lat' dir='ltr'><strong>c.</strong></span> <span class='ocrx_word' id='word_1_349' title='bbox 575 4402 792 4467; x_wconf 63' lang='lat' dir='ltr'><strong>1o.eequaseyo.-</strong></span> <span class='ocrx_word' id='word_1_350' title='bbox 832 4412 855 4454; x_wconf 88' lang='lat' dir='ltr'><strong>et</strong></span> <span class='ocrx_word' id='word_1_351' title='bbox 873 4420 934 4469; x_wconf 80' lang='lat' dir='ltr'><strong>quae</strong></span> <span class='ocrx_word' id='word_1_352' title='bbox 951 4408 1006 4456; x_wconf 82' lang='lat' dir='ltr'><strong>libri</strong></span> <span class='ocrx_word' id='word_1_353' title='bbox 1024 4423 1109 4457; x_wconf 77' lang='lat' dir='ltr'><strong>omnes.</strong></span> <span class='ocrx_word' id='word_1_354' title='bbox 1173 4406 1211 4455; x_wconf 88' lang='lat' dir='ltr'><strong>ll.</strong></span> <span class='ocrx_word' id='word_1_355' title='bbox 1230 4421 1278 4471; x_wconf 81' lang='lat' dir='ltr'><strong>quo</strong></span> <span class='ocrx_word' id='word_1_356' title='bbox 1297 4423 1327 4469; x_wconf 76' lang='lat' dir='ltr'><strong>c,</strong></span> <span class='ocrx_word' id='word_1_357' title='bbox 1346 4409 1376 4458; x_wconf 77' lang='lat' dir='ltr'><strong>de</strong></span> <span class='ocrx_word' id='word_1_358' title='bbox 1392 4402 1515 4457; x_wconf 55' lang='lat' dir='ltr'><strong>ordi&amp;</strong></span> 
     </span>
     <span class='ocr_line' id='line_1_39' title="bbox 323 4466 1118 4535; baseline 0.011 -20"><span class='ocrx_word' id='word_1_359' title='bbox 323 4466 450 4517; x_wconf 76' lang='lat' dir='ltr'><strong>Clementis.</strong></span> <span class='ocrx_word' id='word_1_360' title='bbox 503 4468 542 4518; x_wconf 87' lang='grc'><strong>12.</strong></span> <span class='ocrx_word' id='word_1_361' title='bbox 561 4470 698 4534; x_wconf 84' lang='lat' dir='ltr'><strong>sepulchris</strong></span> <span class='ocrx_word' id='word_1_362' title='bbox 716 4471 740 4520; x_wconf 91' lang='lat' dir='ltr'><strong>in</strong></span> <span class='ocrx_word' id='word_1_363' title='bbox 759 4485 822 4535; x_wconf 82' lang='lat' dir='ltr'><strong>quas</strong></span> <span class='ocrx_word' id='word_1_364' title='bbox 840 4475 874 4522; x_wconf 88' lang='lat' dir='ltr'><strong>bc.</strong></span> <span class='ocrx_word' id='word_1_365' title='bbox 1115 4508 1118 4513; x_wconf 69' lang='grc'><strong><em>»</em></strong></span> 
     </span>
    </p>
   </div>
   <div class='ocr_carea' id='block_1_6' title="bbox 319 4633 1515 4902">
    <p class='ocr_par' dir='ltr' id='par_1_33' title="bbox 319 4633 1515 4902">
     <span class='ocr_line' id='line_1_40' title="bbox 356 4633 1515 4704; baseline -0.001 -21"><span class='ocrx_word' id='word_1_366' title='bbox 356 4633 414 4697; x_wconf 82' lang='lat' dir='ltr'><strong>Cap.</strong></span> <span class='ocrx_word' id='word_1_367' title='bbox 432 4633 519 4683; x_wconf 82' lang='lat' dir='ltr'><strong>xxvtt.</strong></span> <span class='ocrx_word' id='word_1_368' title='bbox 546 4650 566 4684; x_wconf 89' lang='lat' dir='ltr'><strong>a.</strong></span> <span class='ocrx_word' id='word_1_369' title='bbox 585 4637 609 4684; x_wconf 89' lang='lat' dir='ltr'><strong>in</strong></span> <span class='ocrx_word' id='word_1_370' title='bbox 627 4634 696 4686; x_wconf 87' lang='lat' dir='ltr'><strong>cellis</strong></span> <span class='ocrx_word' id='word_1_371' title='bbox 713 4637 807 4701; x_wconf 86' lang='lat' dir='ltr'><strong>promis</strong></span> <span class='ocrx_word' id='word_1_372' title='bbox 826 4652 882 4687; x_wconf 85' lang='lat' dir='ltr'><strong>caro</strong></span> <span class='ocrx_word' id='word_1_373' title='bbox 969 4639 992 4688; x_wconf 89' lang='lat' dir='ltr'><strong>b.</strong></span> <span class='ocrx_word' id='word_1_374' title='bbox 1016 4654 1106 4702; x_wconf 83' lang='lat' dir='ltr'><strong>ecquae</strong></span> <span class='ocrx_word' id='word_1_375' title='bbox 1123 4639 1187 4687; x_wconf 85' lang='lat' dir='ltr'><strong>enirn</strong></span> <span class='ocrx_word' id='word_1_376' title='bbox 1206 4639 1236 4688; x_wconf 85' lang='lat' dir='ltr'><strong>ab</strong></span> <span class='ocrx_word' id='word_1_377' title='bbox 1253 4639 1289 4688; x_wconf 79' lang='lat' dir='ltr'><strong>ira</strong></span> <span class='ocrx_word' id='word_1_378' title='bbox 1308 4634 1360 4704; x_wconf 80' lang='lat' dir='ltr'><strong>dei]</strong></span> <span class='ocrx_word' id='word_1_379' title='bbox 1384 4635 1515 4687; x_wconf 73' lang='lat' dir='ltr'><strong>clemen</strong></span> 
     </span>
     <span class='ocr_line' id='line_1_41' title="bbox 320 4697 1515 4772; baseline 0.008 -23"><span class='ocrx_word' id='word_1_380' title='bbox 320 4699 391 4749; x_wconf 79' lang='lat' dir='ltr'><strong>solita</strong></span> <span class='ocrx_word' id='word_1_381' title='bbox 409 4707 433 4748; x_wconf 86' lang='lat' dir='ltr'><strong>et</strong></span> <span class='ocrx_word' id='word_1_382' title='bbox 451 4701 504 4749; x_wconf 89' lang='lat' dir='ltr'><strong>usui</strong></span> <span class='ocrx_word' id='word_1_383' title='bbox 522 4703 627 4763; x_wconf 84' lang='lat' dir='ltr'><strong>reposita</strong></span> <span class='ocrx_word' id='word_1_384' title='bbox 637 4699 757 4768; x_wconf 82' lang='lat' dir='ltr'><strong>servatur]</strong></span> <span class='ocrx_word' id='word_1_385' title='bbox 775 4704 882 4754; x_wconf 76' lang='lat' dir='ltr'><strong>Cilan-</strong></span> <span class='ocrx_word' id='word_1_386' title='bbox 935 4706 1097 4756; x_wconf 76' lang='lat' dir='ltr'><strong>sueonum:</strong></span> <span class='ocrx_word' id='word_1_387' title='bbox 1116 4704 1214 4761; x_wconf 73' lang='lat' dir='ltr'><strong>„toioc</strong></span> <span class='ocrx_word' id='word_1_388' title='bbox 1230 4699 1261 4754; x_wconf 77' lang='grc' dir='ltr'><strong>δὲ</strong></span> <span class='ocrx_word' id='word_1_389' title='bbox 1278 4699 1381 4772; x_wconf 75' lang='grc' dir='ltr'><strong><em>κόσμος</em></strong></span> <span class='ocrx_word' id='word_1_390' title='bbox 1390 4697 1515 4757; x_wconf 56' lang='lat'><strong>&amp;35¹⁶</strong></span> 
     </span>
     <span class='ocr_line' id='line_1_42' title="bbox 321 4763 1515 4839; baseline 0.001 -25"><span class='ocrx_word' id='word_1_391' title='bbox 321 4764 390 4815; x_wconf 64' lang='lat' dir='ltr'><strong>rent(</strong></span> <span class='ocrx_word' id='word_1_392' title='bbox 400 4767 528 4828; x_wconf 85' lang='lat' dir='ltr'><strong>Pignorius</strong></span> <span class='ocrx_word' id='word_1_393' title='bbox 545 4768 578 4817; x_wconf 82' lang='lat' dir='ltr'><strong>lle</strong></span> <span class='ocrx_word' id='word_1_394' title='bbox 587 4770 666 4818; x_wconf 83' lang='lat' dir='ltr'><strong>Servis</strong></span> <span class='ocrx_word' id='word_1_395' title='bbox 685 4770 708 4819; x_wconf 91' lang='lat' dir='ltr'><strong>in</strong></span> <span class='ocrx_word' id='word_1_396' title='bbox 719 4770 802 4820; x_wconf 82' lang='lat' dir='ltr'><strong>l’oleoi</strong></span> <span class='ocrx_word' id='word_1_397' title='bbox 817 4773 881 4837; x_wconf 89' lang='lat' dir='ltr'><strong>Snp-</strong></span> <span class='ocrx_word' id='word_1_398' title='bbox 934 4784 996 4818; x_wconf 82' lang='grc' dir='ltr'><strong>τινα</strong></span> <span class='ocrx_word' id='word_1_399' title='bbox 1008 4771 1065 4820; x_wconf 81' lang='grc' dir='ltr'><strong>τῶν</strong></span> <span class='ocrx_word' id='word_1_400' title='bbox 1074 4765 1303 4839; x_wconf 74' lang='grc' dir='ltr'><strong><em>αὐτομολούντων</em></strong></span> <span class='ocrx_word' id='word_1_401' title='bbox 1312 4763 1361 4822; x_wconf 75' lang='grc' dir='ltr'><strong>ἀπ’</strong></span> <span class='ocrx_word' id='word_1_402' title='bbox 1376 4763 1488 4819; x_wconf 74' lang='lat' dir='ltr'><strong>adroi-</strong></span> <span class='ocrx_word' id='word_1_403' title='bbox 1505 4764 1515 4786; x_wconf 85' lang='lat'><strong>⁴</strong></span> 
     </span>
     <span class='ocr_line' id='line_1_43' title="bbox 319 4832 1039 4902; baseline 0.013 -22"><span class='ocrx_word' id='word_1_404' title='bbox 319 4832 394 4895; x_wconf 85' lang='lat' dir='ltr'><strong>ptem.</strong></span> <span class='ocrx_word' id='word_1_405' title='bbox 413 4833 486 4886; x_wconf 79' lang='lat' dir='ltr'><strong>Thes.</strong></span> <span class='ocrx_word' id='word_1_406' title='bbox 504 4835 587 4886; x_wconf 72' lang='lat' dir='ltr'><strong>Graes.</strong></span> <span class='ocrx_word' id='word_1_407' title='bbox 606 4842 665 4887; x_wconf 88' lang='lat' dir='ltr'><strong>tom.</strong></span> <span class='ocrx_word' id='word_1_408' title='bbox 678 4835 721 4898; x_wconf 83' lang='lat'>111,</span> <span class='ocrx_word' id='word_1_409' title='bbox 738 4852 764 4901; x_wconf 88' lang='lat' dir='ltr'><strong>p.</strong></span> <span class='ocrx_word' id='word_1_410' title='bbox 777 4837 852 4891; x_wconf 76' lang='grc'><strong>1163.</strong></span> <span class='ocrx_word' id='word_1_411' title='bbox 932 4839 1039 4902; x_wconf 80' lang='lat' dir='ltr'><strong>(Rigalt.)</strong></span> 
     </span>
    </p>
   </div>
   <div class='ocr_carea' id='block_1_7' title="bbox 0 0 1634 5775">
    <p class='ocr_par' dir='ltr' id='par_1_34' title="bbox 0 0 1634 5775">
     <span class='ocr_line' id='line_1_44' title="bbox 0 0 1634 5775; baseline 0 0"><span class='ocrx_word' id='word_1_412' title='bbox 0 0 1634 5775; x_wconf 95' lang='lat' dir='ltr'><strong> </strong></span> 
     </span>
    </p>
   </div>
  </div>
 </body>
</html>
