3242 5775
584 602 743 652 usnam
758 602 892 652 canan·
1060 549 1065 562 .
1182 557 1186 568 ’
1254 579 1319 660 dell

145 764 203 829 tu,
224 752 372 824 Haedum
400 753 426 815 si
447 754 525 815 torte
547 752 643 816 tabtda
664 752 770 818 ludens
797 753 843 818 rel
866 751 1120 818 debiatriouibus
1141 762 1193 818 aut
1210 754 1322 835 aurigis

151 855 356 920 contendens·
378 855 427 918 tali
449 854 553 916 nuntio
574 854 756 927 avocareris,
778 873 878 916 noune
892 853 1037 916 dixisses:
1060 855 1142 928 Quae
1164 854 1236 920 mibi
1257 873 1323 922 ma·

154 966 217 1032 ter,
239 966 292 1022 aut
312 956 363 1037 qui
385 954 516 1019 trauest
546 955 639 1020 Deum
662 955 835 1037 praedicans
858 964 888 1017 et
901 954 1032 1036 probans
1054 955 1207 1030 Cbristus,
1222 956 1324 1038 legem

152 1066 185 1122 et
206 1051 369 1140 propbetas
390 1057 571 1139 adimplens,
594 1058 667 1120 buti
687 1067 768 1120 retro
785 1057 849 1119 aeri
864 1056 1017 1137 caliginem
1032 1056 1251 1138 ”dispargenm
1263 1059 1323 1124 -itt-

150 1161 242 1241 digne
270 1178 344 1222 usus
372 1160 449 1221 ”est
475 1160 533 1222 boo
560 1159 638 1222 dieto
667 1158 702 1220 ad
729 1157 949 1239 percutiendam
982 1158 1216 1223 incredulitatem
1248 1160 1323 1224 loris

150 1261 297 1326 standum
318 1260 363 1324 rel
385 1261 422 1324 ad
444 1261 644 1324 exordiendum
666 1260 918 1340 importunitatem
940 1259 976 1321 ab
991 1260 1323 1341 operereruuantiuml

152 1363 293 1428 Celemna
320 1363 357 1425 ad
383 1362 546 1442 negandam
574 1362 755 1426 nativitatem
782 1361 887 1423 ⁸¹alius
914 1359 1052 1425 ”luisset
1081 1361 1139 1426 ”ei
1164 1362 1267 1427 Ιοειιεε
1291 1371 1324 1434 at

152 1475 272 1546 ternpus
296 1473 326 1526 et
347 1464 421 1526 ordo
444 1465 610 1536 sermonis,
633 1482 693 1528 uun
716 1464 781 1526 eius
795 1463 846 1543 qui
860 1462 1219 1543 “posset⁶⁶prouuntiari
1233 1465 1335 1528 stiam'

150 1566 189 1628 ab
210 1586 249 1630 eo
270 1566 326 1627 cui
354 1574 385 1628 st
411 1575 505 1628 mater
532 1576 614 1628 esset
640 1574 672 1628 et
698 1566 814 1628 iratres.
864 1564 937 1628 Ciam
966 1564 1155 1645 “indignatio
1182 1574 1321 1646 parantes

151 1677 255 1749 mgat,
278 1685 339 1730 nou
361 1675 463 1746 negat,
485 1668 539 1730 sed
561 1666 734 1747 ”obiurgat
781 1665 912 1745 Denique
933 1666 1067 1747 potiores
1087 1666 1158 1730 lecit
1177 1667 1270 1741 alios,
1291 1675 1323 1732 ot

155 1769 291 1832 meritum
314 1768 503 1849 praebu'onis
519 1769 700 1840 osteudens,
722 1767 920 1850 audientiam·
940 1768 1054 1832 seilicet
1073 1767 1172 1843 verbi,
1193 1769 1321 1834 muron·

154 1879 228 1934 strat
249 1889 306 1950 qua
329 1870 503 1932 condicione
525 1869 675 1949 negaverit
701 1879 825 1932 matrem
848 1878 879 1931 et
898 1871 1015 1932 fratres.
1059 1869 1124 1943 Qua
1145 1871 1224 1936 euim
1246 1871 1321 1938 atior
1423 1859 1426 1864 ’

155 1971 211 2034 sibi
231 1971 384 2051 adoptarit
404 1972 454 2051 qui
476 1972 504 2033 ei
526 1971 740 2044 adhaerebant,
764 1990 798 2032 ea
812 1971 966 2050 abnegavit
987 1970 1054 2032 illos
1074 1971 1125 2051 qui
1146 1971 1185 2034 ab
1207 1973 1321 2036 eoad-

156 2073 307 2138 aistebaut.
338 2073 421 2135 Solet
442 2074 528 2136 etiam
551 2073 739 2153 ⁰⁸adinplere
754 2072 890 2134 Christus
912 2073 992 2153 quod
1006 2072 1080 2134 alios
1095 2073 1193 2138 dooet.
1228 2074 1322 2148 Quale

155 2194 224 2256 ergo
246 2185 312 2237 erat
338 2174 365 2237 si
395 2176 506 2238 docens
534 2193 594 2236 non
623 2175 695 2236 tanti
722 2173 847 2237 ⁰⁰iacere
873 2185 996 2237 matrem
1024 2174 1104 2236 ⁷⁰aut
1129 2183 1243 2255 patrem
1271 2185 1323 2240 aut

156 2277 259 2340 iratres
281 2275 382 2356 quanti
404 2275 453 2339 dei
474 2276 595 2338 verbum
616 2274 708 2354 ”ipse
739 2275 785 2338 dei
808 2276 929 2338 verbum
951 2275 1147 2340 ⁷²annuntiata
1176 2286 1271 2342 matre
1291 2285 1322 2342 et

158 2378 335 2441 irateruitate
356 2376 530 2440 desereret?
562 2377 684 2457 Negavit
704 2377 802 2457 itaque
823 2386 961 2457 parentes
982 2378 1132 2456 quomodo
1150 2377 1320 2442 domitus-

156 2480 264 2560 gastos
294 2498 351 2560 pro
373 2479 427 2542 dei
448 2479 598 2560 ”opere¹¹.
640 2479 728 2541 “Sed
756 2487 785 2540 et
811 2479 883 2541 alias
910 2480 1002 2557 ligura
1025 2488 1070 2542 est
1094 2498 1263 2560 synagogae
1288 2481 1321 2544 iu
1406 2469 1411 2480 ’

157 2593 246 2646 naue
267 2581 433 2645 ⁷’abiuneta
456 2591 486 2641 et
505 2581 678 2643 ludaeorum
702 2580 732 2641 iu
754 2580 894 2642 trautbus
916 2581 1087 2644 incredulis.
1122 2581 1209 2644 Foris
1229 2582 1323 2646 '‘erat
1367 2590 1392 2605 ’·

157 2683 263 2757 iuilb‘s
285 2682 395 2758 lsrael,
427 2682 562 2762 discipuli
591 2690 688 2744 autem
715 2681 784 2743 nori
811 2682 892 2744 inlus
920 2682 1076 2745 audientes
1106 2691 1136 2744 et
1161 2683 1319 2748 credentes

156 2784 373 2850 ⁷'cohaerentes
396 2784 515 2847 Christo
537 2783 689 2847 eeclesiam
712 2783 907 2855 deliniabant,
929 2802 1015 2862 quam
1034 2783 1180 2862 potiorem
1196 2793 1320 2847 matrem

149 2896 184 2950 ‚et
214 2886 380 2967 digniorem
413 2888 624 2949 fraternitatem
656 2896 792 2948 recusato
825 2886 933 2948 carnali
965 2905 1073 2965 genere
1105 2886 1321 2969 ''nunorpavit

155 2988 265 3053 Eodem
291 3007 385 3051 sensu
414 2988 540 3066 denique
568 3000 598 3050 et
625 2987 667 3048 illi
695 2988 899 3051 exclamationi
927 2989 1098 3067 respondit,
1130 3008 1191 3051 non
1219 2989 1321 3053 matris

156 3101 271 3150 uterum
291 3100 320 3152 et
344 3090 434 3150 ubera
458 3108 584 3168 negans,
611 3090 674 3150 “sed
701 3089 849 3150 feliciores
878 3089 1036 3168 designans
1059 3091 1109 3168 qui
1132 3090 1253 3152 verbum
1276 3091 1323 3153 dei

154 3189 298 3255 aedunt

153 3312 194 3364 59.
213 3311 355 3377 dispergens
374 3311 399 3360 B.
452 3310 493 3360 66.
512 3319 535 3359 et
552 3315 577 3361 l.
634 3310 676 3361 61.
701 3310 762 3358 alius
788 3310 873 3359 luisset
889 3312 931 3360 ld.
973 3310 1034 3358 alius
1059 3310 1210 3359 necessarius
1237 3309 1324 3360 luisset

153 3382 242 3447 religni
288 3380 350 3429 alius
376 3381 528 3428 necessarior
552 3379 637 3428 luisset
661 3380 725 3428 Folo.
741 3379 846 3427 llrsinue.
899 3375 938 3426 62.
964 3379 985 3426 ei
1003 3378 1090 3427 luisset
1108 3378 1133 3426 B.
1184 3375 1226 3426 66.
1246 3386 1270 3427 et
1286 3378 1321 3438 6.,

152 3448 333 3499 mamaea
392 3446 432 3497 64.
452 3456 534 3509 posset
552 3449 602 3508 ad,
622 3448 686 3496 Folo.
705 3447 809 3495 llrsinar.
851 3446 929 3508 possit
955 3447 1046 3510 reliqui.
1099 3444 1141 3494 66.
1160 3444 1278 3494 enuntiari
1296 3444 1322 3494 B.

152 3515 192 3567 66.
209 3516 343 3577 indignatio
361 3523 474 3577 parentes
492 3523 570 3576 negat,
590 3529 636 3564 non
656 3522 725 3576 negat
743 3516 784 3564 ld.
828 3512 990 3574 indignatione
1014 3520 1126 3576 parentes
1152 3518 1246 3574 negant,
1273 3526 1322 3562 non

152 3593 316 3647 «potone.
352 3583 483 3644 indignatio
502 3591 614 3646 presentes
632 3597 680 3633 nou
700 3590 769 3642 neget
787 3582 855 3632 Dodo.
892 3581 1022 3642 indignatio
1041 3595 1089 3630 non
1108 3580 1239 3643 negatBG.
1279 3580 1322 3632 b‘l.

152 3652 260 3715 obiurget
280 3652 352 3702 date.
403 3649 445 3701 66.
465 3651 564 3715 implere
582 3654 607 3700 t.
659 3650 700 3699 69.
720 3650 851 3699 [secreti.
904 3648 945 3698 ld.
966 3657 1006 3698 aut
1023 3657 1115 3712 patrem
1135 3657 1174 3697 sut
1191 3651 1240 3714 ltp.
1282 3657 1324 3699 aut

152 3720 328 3781 medates
383 3719 423 3767 ll.
443 3721 495 3782 ipse
514 3719 551 3767 dei
570 3720 666 3767 uerbum
686 3722 764 3768 om-l.
817 3715 857 3766 tt.
876 3717 1013 3766 annuntiata
1032 3721 1057 3767 Α.
1100 3718 1205 3766 nuntiata
1229 3716 1321 3781 religari.

143 3787 190 3839 63.
207 3802 285 3853 opera
300 3786 343 3837 BC.
386 3787 426 3835 ll.
445 3786 492 3836 Sed
511 3789 566 3836 etl.
603 3788 649 3835 Sed
667 3788 760 3850 reliqui.
795 3783 837 3834 ib.
856 3785 980 3834 adiunctae
998 3801 1057 3846 cmg.
1098 3783 1138 3834 Ἱ6.
1158 3791 1210 3834 erat
1227 3784 1322 3835 ootdd.

151 3855 189 3907 tt.
207 3855 371 3907 eobaereotes
388 3860 413 3904 Α.
449 3863 472 3903 ct
490 3855 646 3904 cohaerentes
663 3855 755 3918 reliqui.
816 3852 856 3903 ta.
876 3861 997 3917 nuncupat
1015 3856 1065 3904 obe.
1100 3860 1239 3916 noncupant
1257 3852 1321 3903 dCd.
1407 3888 1413 3897 .

152 3926 176 3975 at
190 3925 219 3975 D·
236 3926 263 3974 in
280 3938 357 3986 marg.
375 3924 442 3973 babet
459 3925 543 3983 „Alios
561 3923 732 3985 nuncuparit.“

180 4040 202 4076 e.
218 4023 432 4086 debistrionibus
451 4030 491 4072 aut
508 4016 596 4084 aurigis
612 4032 711 4071 conteu-
797 4022 821 4070 b.
839 4022 962 4084 negandos
980 4037 1025 4085 pro
1036 4021 1072 4071 dei
1085 4017 1180 4087 opere]
1198 4021 1322 4082 Aornum.

151 4090 220 4157 hal
248 4092 367 4152 Videlicet
389 4092 570 4154 sponsionibus.
617 4091 654 4140 Cl.
678 4091 711 4140 be
763 4090 796 4138 lle
816 4090 872 4139 Fide
897 4106 918 4138 c.
938 4090 1037 4139 Manicb.
1063 4104 1115 4153 cap.
1130 4089 1162 4138 25
1187 4088 1321 4154 „Exemplo

154 4160 259 4227 Smne
281 4158 388 4223 eapte.
762 4172 806 4207 suo
826 4159 871 4207 iam
891 4158 992 4207 docebat
1011 4158 1133 4219 negandos
1145 4172 1199 4206 esse
1209 4167 1322 4220 parentes

106 4276 109 4289 ,
183 4230 282 4279 balius
312 4228 398 4277 luisset
428 4227 449 4274 ei
481 4222 560 4290 locus}
594 4227 626 4274 lta
653 4227 712 4275 baec
762 4234 862 4290 propter
887 4226 966 4275 deum.
1007 4229 1087 4288 tlpera
1106 4228 1169 4273 eninr
1188 4225 1265 4274 dirius
1284 4226 1321 4275 la-

154 4298 274 4348 ueadata
293 4295 371 4345 reddo
391 4309 418 4344 ex
436 4294 711 4356 bdelibrilgobardini.
763 4295 833 4343 olenti
862 4295 950 4343 terreni
975 4295 1075 4342 allectus
1104 4295 1246 4355 obstrepere
1273 4307 1321 4343 nou

154 4362 286 4416 haene·
302 4366 364 4414 olias
382 4363 559 4424 estgenitirus;
579 4376 712 4426 quremuon
762 4362 908 4411 debebant‘·
939 4362 975 4412 ct.
993 4362 1103 4410 Ambros.
1123 4360 1213 4410 butt.
1231 4362 1255 4410 iu
1273 4362 1321 4411 Lu-

154 4432 263 4484 sumu
298 4431 448 4493 magistellos
477 4431 550 4493 aliqui
582 4430 711 4493 adscripsit
763 4445 814 4479 cunr
840 4428 930 4492 capuli.
978 4430 1061 4478 Citarit
1085 4429 1219 4479 ludovicus
1243 4430 1273 4478 da
1297 4427 1321 4477 la

153 4503 304 4559 marina,
323 4500 388 4564 quod
406 4498 494 4546 deinde
513 4499 574 4548 iuter
583 4500 635 4562 ipsa
649 4499 711 4547 seri·
763 4498 848 4549 Corda.

149 4569 226 4631 ¹fluia
244 4570 316 4619 rerba
335 4567 445 4631 inrepsit.
796 4566 811 4613 i.
830 4566 870 4628 qui
888 4565 985 4614 verbum
1005 4565 1041 4614 dei
1055 4559 1166 4629 audiunt]
1183 4562 1320 4615 Adullaro.

182 4651 206 4699 g.
223 4633 383 4699 audientiam]
401 4636 454 4685 lloc
472 4632 587 4682 uocabulo
606 4647 654 4681 non
672 4647 711 4682 se·
762 4633 798 4692 lv,
810 4632 842 4682 26
861 4633 1025 4692 „Felicitatem
1044 4632 1076 4683 ab
1092 4642 1160 4682 utero
1174 4641 1197 4682 et
1207 4630 1320 4681 uberibus

157 4704 197 4755 ΙΙΙ
215 4706 247 4755 'aa
266 4719 325 4755 usna
343 4702 587 4755 utlrnobiusllcr.
613 4701 649 4750 ct.
668 4699 712 4749 ad·
762 4702 845 4750 matris
869 4701 990 4751 transtulit
1013 4702 1036 4750 in
1060 4701 1211 4764 discipulos,
1236 4713 1248 4746 a
1273 4710 1319 4759 qua

152 4780 201 4821 κ
215 4772 374 4823 llildebrandi
392 4773 422 4822 ad
442 4768 545 4834 caplll.
564 4769 604 4818 lib.
614 4769 637 4817 V.
656 4769 711 4817 Adr.
763 4783 811 4817 nou
838 4769 1016 4832 transtulisset,
1042 4768 1063 4818 si
1091 4783 1143 4819 eam
1171 4780 1219 4818 nou
1245 4763 1320 4813 babe-

160 4834 222 4903 Μ,
240 4856 263 4906 p.
273 4838 332 4892 466.
762 4836 826 4886 ret.“
