3242 5775
768 1247 832 1313 uh

235 1448 980 1572 RESURRECTIONE
1035 1462 1385 1589 CARNIS.

808 1728 962 1741 ——uuu-

303 1924 430 2016 Fiducia
445 1954 680 2019 Christianorum
702 1958 883 2021 resurreetio
907 1968 1102 2026 mortuorum.
1141 1963 1207 2028 ¹er
1230 1966 1385 2032 credentur
1404 1990 1488 2059 cept.

230 2069 329 2115 sunus.
378 2054 443 2116 Huc
469 2055 608 2119 eredere·
637 2058 745 2119 veritus
774 2059 867 2137 uegit,
903 2061 1055 2124 veritutem
1084 2063 1159 2129 deus
1188 2067 1299 2145 aperit,
1331 2069 1385 2132 sed

227 2153 316 2232 vulgus
339 2154 464 2228 inridet,
486 2156 660 2219 existimaus
682 2159 755 2220 uihil
777 2177 936 2237 superesse
957 2169 1029 2240 post
1049 2173 1187 2227 mortem.
1226 2166 1264 2229 Et
1285 2177 1384 2231 tumen

228 2251 360 2318 defunctis
382 2257 568 2334 nummuli,
603 2269 633 2319 et
653 2259 772 2337 quidem
799 2259 1023 2338 impensissimo
1051 2264 1149 2328 ollieio
1171 2283 1232 2344 pro.
1248 2267 1385 2330 moribus

228 2370 334 2427 eorum,
366 2374 422 2434 pro
451 2357 918 2437 temporibus'²eseulenturum,
950 2370 983 2422 ut
1012 2381 1089 2442 quos
1116 2365 1243 2444 ’negent
1272 2367 1385 2430 sentire

228 2454 391 2535 giemum.
420 2457 509 2518 etiam
537 2457 707 2521 desiderare
727 2459 965 2539 'rpraesumant
1008 2463 1046 2525 At
1067 2482 1122 2543 ego
1144 2466 1237 2545 meme
1259 2466 1382 2531 ‘ridebo

228 2552 333 2632 vulgus,
355 2565 427 2617 tune
448 2576 581 2636 quoque,
605 2578 670 2620 cum
693 2559 776 2638 ipsos
799 2557 1156 2626 defunctus-atrocissime
1172 2566 1283 2639 exurit,
1307 2585 1384 2647 quos

228 2655 400 2730 postmodum
424 2658 612 2737 gulosissime
634 2658 743 2732 nutrit,
765 2660 877 2723 ‘isdem
893 2660 1011 2740 ignibus
1034 2673 1064 2725 et
1085 2683 1260 2743 promerens
1284 2674 1314 2729 et
1335 2667 1395 2754 oi·⁴

214 2750 346 2833 lundens.
381 2757 560 2835 Opietatem
583 2759 619 2820 de
642 2760 813 2822 crudelitate
835 2760 1001 2823 ludentem!
1039 2763 1188 2827 Sacrificat
1209 2764 1263 2826 ‘en
1279 2762 1384 2830 'insul-

231 2858 273 2928 ut,
293 2876 357 2919 cum
380 2858 536 2921 'crematis
559 2859 707 2921 cremavi
743 2861 834 2923 Plane
856 2881 922 2924 eum
944 2862 1031 2944 vulgo
1054 2863 1200 2928 interdum
1217 2873 1247 2928 et
1261 2867 1382 2948 snpien-

233 2960 265 3014 tes
288 2960 463 3021 sententium
493 2960 592 3020 ⁸suam
623 2962 757 3040 iungunt.
811 2963 888 3024 Nihil
917 2983 984 3026 esse
1013 2975 1084 3042 post
1110 2975 1237 3028 mortem
1264 2967 1383 3048 Epicuri

232 3054 310 3118 schola
333 3068 389 3120 est.
422 3060 487 3120 9Αἰῑ
509 3069 538 3121 el
553 3062 664 3122 Seneca
688 3063 786 3124 omnia
808 3071 878 3143 post
899 3073 1026 3125 mortem
1043 3065 1130 3139 liniri,
1154 3067 1382 3146 sursumsunt

282 3242 336 3306 Cup.
356 3245 374 3293 l.
413 3244 434 3294 l.
454 3243 545 3294 illqu.
574 3246 639 3295 illum
657 3248 749 3311 reliqui.
785 3246 808 3296 2.
825 3246 1003 3296 esculentorum
1016 3247 1383 3308 (obscnlentorumli.)lll0oed.

234 3308 379 3361 hulmensi.
416 3313 565 3374 sepultorum
584 3317 667 3376 umgh„
687 3317 754 3378 dorp.
765 3316 895 3378 Scioppius.
947 3314 969 3362 3,
990 3321 1060 3375 neget
1078 3314 1138 3363 ABG.
1157 3315 1325 3364 Laurentiunur
1343 3333 1384 3365 eo·

233 3370 266 3420 dtr
278 3393 299 3426 n.
313 3378 349 3427 12
364 3381 424 3443 plut.
438 3378 478 3428 26.
514 3380 595 3429 Proheu
615 3382 747 3429 Felunius.
792 3379 838 3429 dh.
857 3389 996 3443 praesumet
1014 3379 1075 3429 ΑΒΘ.
1093 3381 1270 3428 laurentianus.
1300 3381 1383 3431 eroon
1427 3418 1434 3432 .

234 3435 349 3494 leheris.
394 3445 418 3495 l.
436 3448 503 3495 rideo
523 3463 582 3496 unus
601 3450 629 3497 de
650 3449 772 3496 Vaticanis.
817 3448 841 3495 5.
860 3447 935 3495 isdem
957 3447 979 3495 c.
1015 3446 1108 3494 hisdem
1126 3447 1150 3495 A.
1187 3446 1271 3495 iisdem
1290 3448 1382 3510 reliqui.

233 3500 286 3558 ben
303 3512 404 3563 RCsbed.
446 3516 483 3562 cui
502 3517 526 3563 A.
547 3515 662 3573 laurent,
688 3523 708 3562 et
734 3521 779 3562 tres
802 3516 911 3563 Vatieuni.
964 3512 988 3560 7.
1007 3520 1127 3560 eremitas
1147 3512 1205 3574 Ceno.
1264 3512 1288 3563 8.
1312 3527 1381 3563 suum

233 3569 405 3640 huguitioni,
426 3582 454 3630 de
471 3584 538 3631 codd.
559 3583 676 3644 Gungneii.
714 3582 814 3642 iungunt
831 3582 924 3643 reliqui,
944 3580 1090 3629 eliderent.
1142 3578 1165 3627 9.
1186 3577 1247 3627 hieu
1265 3579 1289 3629 B.

256 3708 303 3774 Cep.
314 3712 332 3761 l.
359 3729 380 3762 a.
401 3713 451 3763 llos
469 3709 582 3778 eredere]
602 3714 651 3762 llu'c
669 3722 705 3762 est
719 3728 771 3762 ers·
824 3713 863 3776 qui
883 3712 905 3760 in
925 3713 977 3776 ipss
1001 3724 1053 3761 veru
1078 3711 1193 3773 religiuns
1218 3712 1384 3776 superstitiosi

231 3768 273 3825 ders
297 3790 405 3829 mortuus
432 3795 487 3828 esse
515 3790 703 3829 resurrecturos.
738 3780 772 3829 Ad
823 3787 887 3828 suut.
922 3780 979 3828 Nori
1004 3778 1092 3828 multos
1118 3793 1172 3828 esse
1197 3778 1382 3842 sepulchrorum

233 3847 435 3910 tenetentum
454 3847 547 3896 Hiems.
568 3848 663 3895 catech.
685 3847 723 3895 18.
824 3855 847 3895 et
871 3848 1017 3910 picturarum
1042 3846 1193 3905 uduruteres¹
1217 3848 1269 3896 nori
1294 3846 1383 3896 multos

255 3910 271 3958 h.
294 3913 413 3963 defunctis
437 3910 575 3977 peremunt]
602 3915 652 3963 lloc
676 3913 771 3976 quidem
824 3915 952 3976 quiquam
972 3914 1162 3963 luxuriosissime
1183 3921 1384 3975 supermortuos

229 3975 308 4029 thnici.
351 3981 399 4029 Sed
429 3989 452 4030 et
476 3982 625 4044 Christianos
649 3980 772 4041 Augustini
824 3981 909 4029 hibunt
926 3988 949 4029 et
966 3980 1051 4042 epulus
1070 3980 1224 4030 cuderermus
1242 3980 1384 4029 exhibentes

227 4053 271 4093 uero
288 4048 429 4111 quibusdum
456 4050 477 4096 iu
497 4049 557 4097 lueis
576 4049 631 4097 teliu
651 4049 773 4097 lectitasse
824 4062 899 4110 super
916 4048 1026 4109 sepultos
1038 4062 1064 4095 ss
1076 4046 1298 4123 ipsussepeliuutff
1316 4046 1383 4096 ldem

229 4115 403 4172 sinirnensis
427 4116 573 4164 sanctissimi
599 4117 641 4164 riri
661 4117 721 4164 liber
740 4114 773 4162 lle
825 4116 903 4164 Serm.
923 4113 955 4162 43
983 4114 1036 4172 „Tu
1055 4113 1131 4162 demis
1150 4122 1173 4163 et
1190 4114 1311 4162 subtrahis
1329 4120 1384 4175 gut-

228 4174 310 4233 diritule
333 4183 374 4231 liei
400 4182 503 4246 canni.
550 4183 638 4244 Enrrlus
663 4198 719 4231 suus
744 4182 772 4230 ud
826 4183 872 4232 turi
892 4191 943 4240 tun,
961 4180 1002 4229 ille
1021 4182 1092 4239 loris,
1107 4195 1161 4228 eum
1180 4181 1383 4257 mortuurlueris.

227 4256 341 4311 nerlrrum
360 4251 490 4299 memorias
506 4251 654 4308 deferebant,
674 4251 775 4299 orabunt
826 4250 926 4298 culicem
944 4254 1058 4310 superte
1077 4261 1124 4296 nun
1137 4254 1219 4322 puuet3
1237 4254 1306 4296 uutsr
1323 4247 1384 4295 loris

225 4317 387 4367 euellerehunt
410 4326 435 4366 ut
453 4326 613 4373 vescerentur.
639 4317 673 4366 vel
693 4332 720 4366 ex
739 4316 774 4365 eis
826 4323 900 4380 ponet
926 4315 1035 4373 culicem,
1068 4314 1119 4374 ipse
1143 4313 1290 4390 inebrietur&
1307 4313 1336 4361 ud
1361 4321 1384 4363 te

224 4386 283 4431 etum
302 4385 463 4446 indigentibus
481 4385 650 4444 largiebantur.
686 4383 774 4442 „Quod
827 4383 893 4432 nullu
912 4380 1149 4430 stillsdescendet.“
1182 4381 1217 4430 Cl.
1236 4379 1316 4429 bssrd.
1336 4379 1385 4428 lle-

222 4450 319 4510 quidem,
338 4452 423 4515 inquit,
446 4469 457 4500 n
473 4452 614 4500 Christianis
634 4451 775 4500 melioribus
827 4451 887 4499 reld.
907 4448 1026 4497 dnimudr.
1046 4449 1075 4497 ud
1093 4446 1191 4496 hruubii
1209 4446 1304 4496 lib.l¹ll.
1316 4444 1385 4505 2⁴2..

220 4529 263 4564 non
281 4519 314 4577 lit,
339 4528 362 4570 et
386 4520 409 4567 in
430 4520 553 4581 plerisque
572 4528 688 4567 terrarum
709 4517 774 4566 nullu
826 4533 850 4581 p.
863 4515 919 4564 278.

218 4584 269 4632 telis
286 4593 323 4635 est
341 4587 519 4635 eonsuetud0.“
538 4586 642 4646 (Rigalt.)
671 4586 707 4635 Cl.
720 4585 775 4633 tdv.
862 4600 882 4632 c.
891 4596 944 4632 cum
956 4582 1067 4631 cremetis
1078 4575 1199 4657 cremati]
1207 4580 1301 4653 lloesst
1311 4589 1384 4640 quum

215 4649 284 4701 Rure.
304 4653 361 4712 v‚u.
399 4653 547 4702 Re'lestim.
567 4652 663 4701 Animae
683 4651 774 4714 cunt
828 4652 930 4699 mortuis
956 4649 1083 4698 sserilluut
1119 4649 1197 4697 Utitur
1223 4644 1300 4695 serbis
1323 4656 1387 4717 oure

214 4719 278 4768 hdde
296 4721 420 4782 Augustin.
440 4719 472 4768 lle
484 4719 662 4768 MuribusEcel.
682 4718 777 4783 sephi
828 4731 919 4767 murem
938 4715 1154 4778 ostenduntmugis
1168 4711 1303 4789 ridiculum.
1313 4707 1386 4770 (ὡς.)

213 4786 311 4848 „Nolite
337 4788 473 4839 consectari
498 4788 580 4836 turbas
600 4788 775 4852 imperiturum,
862 4773 1387 4848 seriarunnmJSenecuuuncmtruuds

1175 4856 1233 4911 30*
