3242 5775
261 694 282 758 8
519 707 619 757 nutura
642 706 773 748 strettun
794 704 959 747 FLOREMlS
983 703 1177 747 rudentum

261 859 309 921 nis
328 876 384 937 qua
399 856 504 936 'equis
526 855 590 917 sire
611 856 648 917 ad
669 854 866 916 instituendas
889 854 952 915 sive
973 853 1009 915 ad
1032 852 1236 932 suscipiendas
1258 870 1310 914 eas
1333 852 1441 914 utitur.

260 960 332 1022 ldeo
355 968 385 1020 et
407 957 464 1018 sihi
485 958 655 1018 damnatum
677 956 749 1016 dixit
765 955 979 1027 ‘haereticum
1002 954 1069 1033 qnia
1092 961 1123 1014 et
1144 953 1174 1014 iu
1197 972 1256 1032 quo
1279 953 1440 1026 damnatur

262 1060 319 1123 sihi
342 1059 439 1137 elegit.
491 1058 585 1118 Nohis
608 1075 678 1118 vero
705 1056 777 1118 nihil
805 1074 841 1116 er
869 1064 975 1115 nostro
1006 1053 1129 1114 arbitrio
1157 1053 1329 1133 ”indulgere
1357 1054 1443 1128 licet,¹

263 1162 316 1222 sed
338 1180 394 1222 nec
414 1160 523 1238 eligere
544 1158 625 1238 qnod
646 1157 752 1236 aliquis
775 1156 812 1218 de
834 1155 956 1216 arbitrio
981 1173 1037 1215 sno
1059 1154 1217 1215 induxerit.
1271 1154 1441 1234 Apostolos

263 1261 374 1323 domiui
397 1260 539 1331 hahemus
562 1266 715 1327 auctores,
748 1257 797 1336 qui
825 1275 881 1318 nec
906 1255 964 1335 ipsi
991 1255 1148 1335 quicquam
1176 1273 1211 1315 ex
1234 1273 1289 1316 suo
1310 1254 1453 1317 arbitrio·

168 1347 171 1354 ¹
264 1362 343 1441 quod
365 1362 540 1423 inducerent
560 1360 726 1436 elegerunt,
748 1357 802 1418 sed
817 1364 966 1436 acceptam
981 1375 997 1416 a
1010 1356 1129 1417 Christo
1152 1355 1338 1435 disciplinam
1361 1356 1442 1418 lide·

161 1475 258 1528 ants.
267 1462 335 1524 liter
356 1460 526 1522 nationibus
550 1458 810 1537 ¹⁰assignaveruot.
863 1458 965 1536 ltaque
987 1458 1076 1518 etiam
1098 1457 1125 1519 si
1146 1456 1267 1536 angelos
1289 1456 1333 1517 de·
1350 1456 1445 1519 caelis

262 1563 374 1623 ¹¹aliter
397 1560 651 1638 ¹²evangelizaret,
681 1561 835 1621 anathema
858 1558 1033 1618 ¹³diceretur
1061 1556 1219 1618 anchisi.
1261 1557 1443 1620 Providerat

262 1662 319 1722 iam
342 1670 411 1723 tunc
433 1662 555 1740 spiritus
579 1668 699 1721 sanctus
720 1663 852 1721 loturum
880 1658 910 1719 in
939 1658 1053 1737 virgine
1081 1658 1207 1736 quadam
1235 1649 1442 1721 ”Philumene

262 1761 397 1840 angelum
428 1762 629 1834 seductionis,
663 1761 920 1838 transfigurantem
949 1778 982 1820 se
1011 1758 1040 1820 in
1069 1758 1204 1837 angelum
1225 1758 1318 1832 lucis,
1353 1759 1441 1822 cuius

263 1862 356 1937 signis
379 1869 410 1922 ct
431 1862 598 1940 praestigiis
620 1862 737 1941 Apelles
760 1862 898 1938 inductus
921 1879 1027 1921 novam
1049 1860 1188 1920 haeresin
1209 1860 1336 1921 induxit.

135 1982 244 2038 caavn
347 1962 409 2023 llae
437 1971 508 2023 sunt
539 1962 691 2024 doctrinae
718 1962 871 2022 hominurn
902 1969 931 2022 et
958 1960 1198 2033 daemoniorum,
1231 1960 1439 2039 prurientibus

110 2043 387 2125 1¹Ti¹'³'¹¹'’³'auribus
410 2073 495 2124 natae
518 2063 554 2123 de
575 2063 693 2141 ingenio
716 2062 877 2141 sapientiae
894 2060 1078 2134 ¹saccularis‚
1101 2079 1187 2140 qnam
1204 2061 1342 2122 dominus
1359 2062 1440 2124 stul-

109 2160 356 2226 ¹⁶⁰'·¹¹¹·¹⁸·titiam
389 2183 497 2234 vocans
525 2164 613 2224 stulta
641 2163 743 2224 mnndi
771 2163 821 2225 'in
853 2163 1061 2224 contusionem
1093 2162 1180 2222 etiam
1212 2160 1440 2241 'philosophiae

134 2213 181 2264 W
262 2266 357 2346 ipsius
380 2265 476 2344 elegit
514 2264 555 2325 Ea
578 2274 625 2325 est
646 2265 725 2326 enim
747 2265 869 2325 materia
891 2264 1053 2344 sapientiae
1068 2263 1255 2334 *saecularis
1279 2263 1438 2324 temeraria

262 2368 408 2445 interpres
430 2366 545 2427 divinae
566 2373 690 2427 naturae
712 2368 759 2427 ⁵et
780 2365 996 2445 dispositionis.
1036 2365 1122 2442 lpsae
1144 2364 1271 2442 denique
1293 2364 1437 2425 haeresos

263 2487 278 2530 a
301 2468 489 2544 philosophia
510 2467 718 2528 subornantur.
761 2467 834 2528 lude
856 2467 999 2536 “aeones
1031 2474 1061 2526 et
1081 2466 1210 2526 turmae·
1233 2464 1335 2526 nescio
1360 2483 1438 2544 quae

262 2567 425 2639 ⁷inlinitae2
448 2576 478 2627 et
493 2567 608 2628 trinitas
624 2568 772 2629 hominis'³
788 2568 867 2646 apud
878 2567 1078 2638 Valentinum3
1101 2566 1271 2628 Platonicus
1286 2565 1436 2627 ‘lumem

263 2752 308 2799 lh.
328 2754 381 2815 quis
400 2752 447 2799 sive
466 2753 495 2801 ad
515 2753 672 2802 instituendas
692 2753 775 2803 Cohcd.
811 2754 865 2816 qois
883 2754 931 2802 sive
955 2752 1113 2803 instituendas
1138 2753 1162 2802 ll.
1198 2752 1252 2816 quis
1279 2753 1381 2802 maxims
1406 2753 1436 2803 ad

263 2820 420 2867 instituendas
438 2821 487 2883 Ag.
523 2820 577 2882 quis
597 2822 704 2869 maxim.
705 2858 778 2868 ...........
787 2821 889 2870 tuendas
907 2823 949 2883 Αβ.
1003 2819 1027 2870 8.
1047 2821 1223 2870 adhaereticnm
1243 2821 1268 2868 il.
1319 2819 1343 2870 9.
1364 2820 1436 2869 lodu-

264 2903 318 2936 cere
337 2889 382 2948 ccl„
410 2904 460 2937 cum
478 2889 568 2937 Isidoro
588 2889 665 2951 Origp.
688 2887 814 2949 tutat
839 2897 861 2939 et
883 2891 992 2940 litaturo
1009 2890 1089 2939 Mauro
1115 2890 1144 2938 de
1162 2889 1236 2938 loalit.
1256 2888 1435 2949 claricitat.

183 2994 186 2999 .
265 2955 562 3016 schismatiarchae.
617 2955 655 3005 ll.
681 2956 750 3005 aliter
774 2958 882 3022 omnm.
946 2956 984 3006 12.
1010 2955 1205 3017 evangelizaverit
1227 2957 1286 3005 liber
1305 2957 1435 3006 clericatis.

265 3021 304 3070 13.
323 3023 416 3071 dicator
434 3023 493 3072 liher
512 3023 640 3072 dienatalis.
675 3023 821 3074 didiceretur
839 3025 864 3073 B.
919 3025 958 3074 ld.
977 3025 1101 3073 strumene
1118 3024 1161 3084 Δβ.

330 3090 389 3151 Cap.
408 3090 455 3137 vll.
499 3090 520 3138 l.
539 3091 614 3139 seculi
633 3106 662 3151 c„
682 3107 712 3139 aa
729 3093 789 3141 libro
809 3092 938 3142 Clementia.
991 3090 1013 3141 2.
1033 3093 1057 3140 in
1076 3090 1244 3140 contusionem
1261 3090 1332 3139 atad
1375 3104 1435 3139 coo-

263 3156 358 3206 lusione
375 3158 467 3220 reliqui.
520 3156 543 3205 ³.
563 3158 743 3221 philosophiam
763 3158 875 3220 elegitil.
929 3160 953 3209 4.
973 3159 1174 3218 saecularisld„
1193 3173 1235 3221 pre
1253 3171 1323 3206 more.
1368 3156 1392 3205 5.
1412 3165 1436 3205 et

262 3225 372 3274 araldo.
413 3222 437 3273 6.
456 3239 530 3273 aones
548 3226 572 3274 Α.
609 3224 757 3275 lindonae
769 3264 849 3275 ............
860 3228 1024 3288 nisapottp.
1062 3223 1434 3288 intinitaahomioisapodlrp.

262 3293 301 3341 Sic
317 3293 373 3352 lepit
390 3294 458 3341 etiam
475 3293 596 3354 llipoltiua.
642 3295 771 3343 aeternitas
796 3295 900 3343 hominis
924 3295 988 3357 apnd
1006 3294 1032 3342 n.
1076 3300 1099 3340 et
1122 3292 1216 3341 trinitas
1240 3291 1346 3341 hominia
1370 3291 1434 3354 apod

260 3361 354 3424 reliqui.
398 3358 421 3409 8.
440 3361 485 3409 luit
501 3361 527 3409 B.
558 3361 627 3410 luror
645 3362 703 3411 liter
720 3363 806 3425 eliquia
824 3378 877 3423 ms„
889 3376 999 3426 sponsore
1013 3361 1096 3409 Theod.
1109 3359 1204 3409 Castam
1215 3360 1277 3423 opud
1287 3360 1435 3408 Falacrinae.

261 3492 333 3552 eligat
350 3491 414 3555 qnod
434 3491 520 3540 malins
544 3491 579 3542 illi
598 3506 653 3541 essa
670 3492 771 3550 videtur,
795 3500 823 3541 nt
871 3505 916 3555 per
941 3489 1078 3553 apostolom
1106 3488 1302 3554 prophetatam.“
1346 3488 1436 3540 laidor.

260 3559 399 3622 philosophi
410 3559 569 3621 Peripatetici,
585 3561 718 3610 Academici
730 3567 753 3608 et
763 3560 820 3623 Epi·
873 3559 889 3608 l.
900 3558 916 3606 Ι.
935 3558 1083 3620 „Apostolos
1108 3558 1146 3606 dei
1170 3558 1287 3607 hahemus
1312 3565 1435 3618 auctores,

261 3626 326 3675 corel
344 3633 368 3672 ct
386 3625 469 3681 Stoici,
494 3625 529 3673 val
548 3627 610 3674 sicot
627 3627 676 3684 alii,
704 3628 744 3690 ‹pri
762 3641 820 3689 per·
872 3628 913 3689 qui
932 3639 977 3674 occ
995 3625 1039 3686 ipsi
1065 3625 1191 3689 quicquam
1217 3638 1244 3673 aa
1268 3637 1315 3673 ano
1333 3624 1435 3675 arhitrio

259 3705 354 3741 versum
380 3691 466 3752 dogma
491 3696 624 3751 cogitantes
650 3693 749 3742 arbitrio
774 3707 820 3742 sno
872 3692 937 3756 qood
956 3691 1239 3752 inducereutelegarunt.
1256 3690 1436 3754 sedacceptam

260 3758 411 3808 deecclesia
430 3766 591 3807 recesserunt.
619 3759 677 3808 lodo
695 3760 820 3820 ergohae-
872 3758 994 3808 aClrristo
1014 3758 1165 3823 disciplinam
1184 3757 1288 3807 lideliter
1296 3758 1436 3809 nationibus

259 3826 322 3876 resia
348 3826 411 3873 dicta
430 3826 519 3875 Graeca
544 3840 600 3874 voce
625 3840 653 3875 ex
676 3827 820 3889 interpreta·
872 3827 1060 3887 assignaverunt.
1104 3828 1187 3889 ltaque
1205 3827 1275 3875 etiam
1294 3825 1314 3875 ai
1334 3827 1434 3886 angelos

260 3895 326 3943 tione
344 3892 439 3949 electio,
466 3907 512 3955 qua
537 3894 591 3955 quis
610 3895 708 3942 arbitrio
726 3908 771 3943 auo
790 3894 820 3943 ad
871 3894 901 3943 da
920 3895 993 3943 caelis
1003 3893 1074 3943 aliter
1085 3892 1288 3955 evangelizaverit,
1306 3894 1435 3942 anathema

260 3959 405 4010 instituenda
434 3961 482 4007 sive
512 3960 666 4022 suscipienda
699 3961 821 4023 quaelihet
870 3961 1020 4011 vocabitur.“
1048 3961 1231 4010 llePhilomeoe
1250 3960 1281 4010 cl.
1299 3960 1362 4010 inlra
1380 3975 1435 4024 cap.

260 4030 313 4142 ipae
337 4027 381 4076 sihi
407 4026 481 4087 eligit.
528 4027 603 4076 llohis
627 4042 682 4077 vero
709 4029 767 4078 nihil
792 4043 821 4078 aa
872 4028 913 4078 ao.
937 4029 1025 4078 Enseb.
1045 4029 1074 4078 ll.
1091 4029 1117 4077 Ε.
1137 4027 1212 4085 v‚ta.
1254 4027 1378 4088 hoguatio.
1403 4029 1435 4077 de

275 4095 360 4144 rhitrio
378 4103 462 4142 nostro
488 4093 600 4142 inducere
624 4094 688 4154 licet,
711 4110 756 4145 nac
774 4096 819 4146 eli·
871 4097 971 4146 llaerea.
989 4094 1097 4159 capti.
1132 4096 1268 4158 llieronpm.
1287 4094 1364 4157 Epist.
1381 4094 1434 4145 adv.

260 4177 317 4222 gers
340 4161 405 4225 qnod
430 4162 502 4222 aliqui
527 4162 626 4211 arbitrio
650 4177 694 4211 sno
719 4163 821 4212 indnxa·
872 4163 979 4227 ctesiph.
998 4178 1021 4225 p.
1032 4162 1090 4212 tlt.
1109 4171 1167 4211 tom.
1178 4162 1216 4213 lll.
1234 4162 1273 4212 ed.
1291 4161 1381 4211 Bened.

260 4232 342 4277 root.“
367 4229 395 4276 Et
413 4229 544 4277 salsidoro
563 4230 820 4280 trauatnlitllrabaoos
906 4232 965 4295 Cap.
983 4231 1030 4279 tlt.
1066 4245 1088 4279 a.
1107 4225 1211 4294 lormne]
1231 4228 1310 4278 ideae.

260 4297 295 4344 lle
314 4297 388 4345 lostit.
408 4295 471 4345 Cler.
490 4295 520 4354 ll,
532 4294 573 4344 58.
905 4299 929 4347 h.
948 4299 1043 4347 trinitas
1061 4293 1177 4361 hominis]
1197 4297 1233 4345 t'r.
1252 4295 1434 4346 ildulalcntiu.

295 4365 317 4411 h.
336 4363 463 4411 anathema
480 4363 601 4412 diceretur
619 4378 631 4412 a
650 4359 742 4428 nohis]
763 4364 820 4414 llio·
871 4380 924 4430 cap.
936 4364 976 4415 26.
1004 4365 1038 4413 lle
1056 4366 1140 4414 Anima
1157 4362 1260 4495 capti.

260 4445 312 4479 roo.
338 4433 361 4479 lu
380 4445 432 4492 cap.
443 4429 466 4478 2.
491 4430 566 4493 Epist.
585 4431 614 4478 ad
633 4429 728 4480 Galatas
745 4432 819 4490 „Ele-
905 4448 925 4481 e.
945 4432 1082 4481 Platonicos
1108 4432 1186 4481 luerat
1222 4431 1293 4479 Testa
1312 4431 1351 4479 Fr.
1364 4429 1433 4479 lunio

258 4505 352 4558 gauter.
370 4498 455 4560 inquit,
477 4499 499 4545 in
519 4498 564 4545 hoc
583 4495 636 4546 loco
655 4498 689 4545 air
707 4498 820 4548 doctissi·
871 4500 962 4550 Theoti.
983 4499 1100 4549 Canterns
1121 4500 1144 4548 in
1163 4497 1246 4547 codice
1264 4498 1370 4560 quodam
1389 4499 1433 4546 de·

260 4579 314 4613 nans
337 4565 637 4632 'l’ertnlliannspadversus
661 4565 768 4627 spetiem
796 4575 821 4615 et
870 4566 1032 4630 prehenderat
1053 4571 1120 4628 [uror
1143 4580 1188 4627 pro
1215 4569 1300 4627 [scrut.
1336 4565 1434 4614 Videtur

259 4633 311 4680 eius
330 4632 443 4693 virginem
454 4633 619 4690 Platomemn,
637 4634 819 4695 quarnaogelos
870 4635 945 4683 luisse
964 4634 1037 4682 codex
1054 4647 1101 4681 noo
1110 4631 1258 4688 Tertulliani,
1277 4631 1320 4686 sed
1336 4631 1434 4690 isidori,

259 4700 355 4762 qrridarn
381 4699 493 4752 diaholw'
519 4701 619 4761 spiritus
643 4707 666 4748 et
690 4715 818 4763 perversos
870 4703 910 4765 qni
929 4701 989 4749 haec
1007 4698 1159 4761 transcripsit
1178 4697 1258 4759 Origg.
1277 4697 1337 4755 llll.
1348 4698 1373 4756 6,
1385 4696 1432 4758 223

258 4766 407 4829 impleverat,
431 4767 495 4815 hunc
516 4781 570 4815 esse
600 4767 684 4817 scrihit
707 4770 828 4830 angelum
869 4767 916 4826 „lli
935 4766 1137 4829 philosophorum
1161 4779 1258 4815 errores
1277 4765 1349 4814 etiarn
1367 4765 1434 4828 apud

257 4836 295 4882 coi
315 4836 390 4883 mullo
409 4843 536 4898 antequam
555 4835 652 4896 Apellea
677 4845 819 4885 nasceretur
868 4834 1001 4883 Ecclesiam
1033 4834 1180 4884 induxerunt,
1200 4833 1322 4881 haereses.
1373 4831 1433 4883 lnda

257 4900 363 4966 Spiritus
385 4902 467 4953 Sancti
490 4902 600 4953 aadcinio
629 4905 661 4954 sit
690 4903 817 4953 anathema
869 4892 966 4953 aiore
992 4907 1015 4950 at
1040 4900 1134 4950 tornae
1160 4899 1243 4953 necto
1270 4912 1348 4962 qnae,
1375 4899 1432 4949 inda
