3242 5775
241 647 303 714 784
504 623 509 646 ’
677 614 681 628 ¹
719 657 839 704 moeurs
861 657 1004 704 lucrosus

184 819 231 870 lib
242 815 288 876 eu
306 829 380 867 cneco
397 814 459 866 duee
475 811 620 879 praecipites
637 811 662 862 iu
679 811 743 862 losse
758 811 850 875 ruistis,
877 809 990 861 luluudos
1008 810 1072 860 omui
1090 810 1200 873 magicae
1218 810 1354 861 dementia
1370 811 1458 876 plenos

241 901 270 954 Et
285 899 349 952 velut
365 900 389 950 iu
408 898 499 950 somnis
518 897 624 949 tbesauri
642 911 741 948 munere
758 896 822 947 dires
878 895 981 946 Perrasit
998 909 1053 946 sese
1069 896 1182 946 uirtutem
1200 895 1289 946 dicere
1306 911 1443 961 summurn,

241 983 523 1049 neomeniarumque
541 991 606 1034 tenet
623 997 666 1048 sps
683 982 751 1032 lusus
769 981 842 1043 insui,
877 980 1496 1046 nnmccunmmtncenetsepersmresolue

241 1069 340 1136 lleoepti
356 1083 453 1121 nouem
472 1070 574 1134 speretis
591 1069 698 1118 muueris
716 1067 833 1117 umbram.
878 1065 986 1129 Namque
995 1065 1117 1115 Valentino
1136 1065 1197 1116 deus
1215 1073 1259 1116 est
1276 1068 1395 1129 insanus,
1414 1076 1437 1117 et
1450 1069 1529 1118 ansts

275 1155 326 1206 sb!
340 1154 406 1206 taciti
417 1153 491 1204 rictus
500 1153 620 1204 funestare
630 1152 719 1218 praeda
730 1151 851 1215 droconis,
876 1149 980 1212 'lriqintu
991 1150 1074 1200 tribuit
1083 1149 1334 1216 caelos‚patreruque
1342 1153 1495 1214 Profundum

186 1244 233 1295 120
243 1239 350 1306 Sponsus
367 1253 410 1304 pro
427 1253 487 1303 pace
503 1245 584 1289 truces
602 1236 730 1287 homicidia
747 1235 853 1286 blandai
878 1235 918 1285 Bis
936 1235 1019 1285 docuit
1035 1235 1103 1297 tingi,
1120 1235 1266 1286 transducto
1280 1253 1395 1302 corpore
1407 1241 1496 1288 danne

242 1323 341 1376 ludetls
358 1324 455 1389 culpare
472 1322 552 1386 deum,
571 1323 612 1387 qui
631 1329 694 1372 unta
712 1322 819 1372 crearit?
877 1319 966 1369 Tantos
984 1334 1039 1370 esse
1057 1319 1116 1370 deos
1134 1320 1259 1372 Basiliden
1278 1324 1391 1374 credere
1408 1325 1479 1387 iussit

242 1408 269 1460 lu
287 1407 356 1460 euius
372 1407 444 1458 terris
462 1407 536 1458 nimia
552 1407 641 1470 pietate
658 1406 756 1471 prolusa
880 1405 988 1463 Quantus
1006 1412 1031 1454 ct
1047 1394 1100 1455 diss¹
1123 1419 1202 1456 annus
1220 1408 1317 1464 bobeta
1346 1416 1386 1459 tot
1404 1409 1495 1474 deniquo

242 1491 397 1544 lmuremores
414 1492 478 1555 lorge
495 1490 597 1542 laudatis
615 1490 677 1541 dona
694 1497 801 1553 ruentes,
1184 1492 1305 1544 mundos.

242 1576 324 1642 lpsam
341 1577 457 1628 lectorem
473 1577 615 1641 reprobatis,
633 1576 695 1626 lacta
714 1577 852 1641 probantes,
879 1573 972 1623 lineas
989 1589 1033 1638 per
1050 1585 1164 1626 numeros
1182 1586 1378 1639 argumentatus
1396 1587 1463 1630 acute
1501 1577 1528 1627 tt·

187 1661 365 1719 125brtlflcent
376 1661 478 1713 mandit
495 1662 595 1712 cuiusue
610 1674 673 1726 opus
686 1661 744 1711 estis
756 1660 854 1725 etipsii
877 1658 984 1708 Tradidit
997 1659 1021 1708 in
1037 1660 1142 1722 magicae
1157 1660 1262 1713 lormnnr
1275 1664 1376 1716 violare
1387 1668 1495 1731 paline,

243 1745 289 1806 Qui
306 1745 372 1798 robis
390 1759 488 1810 mamus
506 1747 583 1811 porris
601 1746 695 1796 donarit
713 1746 826 1808 bonores,
880 1743 966 1793 0llerri
979 1743 1085 1807 calicem,
1096 1746 1262 1811 precibusque
1271 1748 1298 1798 in
1311 1753 1495 1814 unguinererti

241 1831 346 1882 Prnserit
362 1831 449 1895 lruqes,
466 1831 577 1882 animalia
595 1839 680 1882 cuncta
698 1830 800 1892 subegit,
879 1828 980 1878 liebioui
993 1829 1113 1880 Christum
1131 1833 1207 1882 suasit
1226 1833 1259 1883 de
1277 1837 1383 1887 semine
1401 1845 1484 1898 natum,

240 1915 358 1982 Tempora
375 1917 417 1981 qui
435 1918 507 1967 tertis
522 1916 634 1967 lecundat
645 1916 769 1966 mensibus
787 1914 851 1980 anni,
879 1911 907 1962 Et
925 1914 1063 1963 circumcidi
1082 1914 1171 1979 docuit,
1189 1915 1289 1982 legique
1309 1935 1411 1985 vocare,

241 2001 366 2064 dulcores,
384 2002 556 2065 pelusianus,
580 2002 680 2066 pinques
698 2009 722 2050 et
739 1999 835 2062 odores,
880 1997 993 2048 Fontibus
1012 2000 1106 2049 amissis
1124 2001 1244 2051 elementa
1262 2005 1402 2058 resulnere
1419 2007 1480 2070 lepis.
1503 2000 1529 2048 lit

185 2085 852 2151 130lueundosuores‚uemorumqueumbraculaqratn
879 2082 1014 2133 Extremum
1031 2084 1125 2135 iaciuus
1140 2086 1219 2136 serbis
1239 2091 1383 2142 extendere
1401 2093 1463 2148 nolu.

242 2169 353 2222 ΙΙΙ-111601
371 2171 454 2221 tribuit
471 2186 559 2222 succos
575 2171 722 2236 pubentibus
740 2170 829 2234 berbin,
879 2169 925 2217 lut
942 2182 1026 2219 omues
1039 2183 1124 2220 causas
1141 2178 1182 2221 aut
1195 2173 1300 2225 uomina
1313 2176 1403 2227 dicere
1415 2185 1496 2228 cuneis

241 2255 329 2307 Fontes
347 2263 371 2307 et
388 2256 470 2306 fluvios
488 2255 598 2306 diduudlt
615 2255 725 2306 dulcibus
743 2255 822 2319 undis,
879 2252 920 2302 Est
936 2268 981 2318 per
997 2269 1073 2318 pauca
1090 2257 1149 2305 sutis
1166 2257 1276 2308 crudelia
1297 2262 1382 2312 multa
1401 2273 1484 2318 notare.

242 2339 366 2392 Sideribus
384 2341 476 2392 caelum
494 2349 619 2406 totumque
630 2340 748 2391 illuminat
761 2340 851 2402 orbem,
879 2337 1040 2403 lnlaudosque
1051 2341 1161 2391 homiues
1173 2349 1248 2406 atque
1260 2359 1361 2408 organa
1372 2363 1443 2399 saera
1453 2349 1497 2398 dre

241 2424 852 2491 lurureusussolusdomiuus,iustusquebouusque‚
1182 2428 1261 2491 cuuis,

185 2514 232 2566 135
242 2509 356 2574 ῦοςηὶωε
366 2525 393 2562 es
403 2526 485 2576 opere,
498 2520 596 2576 aspectu
612 2525 659 2561 uon
672 2512 781 2574 cognitus
794 2511 850 2567 ulli;
880 2509 924 2560 Per
933 2524 995 2574 quos
1007 2525 1070 2561 nuuc
1082 2517 1173 2561 tuntum
1187 2513 1293 2564 sceleris
1308 2510 1529 2569 intestelocusslii

241 2593 318 2654 Quem
330 2594 416 2647 stultae
429 2596 535 2661 quamvls
547 2603 630 2658 gentes
640 2611 721 2646 errore
731 2603 852 2659 copertos,
879 2595 979 2658 Semper
996 2595 1110 2646 lectorem
1128 2597 1210 2646 mundi
1230 2599 1340 2663 cuipare
1360 2604 1461 2656 laborat

161 2681 163 2686 '
240 2677 365 2731 Florentes
383 2681 478 2744 opibus,
496 2681 574 2730 alieno
593 2681 689 2730 nomine
706 2680 811 2746 laudent,
912 2680 961 2731 Sed
973 2689 1081 2731 reuocate
1090 2681 1175 2746 pedem
1183 2684 1247 2732 sueri
1261 2683 1375 2738 latronis
1386 2691 1418 2740 ab
1430 2701 1495 2750 enirn

240 2763 414 2829 fictoremque
438 2771 517 2814 tumen
535 2765 601 2827 quari
619 2765 716 2829 culpare
732 2773 851 2816 serentur.
879 2764 940 2815 llum
952 2767 1054 2830 spatium
1068 2765 1175 2830 dutur‚et
1188 2769 1287 2832 patiens
1303 2773 1493 2840 pietatepereun'

241 2849 291 2901 Noc
308 2848 436 2915 qnisquam
454 2856 553 2912 tautum,
577 2849 623 2901 uisi
640 2863 689 2914 ros,
708 2865 766 2901 nora
784 2859 853 2916 porta
879 2849 949 2900 Facta
967 2864 1011 2915 per
1025 2866 1130 2903 errorem
1140 2853 1237 2904 miseris
1248 2855 1315 2906 deus
1327 2863 1414 2911 omnia
1425 2861 1493 2911 donst

545 2936 676 2997 gehennae,
880 2934 974 2986 Credite
990 2952 1046 2986 vero
1063 2939 1200 3001 punirem,
1219 2941 1262 3005 qui
1282 2946 1403 2996 condidit
1414 2933 1524 2999 orbeul⁹

185 3019 328 3082 llllluqrnti
347 3018 432 3081 eligitis
450 3020 573 3069 domiuum
584 3019 728 3070 maledicere
739 3029 860 3072 restrum.¹
879 3022 964 3070 lerum
982 3022 1023 3086 qui
1042 3022 1163 3072 domiuum
1182 3025 1249 3074 misit
1260 3036 1395 3082 renovare
1413 3035 1491 3083 ruiurn

242 3103 382 3155 llaecrobis
393 3105 597 3168 pertransissem,
608 3104 717 3154 Cerdone
730 3107 851 3169 magistro,
879 3105 1011 3170 imparibus
1023 3106 1083 3169 legi,
1101 3109 1193 3171 peccati
1211 3110 1236 3158 iu
1255 3116 1356 3176 gurgite
1375 3118 1465 3171 mersis.

241 3187 364 3240 Terribilis
374 3189 455 3252 refuga
466 3189 580 3240 adtribuit
587 3189 636 3240 iera
645 3192 849 3249 munerumortis;
879 3190 923 3241 Per
939 3199 1003 3242 rates
1021 3193 1078 3242 olim
1096 3195 1239 3258 promissum
1257 3198 1353 3250 afferre
1369 3201 1472 3253 salutern.

241 3272 291 3325 Nec
313 3274 376 3324 reult
399 3274 422 3325 ln
447 3282 550 3325 urentem
574 3274 639 3340 quod
665 3290 706 3324 sos
723 3291 737 3325 u
755 3276 852 3326 nomine
879 3276 925 3335 Qui
943 3277 1054 3327 mandata
1072 3278 1144 3342 dedit,
1168 3279 1207 3329 liic
1226 3288 1249 3329 et
1267 3294 1377 3345 peccata
1396 3289 1488 3339 remittit

549 3360 636 3410 Christi
879 3360 954 3423 Exigit
971 3361 1009 3411 bic
1027 3361 1116 3427 aliquid
1128 3364 1222 3427 merito,
1241 3367 1303 3429 quia
1320 3355 1520 3422 crediditsatcffi

241 3444 360 3495 Seductus
377 3442 407 3495 ud
424 3445 551 3495 ldurcionis
569 3445 622 3495 tulit
640 3446 719 3496 inllmu
738 3459 834 3495 nomen.
878 3446 924 3494 dut
941 3444 1013 3495 dunat
1024 3446 1088 3509 larqe
1099 3447 1219 3512 dominus,
1237 3455 1312 3514 quusi
1325 3455 1410 3509 debita
1419 3458 1487 3508 serris

184 3532 231 3582 115
241 3528 325 3592 dicite,
343 3529 374 3580 de
391 3530 472 3580 multis
488 3529 546 3594 quid
559 3529 626 3579 robis
637 3530 748 3594 displicet
759 3531 852 3581 unuml
879 3529 987 3595 lienique
1005 3531 1132 3582 conclusos
1149 3534 1253 3597 populos
1270 3550 1433 3606 poenamque
1448 3556 1486 3591 ue

241 3610 331 3672 Quldre
343 3614 404 3664 deus
416 3613 473 3665 lecit
485 3614 549 3678 quod
568 3628 616 3663 non
634 3614 665 3664 sit
682 3614 753 3664 laude
764 3616 852 3665 reben-
1182 3627 1263 3670 rentes

546 3699 620 3750 durul
879 3700 962 3751 lleleto
981 3701 1057 3765 elogio
1075 3709 1174 3752 cunctos
1189 3704 1259 3768 jubet
1278 3707 1336 3770 ipse
1354 3708 1437 3761 lavari.

240 3782 287 3832 lut
303 3780 370 3845 illud,
388 3783 453 3846 quod
470 3797 511 3832 ros
531 3783 638 3846 nimium,
656 3785 770 3847 patientia
787 3786 851 3848 lurqu
911 3785 972 3848 Erqo
990 3794 1055 3837 totus
1073 3787 1144 3837 borno
1163 3788 1247 3849 credit,
1265 3796 1390 3857 totusque
1401 3795 1484 3845 leretur.

240 3864 361 3929 ludiquos‚
380 3865 474 3917 dulcem
492 3867 608 3931 permittit
620 3882 719 3918 cernere
738 3870 835 3921 luceru?
878 3870 986 3921 Abstinet
1001 3880 1042 3921 sut
1053 3874 1141 3936 potitur
1155 3887 1199 3937 pro
1211 3876 1312 3926 nomine
1325 3861 1520 3933 vulnerantem

241 3949 287 4008 Qui
305 3950 383 4013 legitis
399 3964 460 4013 vcra,
480 3958 503 4000 et
521 3952 617 4001 concisa
635 3967 662 4001 eu
678 3952 736 4004 laiso
749 3956 850 4016 docetis,
878 3956 965 4005 Versus
983 3957 1057 4019 surpit
1076 3958 1155 4020 bomo,
1172 3972 1227 4008 rere
1244 3972 1314 4010 mors
1325 3963 1485 4019 rictasilebitt

183 4037 230 4088 150
242 4034 308 4093 Quae
326 4043 383 4084 sunt
400 4042 504 4099 postque
521 4035 608 4100 iuturu,
625 4038 692 4101 prius
710 4040 770 4089 baec
788 4040 850 4091 lactu
877 4039 925 4090 Sed
935 4054 982 4090 uon
989 4042 1156 4106 parsbominis
1168 4044 1255 4105 anima,
1262 4058 1309 4095 sus
1323 4056 1396 4111 perte
1407 4051 1487 4107 ndns

544 4121 666 4184 probatis:
877 4125 994 4190 Percipiet
1005 4126 1115 4190 palmam,
1129 4128 1195 4177 socio
1207 4143 1279 4192 quant
1295 4146 1373 4183 carue
1385 4136 1486 4185 laborans

239 4203 285 4252 bnt
294 4202 457 4253 incredibilem
465 4205 523 4268 quid
532 4205 610 4256 diliert
620 4208 718 4259 credere
726 4211 850 4261 restrum?
876 4211 902 4260 lu
921 4211 997 4261 stadio
1015 4211 1103 4261 luctata
1122 4213 1192 4262 simul
1210 4216 1343 4267 coniuncta
1363 4229 1472 4271 meretur.

273 4287 322 4336 llec
339 4288 424 4337 mirum
443 4289 463 4337 si
481 4305 521 4340 ros
538 4301 646 4342 versutus
662 4295 724 4357 cepit
736 4296 847 4358 inermes,
876 4296 970 4346 Grande
983 4297 1050 4347 uclus
1063 4305 1157 4360 portare
1165 4298 1226 4347 duos
1236 4303 1386 4363 pervinculs
1393 4306 1485 4370 pondus
1493 4284 1523 4338 ¹⁹⁵

238 4372 455 4422 Persuadeusduos
466 4377 782 4440 essepatres‚damnatnsnb
791 4394 847 4442 uno,
876 4381 982 4439 Quorum
996 4382 1026 4430 sit
1037 4382 1144 4445 locuples
1157 4397 1219 4433 unus
1232 4392 1309 4448 utque
1322 4388 1388 4440 alter
1398 4402 1485 4453 qenes

237 4456 298 4508 Esse
316 4456 382 4520 deos,
399 4458 439 4521 qui
459 4460 574 4523 principio
593 4462 720 4512 seduxerat
738 4478 830 4527 omnes,
874 4465 903 4514 Et
920 4467 1034 4516 miserum
1054 4468 1143 4532 sperui,
1162 4466 1225 4517 lelici
1244 4472 1356 4532 proemia
1375 4476 1451 4525 reddi.

180 4545 228 4595 155
239 4542 293 4592 Post
306 4556 334 4593 ea
351 4542 476 4606 multiplici
488 4552 622 4595 munnntem
639 4546 736 4597 rulucrc
753 4557 846 4612 pestem
874 4551 925 4600 Non
933 4550 1041 4601 lucithoc
1049 4553 1135 4616 iustus,
1146 4554 1265 4603 mercedis
1272 4558 1485 4625 reddituraequus.

236 4626 362 4677 Distribuit
378 4627 467 4687 moltis,
487 4635 511 4677 et
527 4630 701 4681 inemendabile
719 4633 817 4697 crimen,
873 4635 1306 4701 Etbonusetdiues‚quemcrediruus
1318 4646 1401 4697 omnis
1410 4660 1484 4710 posse

233 4763 255 4795 o.
270 4744 326 4795 151.
348 4747 416 4810 Vulqo
435 4747 582 4800 incredibile..
618 4752 768 4803 scribendum
783 4762 840 4819 puto
859 4756 905 4805 lut
922 4755 1087 4806 incredibilem
1105 4755 1147 4818 (sc.
1166 4757 1248 4815 deuml
1274 4763 1319 4826 qui
1339 4764 1421 4816 differt
1437 4779 1483 4815 one·

236 4813 293 4863 dere
310 4814 432 4863 restrum?
488 4833 509 4865 o.
526 4817 572 4867 175
590 4827 611 4868 et
630 4818 686 4870 176.
714 4821 782 4885 l'slqo
801 4825 886 4887 leqilur
903 4824 1002 4873 sceleris
1021 4825 1073 4874 sinc
1092 4833 1152 4875 teste
1171 4825 1246 4876 locuti
1266 4857 1299 4866 —
1324 4859 1352 4870 -
1374 4834 1484 4884 laborant.

234 4898 256 4932 o.
271 4879 326 4933 tit.
348 4883 416 4948 l'elpo
436 4885 556 4947 perennis.
