3242 5775
567 671 716 717 surmus
736 672 909 719 usserunms
931 675 989 719 nra.
1005 674 1044 720 ru.
1328 668 1391 734 253

209 822 343 886 barinus
364 839 424 903 per
444 822 642 904 semetipsum
664 833 805 904 operetur
827 824 890 886 sive
911 843 967 904 per
988 823 1098 898 filium,
1126 825 1211 888 aliter
1238 848 1296 910 per
1315 850 1390 912 pro.

206 921 306 1005 pbetas
328 922 462 986 famulos
484 942 570 998 suos,
591 921 736 987 ’maxime
751 925 928 1012 documenta
942 926 1060 988 uirtutis
1080 935 1111 989 et
1123 929 1293 1007 potestatis,
1316 950 1393 1011 quae

207 1031 239 1086 Ι
254 1024 385 1087 clariora
408 1034 440 1086 et
461 1024 618 1100 validiora,
641 1044 699 1105 qua
720 1026 859 1106 propria,
882 1026 993 1087 distare
1014 1027 1163 1089 avicariis
1178 1029 1222 1090 las
1238 1039 1295 1092 est.
1328 1031 1388 1096 Sed

209 1123 352 1189 'uadi
373 1133 407 1188 et
429 1125 500 1188 alibi
521 1125 581 1188 iam
602 1126 680 1189 dicta
702 1125 792 1189 suut⁸
820 1126 851 1188 in
878 1127 1057 1190 documento
1086 1129 1252 1208 superiore.
1303 1131 1389 1196 Nunc

211 1225 258 1288 αι’
276 1228 439 1308 praefatus
461 1235 509 1289 est
529 1228 639 1290 multos
662 1235 734 1289 tunc
753 1227 850 1289 luisse
876 1229 1015 1307 leprosos
1039 1228 1141 1309 ¹⁰apud
1166 1228 1334 1294 ¹¹lsraelem
1356 1233 1387 1295 in

211 1323 306 1388 ibus
321 1326 460 1390 Helisaei
481 1330 645 1410 prophetae
667 1336 697 1390 et
717 1328 869 1389 nemiuem
891 1346 996 1389 eorum
1017 1337 1175 1408 purgatum
1197 1330 1256 1391 nisi
1281 1331 1384 1395 ¹¹Naa·
1398 1353 1529 1408 rueram,

212 1442 269 1489 u
289 1428 423 1508 Syrum,
445 1447 508 1491 non
529 1430 632 1510 utique
654 1428 713 1492 ”et
734 1447 877 1490 numerus
892 1429 980 1490 saciet
998 1430 1034 1491 ad
1049 1429 1245 1492 differentiam
1261 1430 1385 1495 deorum

214 1525 494 1591 'udestrnctionem
517 1530 660 1592 mentoris
681 1548 774 1591 unum
802 1528 995 1592 remediantis
1024 1537 1055 1591 et
1078 1529 1293 1610 praelationem
1321 1533 1386 1596 eius

215 1627 254 1707 μ’
271 1628 381 1692 &cem
404 1630 581 1692 emundarit
636 1629 710 1704 Quis
738 1629 817 1692 euim
846 1628 992 1724 dubitabit
1011 1629 1111 1710 plures
1132 1629 1267 1710 potuisse
1288 1633 1386 1695 curari

200 1726 298 1792 'beo
320 1731 375 1811 qui
400 1749 492 1793 uuum
513 1740 650 1794 curasset
670 1748 758 1812 quam
780 1730 817 1792 ab
839 1731 889 1792 illo
918 1731 1020 1793 decem
1047 1730 1096 1810 qui
1125 1748 1276 1811 nunquam
1302 1743 1384 1794 retro

219 1827 319 1893 u?
367 1831 431 1894 Sed
452 1832 509 1894 bac
529 1850 596 1895 cum
623 1833 750 1894 maxime
777 1830 1020 1912 pronuntiatione
1048 1831 1240 1893 diffidentiam
1261 1831 1383 1895 israelis

222 1921 445 2013 Eusebium
465 1932 581 2013 pulsat,
611 1933 691 2013 quod
718 1951 786 1995 curn
807 1933 893 1995 multi
916 1939 1021 1994 essent
1041 1930 1101 1994 illic
1121 1930 1234 2011 leprosi
1257 1940 1287 1994 et
1307 1950 1383 2014 pro·

224 2027 309 2110 §stes
330 2051 395 2095 uon
416 2032 553 2107 deesset,
587 2034 676 2097 etiain
703 2034 782 2095 edito
811 2034 992 2095 documento
1019 2049 1109 2094 nemo
1139 2031 1384 2096 “decucurrisset

229 2129 352 2195 sssum
375 2143 551 2215 operantem
572 2134 603 2197 iu
626 2134 820 2215 ¹‘prophetis
874 2134 966 2213 igitur
992 2132 1132 2213 quoniam
1154 2132 1220 2213 ipse
1241 2143 1305 2196 erat
1326 2153 1382 2196 au·

230 2227 354 2297 tuias
375 2235 510 2316 pontifex
531 2234 579 2297 dei
603 2235 740 2316 ¹‘patris,
769 2234 898 2314 inspexit
918 2234 987 2295 illos
1009 2233 1174 2296 secuudum
1201 2233 1275 2313 legis
1296 2252 1381 2296 arra·

199 2348 200 2355 ¹
234 2333 296 2408 ι’,
317 2335 512 2415 significantis
527 2336 678 2399 Christum
700 2354 769 2398 esse
790 2353 893 2397 verum
909 2334 1138 2415 disceptatorem
1155 2340 1185 2395 et
1199 2333 1382 2396 elimatorem

236 2425 399 2498 hmini
413 2436 605 2500 macularum.
638 2436 698 2501 Sed
721 2445 751 2499 et
772 2435 851 2516 quod
875 2436 905 2497 in
927 2435 1086 2497 manifesto
1108 2434 1165 2496 luit
1178 2431 1270 2515 legis,
1291 2452 1381 2514 prae-

240 2533 305 2613 ql,
330 2535 389 2610 lte,
421 2536 573 2599 ostendite
603 2555 658 2600 vos
689 2536 908 2600 sacerdotibus.
965 2535 1039 2609 Cur,
1072 2535 1099 2598 si
1128 2534 1195 2596 illos
1223 2542 1293 2597 ante
1319 2541 1383 2596 erat

242 2634 442 2700 historus?
484 2639 529 2699 An
551 2637 635 2717 quasi
657 2636 731 2717 legis
753 2638 874 2710 illusor,
904 2643 937 2697 ut
963 2634 995 2696 in
1015 2636 1123 2697 itinere
1143 2635 1255 2696 curatis
1276 2643 1380 2697 osten·

244 2725 299 2796 bu
313 2736 382 2799 nibil
403 2754 475 2799 esse
496 2736 593 2817 legem
615 2755 683 2798 cum
704 2736 779 2817 ipsis
809 2733 1040 2797 sacerdotibus?
1082 2734 1120 2797 lit
1141 2735 1244 2815 utique
1265 2733 1380 2810 viderit,

198 2833 216 2871 ’
247 2830 308 2898 tesi
324 2846 382 2900 tam
402 2837 564 2919 opiniosus
587 2836 735 2899 ridebitur
750 2836 896 2899 Christus.
932 2835 1027 2897 lmmo
1050 2835 1185 2916 digniora
1201 2844 1272 2898 suut
1285 2835 1380 2898 iuter·

198 2930 218 2971 ⁵¹
246 2937 347 3008 meda
367 2948 398 3001 et
418 2938 489 3001 fidei
512 2938 646 3001 iustiora.
686 2939 756 3000 ldeo
779 2938 848 2999 illos
870 2937 1065 3010 remediatos,
1089 2937 1195 3017 ¹⁰¹’qua
1218 2939 1380 3000 secundum

197 3029 220 3069 ⁵²
246 3025 307 3113 bn
324 3039 396 3101 iussi
418 3039 503 3102 abire
524 3038 561 3100 ad
583 3039 754 3101 sacerdotes
777 3037 988 3112 obaudieraut;
1016 3055 1112 3117 neque
1140 3038 1219 3100 euim
1241 3039 1381 3101 credibile

197 3131 219 3165 Ὁ
245 3142 274 3195 ⁸1
287 3140 442 3202 misse
469 3138 646 3201 medicinam
675 3156 691 3200 a
719 3139 904 3200 destructore
931 3137 1004 3216 legis
1034 3137 1267 3201 ”observatores
1294 3139 1379 3219 legis.

197 3225 216 3267 ³
242 3228 281 3298 iti
297 3258 343 3302 mr
361 3241 491 3321 pristino
512 3239 633 3321 leproso
655 3239 729 3301 nibil
751 3239 808 3300 talc
830 3236 1005 3319 praecepit?
1048 3238 1124 3312 Quia
1146 3257 1202 3301 uec
1226 3239 1380 3302 Helisaeus

197 3328 210 3363 ⁰
240 3328 291 3414 lits
308 3339 478 3415 'Naamam
509 3348 540 3401 et
568 3349 667 3402 tamma
695 3357 755 3401 uon
783 3339 894 3401 idcirco
923 3356 984 3399 non
1007 3347 1070 3399 erat
1091 3338 1247 3400 creatoris.
1302 3338 1380 3399 Satis
1450 3334 1474 3381 ⁸

196 3424 202 3459 ‘
237 3441 367 3518 Menodig
397 3441 452 3504 sed
481 3441 531 3521 qui
559 3440 697 3513 credidit,
730 3439 873 3519 intellegit
901 3438 988 3499 etiam
1015 3437 1102 3499 altius
1131 3436 1250 3517 aliquid.
1293 3438 1381 3499 Disce

236 3530 301 3615 'Uar
318 3550 347 3602 st
365 3560 482 3605 musas.
525 3539 558 3602 lu
581 3540 730 3602 Samariae
751 3540 925 3621 regionibus
948 3557 997 3599 res
1020 3537 1177 3617 agebatur,
1210 3536 1288 3599 unde
1317 3544 1382 3599 erat

235 3640 336 3704 lus
357 3641 476 3704 iuterim
498 3660 535 3703 ex
554 3640 693 3723 leprosis.
736 3641 867 3703 Samaria
890 3648 987 3702 autem
1009 3638 1176 3700 desciverat
1196 3636 1233 3698 ab
1253 3636 1497 3744 1⁸f³⁶1021¹,‚¹{3{,·,4

231 3730 322 3803 Burs
342 3743 471 3805 schisma
492 3741 565 3804 illud
588 3760 624 3803 ex
640 3741 772 3803 ¹’norem
787 3740 948 3814 tribubus·,
971 3759 1045 3822 quas
1059 3739 1175 3802 avulsas
1190 3757 1246 3819 per
1260 3739 1380 3802 Achiam

230 3839 380 3919 miletam
402 3842 598 3905 collocaverat
618 3843 695 3923 apud
717 3841 880 3903 Samariam
901 3840 1120 3903 ”Hieroboam
1168 3839 1228 3902 Sed
1256 3848 1287 3901 et
1307 3838 1379 3901 alias

230 3950 327 4022 ηπ
346 3942 403 4006 sibi
425 3943 578 4024 placentes
599 3951 685 4005 eraut
705 3942 881 4004 Samaritani
907 3941 944 4002 de
972 3940 1124 4002 montibus
1152 3948 1183 4001 et
1202 3940 1302 4020 puteis
1322 3956 1379 4019 paa

231 4040 306 4116 Ιι,
325 4044 403 4106 sicut
423 4043 454 4105 in
477 4044 628 4123 evangelio
642 4042 762 4105 loannis
778 4043 960 4105 Samaritana
982 4041 1029 4102 illa
1051 4041 1083 4102 iu
1104 4040 1252 4119 colloquio
1267 4039 1381 4102 domiui

229 4184 391 4247 twinus.
427 4195 545 4245 maximae
561 4197 655 4260 reliqui.
714 4194 753 4245 tu.
773 4210 786 4243 a
804 4194 896 4259 populo
913 4194 939 4243 u.
1002 4192 1041 4242 11.
1059 4192 1151 4241 lsrabel
1172 4192 1195 4242 c.
1231 4191 1268 4242 llts'
1284 4193 1379 4244 essolet.

231 4254 372 4311 ntem·
392 4262 416 4312 G.
458 4262 573 4311 neeman
592 4264 617 4312 B.
673 4262 712 4312 ta.
731 4271 754 4311 et
772 4278 817 4312 om.
831 4265 854 4311 d.
914 4260 952 4310 lb
973 4259 1113 4308 decorasset
1130 4258 1155 4307 B.
1214 4257 1253 4308 lb.
1273 4261 1380 4322 propbe-

229 4327 291 4377 sat
324 4329 362 4379 lb.
380 4329 458 4394 patris
476 4329 557 4380 md.
596 4328 656 4380 lbb.
673 4330 832 4392 llolimquia.
870 4328 908 4378 l'l.
927 4325 1131 4377 obsecratoresc.
1168 4323 1208 4376 18.
1226 4326 1317 4376 liemau
1336 4325 1379 4376 ltu

230 4388 349 4446 um
366 4399 404 4448 cd
456 4395 499 4445 20.
517 4396 650 4446 llerobcam
668 4397 695 4447 B.

251 4525 399 4581 {Mi
418 4528 477 4579 alibi
494 4530 542 4580 iam
560 4526 699 4596 dictasunt]
717 4531 766 4579 So·
817 4529 901 4577 decern
920 4533 1086 4586 numerantur,
1113 4525 1278 4587 intelliguntur
1295 4522 1379 4572 decem
1462 4560 1467 4571 ,

226 4596 353 4661 wau,
382 4596 418 4647 lle
436 4596 481 4646 illo
498 4598 613 4647 &smodi
630 4597 766 4648 cladoott.
817 4594 915 4644 dimidia
936 4595 1024 4652 miuus,
1048 4593 1069 4642 si
1093 4606 1186 4651 norem,
1213 4589 1380 4651 intelliguntur

227 4658 371 4728 simmaa
390 4678 445 4728 cap.
462 4661 502 4712 tt.
818 4675 901 4712 uorem
921 4674 975 4711 curu
994 4659 1102 4709 dimidia.
1145 4660 1233 4709 Tribus
1258 4659 1320 4706 euim
1340 4655 1379 4703 Si-

249 4740 267 4777 ι
282 4744 308 4781 n
325 4745 412 4782 sors·
430 4723 556 4794 tribubus]
579 4729 624 4780 llii
641 4745 672 4779 es
689 4731 766 4779 decem
818 4729 912 4781 meanis
936 4740 990 4777 eum
1014 4727 1076 4775 tribu
1101 4728 1174 4777 ludse
1198 4723 1379 4776 accensebatur,

227 4796 317 4850 ἸΙύιι.
354 4798 422 4850 llibil
445 4797 537 4858 reiert3
569 4811 624 4846 uam
651 4805 704 4846 stru
732 4797 767 4846 ris
818 4796 916 4846 dimidia
940 4793 1161 4844 rerosseuiaruinis
1185 4793 1262 4842 tribus
1286 4791 1310 4838 in
1333 4785 1380 4834 llds

227 4868 287 4915 'sn
308 4874 345 4917 est
361 4865 497 4916 rotundato
515 4877 624 4914 numero.
658 4863 693 4915 lla
745 4863 766 4913 si
817 4869 992 4937 permanserat
1011 4861 1060 4922 (Fr.
1077 4859 1179 4920 lunius.)
