3242 5775
318 593 382 660 260
572 608 673 660 omnrr
695 606 829 650 suornm
850 605 1016 649 rnoasnrrs
1039 604 1236 660 runrnununr

319 760 480 841 optimum,
503 777 521 818 o
543 757 633 819 deum
654 757 803 818 diuersum
827 775 844 818 a
866 754 1008 817 creatoris
1031 752 1190 835 exemplisl
1223 752 1328 817 Sdene
1349 753 1498 835 praeceps

318 860 415 923 ituros
437 857 574 919 homines
596 857 663 936 ipse
684 857 752 918 illos
774 858 805 918 in
827 856 1051 937 ’praerupium'
1079 856 1229 935 imposuit.
1278 854 1329 917 Sio
1356 854 1437 916 enim
1466 863 1500 917 et

319 960 358 1023 de
379 966 513 1021 creatore
534 958 565 1019 in
587 958 703 1019 arboris
725 958 790 1038 lege
813 965 963 1020 tractatur.
1000 956 1060 1020 Sed
1082 957 1119 1019 de
1140 956 1246 1019 ’caelis
1269 957 1325 1018 luit
1346 955 1498 1035 baptisma

280 1075 286 1086 ·
317 1060 448 1123 loannis.
491 1059 529 1119 Et
550 1076 656 1139 quare,
680 1057 774 1138 inquit
796 1058 950 1131 Christus,
973 1076 1033 1119 non
1056 1057 1225 1122 credidistis
1248 1056 1299 1120 ei?
1341 1056 1422 1136 Ergo
1444 1055 1498 1136 qui

319 1162 400 1225 credi
421 1159 552 1222 voluerat
572 1160 692 1232 loanni,
715 1160 920 1239 increpaturus
942 1159 1021 1239 quod
1037 1177 1098 1220 non
1113 1159 1326 1231 credidissent,
1348 1159 1416 1220 eius
1431 1166 1500 1221 erat

318 1263 403 1326 errius
426 1269 643 1323 sacramentum
659 1262 784 1321 loannes
806 1259 1040 1324 administrabat.
1078 1260 1164 1321 Certe
1185 1258 1355 1321 nolentibus
1378 1277 1496 1321 renun-

318 1363 393 1425 tiare
415 1362 485 1442 quid
507 1369 647 1441 saperent
667 1380 734 1423 cum
757 1370 788 1422 et
808 1360 875 1441 ipso
897 1361 991 1422 ricem
1013 1360 1154 1441 opponit,
1186 1360 1224 1422 Et
1251 1379 1306 1440 ego
1335 1378 1398 1421 non
1427 1359 1498 1422 dioo

317 1463 404 1525 robis
426 1464 456 1524 in
478 1480 535 1540 qua
557 1462 665 1524 virtute
686 1462 759 1524 baec
788 1463 881 1534 lanio,
913 1462 1040 1523 ⁴malum
1068 1463 1147 1523 malo
1173 1461 1313 1523 reddidit.
1368 1461 1497 1524 Reddite

163 1583 396 1645 une.xx,as.quae
418 1562 553 1626 Caesaris
576 1562 713 1634 Caesari,
746 1572 776 1624 et
803 1569 879 1642 quae
907 1572 976 1624 sunt
1004 1563 1051 1625 dei
1079 1563 1145 1626 deo.
1196 1563 1280 1635 Quae
1308 1571 1396 1624 erunt
1423 1560 1497 1623 deil

320 1665 403 1738 Quae
426 1663 532 1726 similia
554 1664 643 1725 ‘sunt
669 1664 791 1725 denario
815 1663 967 1737 Caesaria3
1003 1663 1101 1743 imago
1130 1662 1242 1726 scilicet
1269 1670 1300 1724 et
1328 1662 1496 1725 similitudo

319 1765 396 1827 eius.
437 1764 596 1826 Hominem
618 1764 706 1843 igitur
733 1765 817 1827 reddi
846 1764 928 1826 iubet
956 1766 1098 1838 creatori,
1131 1764 1162 1826 in
1195 1764 1279 1826 ouius
1308 1764 1439 1843 imagine
1466 1771 1497 1826 et

319 1865 512 1928 similitudine
535 1875 565 1927 et
586 1866 707 1927 nomine
729 1878 759 1927 et
780 1866 904 1928 materia
926 1884 1084 1945 expressus
1108 1874 1164 1927 est.
1193 1866 1323 1938 Quaerat
1343 1864 1403 1927 sibi
1426 1883 1495 1925 nro·

318 1975 417 2028 netam
440 1966 514 2027 deus
528 1966 703 2039 Marcionis,
726 1966 862 2028 Christus
884 1965 1037 2027 denarium
1059 1966 1190 2027 hominis
1206 1985 1260 2028 suo
1276 1965 1397 2028 Caesari
1413 1964 1495 2027 iubet

317 2068 419 2140 reddi,
442 2085 503 2127 non
525 2066 639 2142 alieu03
661 2067 720 2128 nisi
742 2068 822 2146 quod
844 2086 969 2129 neeesse
989 2075 1052 2141 est,
1075 2067 1124 2147 qui
1147 2085 1234 2129 suum
1255 2063 1411 2128 denarium
1433 2084 1494 2128 nou
1526 2111 1529 2122 .

317 2167 436 2231 babetl.
472 2168 551 2229 lusta
573 2177 602 2229 et
623 2168 710 2248 digna
730 2167 926 2247 praescriptio
950 2168 1047 2229 estin
1071 2166 1152 2229 omni
1175 2164 1351 2245 quaestione
1365 2167 1402 2228 ad
1418 2185 1493 2247 pro·

300 2268 448 2349 ,positum
470 2268 713 2346 interrogationis
736 2269 886 2347 pertinere
908 2268 1017 2331 debere
1039 2287 1160 2331 sensum
1176 2259 1395 2346 responsionis.
1434 2268 1493 2330 Ce-

316 2378 415 2432 terum
437 2367 515 2431 aliud
538 2368 706 2430 consulenti
727 2368 805 2431 aliud
833 2370 1015 2450 respondere
1037 2370 1182 2431 dementis
1204 2377 1260 2430 est
1307 2368 1375 2440 Quo
1397 2368 1494 2448 magis

315 2468 433 2532 absita
455 2469 574 2530 Cbristo
597 2471 675 2549 quod
698 2490 736 2531 ne
758 2470 872 2532 bomini
894 2470 1013 2550 quidem
1036 2469 1183 2532 convenit
1229 2469 1410 2542 Sadducaei,
1441 2488 1493 2532 re·

181 2556 292 2653 ιξῇξξ·
318 2569 514 2632 surrectionis
536 2578 711 2647 negatores,
733 2572 771 2633 de
785 2589 820 2632 ea
835 2571 977 2634 babentes
993 2571 1255 2649 interrogationem
1271 2578 1497 2649 proposuerant

317 2668 439 2732 domino
461 2686 497 2729 ex
518 2667 583 2745 lege
605 2670 758 2730 materiam
780 2670 914 2730 mulieris
937 2690 1012 2748 quae
1034 2679 1147 2747 septem
1169 2669 1310 2730 tratribus
1334 2670 1495 2732 exordiae

317 2768 464 2832 delunotis
486 2768 648 2830 seeundum
671 2777 860 2847 praeceptum
889 2767 981 2847 legale
1008 2769 1178 2848 nupsisset,
1208 2768 1293 2830 cuius
1315 2768 1371 2832 viri
1394 2770 1493 2852 depu-

315 2870 405 2933 tanda
425 2878 508 2932 esset
528 2869 559 2930 in
580 2870 811 2932 resurreetione.
855 2869 935 2933 llaec
955 2870 1010 2931 luit
1032 2869 1154 2932 materia
1182 2869 1384 2950 quaestionis,
1418 2871 1496 2937 meo

316 2971 481 3033 substantia
504 2970 741 3034 consultationis.
773 2971 816 3032 td
839 2971 897 3033 hoo
916 2972 1111 3050 respondisse
1126 2971 1276 3033 Christum
1293 2989 1420 3035 neeesse
1435 2982 1492 3036 est.

315 3070 471 3134 Neminem
499 3071 613 3144 timuit,
645 3080 677 3133 ut
705 3071 897 3152 quaestiones
925 3079 976 3132 aut
996 3072 1160 3134 declinasse
1181 3071 1339 3144 rideatur,
1364 3083 1417 3135 aut
1437 3092 1496 3154 per

315 3172 505 3234 occasionem
533 3190 635 3234 earum
661 3171 741 3251 quod
768 3171 840 3233 alias
873 3171 969 3250 palam
1002 3189 1063 3231 non
1092 3171 1217 3234 docebat
1248 3171 1524 3247 subostendisse,

175 3293 231 3338 ura.
241 3296 302 3339 ean
315 3262 481 3351 Respondit
502 3272 592 3352 igitur
612 3272 701 3334 buius
723 3272 842 3352 quidem
864 3272 929 3333 aevi
943 3271 1020 3332 lilios
1036 3272 1175 3334 nubere·.
1206 3273 1295 3335 Vides
1309 3293 1399 3353 quam
1417 3294 1492 3356 per-

314 3369 445 3436 tinenter
473 3374 509 3435 ad
539 3391 667 3435 oausam.
722 3372 798 3447 Quia
820 3372 858 3433 de
879 3391 951 3434 aevo
972 3380 1099 3434 venturo
1127 3373 1341 3452 quaerebatur,
1375 3375 1492 3457 inquo

315 3476 465 3536 neminem
487 3475 600 3538 nubere
621 3473 796 3536 deliniturus
818 3472 1000 3553 praestruxit
1021 3473 1070 3535 bio
1090 3473 1209 3553 quidem
1231 3474 1303 3536 nubi
1326 3475 1378 3537 ubi
1400 3477 1441 3539 sit
1461 3484 1494 3541 ot

314 3657 340 3707 2.
359 3659 515 3723 praerupium
534 3659 577 3709 BC.
599 3661 720 3712 Votiooaaa
736 3665 832 3723 uterque
850 3666 871 3708 et
882 3659 1021 3709 Goraiearie.
1056 3666 1213 3724 praeruptum
1230 3662 1325 3725 reliqui,
1344 3678 1375 3713 ea
1392 3666 1493 3715 anaim

315 3725 426 3776 llleeoni.
473 3724 497 3774 3.
517 3727 584 3776 eaelo
602 3727 628 3776 Β.
679 3727 703 3777 4.
723 3726 812 3777 malum
831 3740 875 3790 pro
895 3726 958 3776 malo
979 3726 1056 3776 reddit
1074 3729 1098 3777 d.
1150 3727 1174 3776 b.
1192 3728 1241 3777 sint
1260 3728 1297 3778 Cn

351 3859 409 3922 Cap.
437 3858 557 3908 milli.
600 3875 622 3908 a.
656 3860 679 3908 in
705 3854 874 3923 praerupium]
926 3873 988 3923 qnae
1022 3860 1109 3910 boriali
1139 3876 1200 3924 aqna
1229 3862 1301 3912 modo
1334 3864 1494 3927 perluuntur,

315 3924 381 3974 liaeo
404 3933 441 3974 eat
468 3924 587 3975 librorum
614 3934 719 3976 veterum
745 3927 874 3990 scriptura,
926 3926 1000 3976 modo
1026 3927 1089 3976 sicea
1120 3928 1297 3993 relinquuntur,
1326 3940 1393 3980 certe
1417 3934 1491 3983 rerba

315 4006 388 4055 quana
412 4000 529 4054 temptare
553 4007 601 4042 non
625 4008 681 4043 sum
704 4009 787 4053 ausus,
821 3994 876 4043 lieet
927 3993 1071 4043 l’.llamiani
1090 3995 1167 4058 liplst.
1184 3996 1246 4054 {Ru
1271 4010 1335 4060 „per
1359 4006 1398 4048 tot
1423 4000 1492 4051 uiua·

315 4058 412 4109 aliunde
437 4059 534 4123 quidem
558 4060 588 4108 de
615 4061 661 4109 boc
685 4061 801 4111 vocabulo
825 4075 874 4110 non
926 4059 985 4110 lium
1008 4061 1105 4125 Alpium
1130 4063 1213 4112 nivosa
1235 4064 1379 4128 praeripia¹‘
1400 4066 1494 4119 dom

313 4126 374 4175 aetia
392 4134 493 4175 constet.
517 4126 575 4176 llam
586 4129 654 4191 tput.
671 4128 704 4177 lle
714 4128 788 4190 ltagla
799 4127 876 4190 eope
923 4130 1042 4192 praeripio
1052 4131 1122 4178 etiam
1132 4133 1264 4194 prerepto,
1284 4131 1308 4179 b.
1316 4145 1337 4179 a.
1346 4140 1493 4199 praerupta,

313 4193 397 4256 scripti
430 4192 517 4242 babent
538 4197 669 4258 praeripia,
703 4210 781 4258 neque
805 4196 876 4244 aliter
926 4196 1085 4257 signitleaeae.

313 4259 378 4322 apud
396 4260 461 4308 Serv.
480 4261 504 4310 in
522 4261 579 4310 ben.
599 4261 712 4320 libitis,
730 4270 791 4312 teate
809 4270 875 4311 eerte
960 4263 983 4310 b.
1002 4263 1048 4312 nisi
1066 4262 1130 4327 quod
1156 4277 1255 4312 neeesse
1279 4272 1325 4323 est,
1349 4264 1393 4329 qui
1416 4279 1492 4317 nara

313 4325 332 4374 l.
346 4326 371 4374 F.
388 4326 508 4376 Cronoaio
533 4328 665 4377 Observatt.
684 4329 704 4387 l,
721 4328 761 4378 20.
780 4343 805 4392 p.
817 4327 873 4377 122.
925 4328 1050 4379 denarium
1068 4344 1117 4378 non
1136 4325 1228 4395 babet]
1254 4330 1360 4381 Necesse
1378 4340 1425 4392 eat,
1450 4333 1492 4383 ia·

312 4391 401 4455 (pssl.
420 4393 458 4441 ed.
477 4394 533 4450 Fe).
580 4396 617 4445 Cl.
640 4395 712 4444 etiam
737 4395 820 4445 lleins.
844 4396 873 4444 ad
925 4397 977 4459 quit
999 4397 1140 4460 Septimius,
1166 4405 1267 4460 quaerat
1288 4398 1336 4447 sibi
1364 4408 1491 4451 uiuum

314 4458 444 4509 oviulter.
464 4460 502 4520 xl,
516 4459 570 4510 iss.
589 4470 612 4511 et
627 4461 736 4510 Oudend.
754 4463 783 4510 ad
801 4462 873 4525 bpal.
924 4463 985 4511 dens
1004 4464 1139 4524 Marcionis,
1158 4465 1197 4527 qui
1215 4478 1286 4513 suum
1297 4464 1426 4516 denarium
1439 4469 1489 4519 uo'a

312 4526 406 4576 letam.
417 4527 453 4587 ll,
472 4542 495 4589 p.
506 4527 574 4588 402,
592 4543 654 4592 quos
673 4528 754 4577 laudat
764 4529 871 4579 Rildabr.
924 4530 1005 4590 babet,
1033 4538 1134 4595 quaerat
1158 4531 1204 4579 sibi
1230 4530 1353 4581 bominem
1379 4533 1492 4587 alienu!

312 4594 341 4643 ad
365 4591 436 4656 bpul.
459 4593 494 4644 lle
519 4594 593 4655 llagla
619 4595 635 4643 l.
654 4594 669 4644 l.
714 4596 826 4645 Ceterum
849 4596 871 4646 si
922 4599 964 4660 qui
981 4597 1075 4647 nullum
1093 4598 1262 4658 babetanuru,
1281 4599 1493 4661 qniuulluruaoi·

307 4662 428 4725 praeripio
450 4660 520 4723 vulgo
546 4662 735 4724 interpretentur
759 4662 789 4712 de
808 4662 870 4713 locis
922 4663 979 4716 lieet
997 4667 1094 4714 crearit.
1111 4665 1218 4726 (Rigalt.)

310 4728 382 4776 llurio
402 4729 526 4790 proximis,
553 4738 593 4777 aut
612 4730 641 4777 de
660 4729 720 4776 locis
739 4729 801 4778 inter
824 4731 870 4778 llu-
956 4746 978 4779 e.
996 4726 1108 4796 nubere]
1136 4732 1172 4781 Cl.
1191 4732 1284 4783 adnott.
1301 4731 1333 4782 ad
1351 4732 1397 4784 lib.
1414 4734 1436 4787 l.
1454 4734 1494 4789 Μ

309 4795 374 4844 rium
392 4796 472 4859 ipsum
499 4804 523 4846 et
539 4796 607 4860 ripae
626 4795 758 4856 marginem
776 4797 871 4859 mediis,
923 4797 993 4847 Uror.
1012 4798 1100 4862 capi.
