<?xml version="1.0" encoding="UTF-8"?>
<!DOCTYPE html PUBLIC "-//W3C//DTD XHTML 1.0 Transitional//EN"
    "http://www.w3.org/TR/xhtml1/DTD/xhtml1-transitional.dtd">
<html xmlns="http://www.w3.org/1999/xhtml" xml:lang="en" lang="en">
 <head>
  <title>
</title>
<meta http-equiv="Content-Type" content="text/html;charset=utf-8" />
  <meta name='ocr-system' content='tesseract 3.04.00' />
  <meta name='ocr-capabilities' content='ocr_page ocr_carea ocr_par ocr_line ocrx_word'/>
</head>
<body>
  <div class='ocr_page' id='page_1' title='image "./quaesupersuntom00oehlgoog_0104.png"; bbox 0 0 3242 5775; ppageno 0'>
   <div class='ocr_carea' id='block_1_1' title="bbox 179 462 1090 526">
    <p class='ocr_par' dir='ltr' id='par_1_1' title="bbox 179 462 1090 526">
     <span class='ocr_line' id='line_1_1' title="bbox 179 462 1090 526; baseline -0.01 -2"><span class='ocrx_word' id='word_1_1' title='bbox 179 462 239 525; x_wconf 68' lang='lat'>104</span> <span class='ocrx_word' id='word_1_2' title='bbox 426 476 527 526; x_wconf 73' lang='lat' dir='ltr'>petunt</span> <span class='ocrx_word' id='word_1_3' title='bbox 551 473 682 516; x_wconf 76' lang='lat' dir='ltr'>SEPTfflll</span> <span class='ocrx_word' id='word_1_4' title='bbox 704 473 870 516; x_wconf 72' lang='lat' dir='ltr'>rtoastt&#39;rts</span> <span class='ocrx_word' id='word_1_5' title='bbox 892 472 1090 517; x_wconf 65' lang='lat' dir='ltr'>subrutum</span> 
     </span>
    </p>
   </div>
   <div class='ocr_carea' id='block_1_2' title="bbox 141 621 1383 3726">
    <p class='ocr_par' dir='ltr' id='par_1_2' title="bbox 164 621 1383 2933">
     <span class='ocr_line' id='line_1_2' title="bbox 176 621 1355 703; baseline 0 -15"><span class='ocrx_word' id='word_1_6' title='bbox 176 628 273 700; x_wconf 78' lang='lat' dir='ltr'>Quem</span> <span class='ocrx_word' id='word_1_7' title='bbox 293 626 382 686; x_wconf 88' lang='lat' dir='ltr'>deum</span> <span class='ocrx_word' id='word_1_8' title='bbox 403 642 463 684; x_wconf 93' lang='lat' dir='ltr'>non</span> <span class='ocrx_word' id='word_1_9' title='bbox 486 641 595 702; x_wconf 80' lang='lat' dir='ltr'>negas,</span> <span class='ocrx_word' id='word_1_10' title='bbox 617 623 767 684; x_wconf 83' lang='lat' dir='ltr'>confiteris</span> <span class='ocrx_word' id='word_1_11' title='bbox 783 622 870 684; x_wconf 82' lang='lat' dir='ltr'>¹¹non</span> <span class='ocrx_word' id='word_1_12' title='bbox 892 621 1069 695; x_wconf 86' lang='lat' dir='ltr'>humanum,</span> <span class='ocrx_word' id='word_1_13' title='bbox 1092 621 1243 703; x_wconf 84' lang='lat' dir='ltr'>siquidem</span> <span class='ocrx_word' id='word_1_14' title='bbox 1264 621 1355 688; x_wconf 81' lang='lat' dir='ltr'>deum</span> 
     </span>
     <span class='ocr_line' id='line_1_3' title="bbox 175 723 1351 805; baseline -0.003 -16"><span class='ocrx_word' id='word_1_15' title='bbox 175 726 343 789; x_wconf 85' lang='lat' dir='ltr'>confitendo</span> <span class='ocrx_word' id='word_1_16' title='bbox 365 725 572 805; x_wconf 73' lang='lat' dir='ltr'>praeiudicasti</span> <span class='ocrx_word' id='word_1_17' title='bbox 595 724 695 802; x_wconf 86' lang='lat' dir='ltr'>utique</span> <span class='ocrx_word' id='word_1_18' title='bbox 717 724 799 784; x_wconf 90' lang='lat' dir='ltr'>illum</span> <span class='ocrx_word' id='word_1_19' title='bbox 821 724 858 784; x_wconf 92' lang='lat' dir='ltr'>ab</span> <span class='ocrx_word' id='word_1_20' title='bbox 881 724 961 785; x_wconf 91' lang='lat' dir='ltr'>omni</span> <span class='ocrx_word' id='word_1_21' title='bbox 983 724 1177 785; x_wconf 88' lang='lat' dir='ltr'>humanarum</span> <span class='ocrx_word' id='word_1_22' title='bbox 1200 723 1351 785; x_wconf 85' lang='lat' dir='ltr'>conditio·</span> 
     </span>
     <span class='ocr_line' id='line_1_4' title="bbox 175 815 1352 906; baseline -0.003 -16"><span class='ocrx_word' id='word_1_23' title='bbox 175 845 246 890; x_wconf 90' lang='lat' dir='ltr'>num</span> <span class='ocrx_word' id='word_1_24' title='bbox 273 826 413 906; x_wconf 76' lang='lat' dir='ltr'>qualitate</span> <span class='ocrx_word' id='word_1_25' title='bbox 440 815 601 886; x_wconf 79' lang='lat' dir='ltr'>diversum.</span> <span class='ocrx_word' id='word_1_26' title='bbox 645 825 745 885; x_wconf 88' lang='lat' dir='ltr'>Porro</span> <span class='ocrx_word' id='word_1_27' title='bbox 764 843 830 886; x_wconf 88' lang='lat' dir='ltr'>cum</span> <span class='ocrx_word' id='word_1_28' title='bbox 853 825 964 904; x_wconf 88' lang='lat' dir='ltr'>pariter</span> <span class='ocrx_word' id='word_1_29' title='bbox 984 843 1129 904; x_wconf 77' lang='lat' dir='ltr'>agnoscas</span> <span class='ocrx_word' id='word_1_30' title='bbox 1159 824 1352 886; x_wconf 79' lang='lat' dir='ltr'>bominema</span> 
     </span>
     <span class='ocr_line' id='line_1_5' title="bbox 175 925 1352 1012; baseline -0.005 -20"><span class='ocrx_word' id='word_1_31' title='bbox 175 930 232 992; x_wconf 87' lang='lat' dir='ltr'>deo</span> <span class='ocrx_word' id='word_1_32' title='bbox 253 929 385 1012; x_wconf 89' lang='lat' dir='ltr'>inllatum</span> <span class='ocrx_word' id='word_1_33' title='bbox 407 927 437 988; x_wconf 94' lang='lat' dir='ltr'>in</span> <span class='ocrx_word' id='word_1_34' title='bbox 460 925 586 987; x_wconf 90' lang='lat' dir='ltr'>animam</span> <span class='ocrx_word' id='word_1_35' title='bbox 609 926 719 1000; x_wconf 84' lang='lat' dir='ltr'>viram,</span> <span class='ocrx_word' id='word_1_36' title='bbox 748 944 809 987; x_wconf 92' lang='lat' dir='ltr'>non</span> <span class='ocrx_word' id='word_1_37' title='bbox 832 926 920 988; x_wconf 87' lang='lat' dir='ltr'>deum</span> <span class='ocrx_word' id='word_1_38' title='bbox 947 926 982 986; x_wconf 92' lang='lat' dir='ltr'>ab</span> <span class='ocrx_word' id='word_1_39' title='bbox 1004 926 1144 999; x_wconf 89' lang='lat' dir='ltr'>homine,</span> <span class='ocrx_word' id='word_1_40' title='bbox 1177 925 1254 987; x_wconf 88' lang='lat' dir='ltr'>satis</span> <span class='ocrx_word' id='word_1_41' title='bbox 1280 943 1352 1006; x_wconf 87' lang='lat' dir='ltr'>per·</span> 
     </span>
     <span class='ocr_line' id='line_1_6' title="bbox 174 1025 1353 1106; baseline -0.001 -17"><span class='ocrx_word' id='word_1_42' title='bbox 174 1047 293 1091; x_wconf 82' lang='lat' dir='ltr'>versum</span> <span class='ocrx_word' id='word_1_43' title='bbox 317 1035 364 1089; x_wconf 87' lang='lat' dir='ltr'>est</span> <span class='ocrx_word' id='word_1_44' title='bbox 385 1036 418 1089; x_wconf 89' lang='lat' dir='ltr'>ut</span> <span class='ocrx_word' id='word_1_45' title='bbox 439 1028 468 1087; x_wconf 89' lang='lat' dir='ltr'>in</span> <span class='ocrx_word' id='word_1_46' title='bbox 497 1027 554 1088; x_wconf 88' lang='lat' dir='ltr'>deo</span> <span class='ocrx_word' id='word_1_47' title='bbox 582 1027 682 1105; x_wconf 90' lang='lat' dir='ltr'>potius</span> <span class='ocrx_word' id='word_1_48' title='bbox 710 1027 838 1088; x_wconf 90' lang='lat' dir='ltr'>bumana</span> <span class='ocrx_word' id='word_1_49' title='bbox 865 1028 1030 1088; x_wconf 85' lang='lat' dir='ltr'>constituas</span> <span class='ocrx_word' id='word_1_50' title='bbox 1057 1044 1144 1106; x_wconf 85' lang='lat' dir='ltr'>quam</span> <span class='ocrx_word' id='word_1_51' title='bbox 1176 1026 1209 1087; x_wconf 87' lang='lat' dir='ltr'>in</span> <span class='ocrx_word' id='word_1_52' title='bbox 1231 1025 1353 1088; x_wconf 79' lang='lat' dir='ltr'>bomine</span> 
     </span>
     <span class='ocr_line' id='line_1_7' title="bbox 175 1126 1352 1209; baseline -0.003 -17"><span class='ocrx_word' id='word_1_53' title='bbox 175 1130 289 1202; x_wconf 85' lang='lat' dir='ltr'>divina,</span> <span class='ocrx_word' id='word_1_54' title='bbox 312 1138 342 1189; x_wconf 87' lang='lat' dir='ltr'>et</span> <span class='ocrx_word' id='word_1_55' title='bbox 362 1128 493 1189; x_wconf 90' lang='lat' dir='ltr'>bominis</span> <span class='ocrx_word' id='word_1_56' title='bbox 510 1127 664 1206; x_wconf 81' lang='lat' dir='ltr'>¹³imagine</span> <span class='ocrx_word' id='word_1_57' title='bbox 685 1128 774 1189; x_wconf 89' lang='lat' dir='ltr'>deum</span> <span class='ocrx_word' id='word_1_58' title='bbox 790 1128 810 1160; x_wconf 75' lang='lat'>¹⁴</span> <span class='ocrx_word' id='word_1_59' title='bbox 819 1128 923 1188; x_wconf 88' lang='lat' dir='ltr'>induas</span> <span class='ocrx_word' id='word_1_60' title='bbox 945 1128 1047 1209; x_wconf 88' lang='lat' dir='ltr'>potius</span> <span class='ocrx_word' id='word_1_61' title='bbox 1069 1145 1158 1206; x_wconf 85' lang='lat' dir='ltr'>quam</span> <span class='ocrx_word' id='word_1_62' title='bbox 1179 1126 1229 1188; x_wconf 89' lang='lat' dir='ltr'>dei</span> <span class='ocrx_word' id='word_1_63' title='bbox 1252 1126 1352 1189; x_wconf 90' lang='lat' dir='ltr'>bomi-</span> 
     </span>
     <span class='ocr_line' id='line_1_8' title="bbox 164 1225 1352 1308; baseline -0.002 -16"><span class='ocrx_word' id='word_1_64' title='bbox 164 1225 254 1294; x_wconf 69' lang='lat' dir='ltr'>bem.</span> <span class='ocrx_word' id='word_1_65' title='bbox 289 1231 326 1291; x_wconf 86' lang='lat' dir='ltr'>Et</span> <span class='ocrx_word' id='word_1_66' title='bbox 347 1231 419 1291; x_wconf 90' lang='lat' dir='ltr'>baec</span> <span class='ocrx_word' id='word_1_67' title='bbox 441 1247 511 1308; x_wconf 89' lang='lat' dir='ltr'>ergo</span> <span class='ocrx_word' id='word_1_68' title='bbox 534 1230 630 1307; x_wconf 82' lang='lat' dir='ltr'>imago</span> <span class='ocrx_word' id='word_1_69' title='bbox 653 1229 803 1289; x_wconf 88' lang='lat' dir='ltr'>censenda</span> <span class='ocrx_word' id='word_1_70' title='bbox 825 1238 872 1290; x_wconf 89' lang='lat' dir='ltr'>est</span> <span class='ocrx_word' id='word_1_71' title='bbox 893 1227 941 1290; x_wconf 93' lang='lat' dir='ltr'>dei</span> <span class='ocrx_word' id='word_1_72' title='bbox 963 1229 993 1290; x_wconf 91' lang='lat' dir='ltr'>in</span> <span class='ocrx_word' id='word_1_73' title='bbox 1016 1227 1153 1301; x_wconf 87' lang='lat' dir='ltr'>bomine,</span> <span class='ocrx_word' id='word_1_74' title='bbox 1176 1228 1259 1307; x_wconf 89' lang='lat' dir='ltr'>quod</span> <span class='ocrx_word' id='word_1_75' title='bbox 1281 1246 1352 1290; x_wconf 88' lang='lat' dir='ltr'>eos·</span> 
     </span>
     <span class='ocr_line' id='line_1_9' title="bbox 176 1328 1352 1408; baseline -0.002 -14"><span class='ocrx_word' id='word_1_76' title='bbox 176 1333 243 1394; x_wconf 88' lang='lat' dir='ltr'>dem</span> <span class='ocrx_word' id='word_1_77' title='bbox 266 1339 365 1392; x_wconf 89' lang='lat' dir='ltr'>motus</span> <span class='ocrx_word' id='word_1_78' title='bbox 388 1341 418 1391; x_wconf 89' lang='lat' dir='ltr'>et</span> <span class='ocrx_word' id='word_1_79' title='bbox 439 1348 546 1391; x_wconf 90' lang='lat' dir='ltr'>sensus</span> <span class='ocrx_word' id='word_1_80' title='bbox 569 1329 677 1390; x_wconf 78' lang='lat' dir='ltr'>habea</span> <span class='ocrx_word' id='word_1_81' title='bbox 697 1330 845 1390; x_wconf 91' lang='lat' dir='ltr'>humanus</span> <span class='ocrx_word' id='word_1_82' title='bbox 874 1329 991 1390; x_wconf 91' lang='lat' dir='ltr'>animus</span> <span class='ocrx_word' id='word_1_83' title='bbox 1014 1347 1091 1408; x_wconf 89' lang='lat' dir='ltr'>quos</span> <span class='ocrx_word' id='word_1_84' title='bbox 1114 1336 1145 1390; x_wconf 89' lang='lat' dir='ltr'>et</span> <span class='ocrx_word' id='word_1_85' title='bbox 1165 1328 1258 1402; x_wconf 90' lang='lat' dir='ltr'>deus,</span> <span class='ocrx_word' id='word_1_86' title='bbox 1287 1328 1352 1392; x_wconf 84' lang='lat' dir='ltr'>licat</span> 
     </span>
     <span class='ocr_line' id='line_1_10' title="bbox 176 1430 1351 1509; baseline -0.003 -14"><span class='ocrx_word' id='word_1_87' title='bbox 176 1452 238 1495; x_wconf 93' lang='lat' dir='ltr'>non</span> <span class='ocrx_word' id='word_1_88' title='bbox 259 1432 332 1493; x_wconf 88' lang='lat' dir='ltr'>tales</span> <span class='ocrx_word' id='word_1_89' title='bbox 355 1431 457 1509; x_wconf 88' lang='lat' dir='ltr'>quales</span> <span class='ocrx_word' id='word_1_90' title='bbox 480 1431 568 1505; x_wconf 79' lang='lat' dir='ltr'>deus3</span> <span class='ocrx_word' id='word_1_91' title='bbox 591 1448 646 1509; x_wconf 88' lang='lat' dir='ltr'>pro</span> <span class='ocrx_word' id='word_1_92' title='bbox 670 1430 835 1491; x_wconf 86' lang='lat' dir='ltr'>substantia</span> <span class='ocrx_word' id='word_1_93' title='bbox 857 1431 936 1492; x_wconf 91' lang='lat' dir='ltr'>enim</span> <span class='ocrx_word' id='word_1_94' title='bbox 959 1437 988 1491; x_wconf 87' lang='lat' dir='ltr'>et</span> <span class='ocrx_word' id='word_1_95' title='bbox 1009 1437 1105 1491; x_wconf 90' lang='lat' dir='ltr'>status</span> <span class='ocrx_word' id='word_1_96' title='bbox 1119 1447 1225 1490; x_wconf 83' lang='lat' dir='ltr'>eorum</span> <span class='ocrx_word' id='word_1_97' title='bbox 1244 1431 1351 1492; x_wconf 76' lang='lat' dir='ltr'>etexi-</span> 
     </span>
     <span class='ocr_line' id='line_1_11' title="bbox 176 1530 1350 1609; baseline -0.003 -13"><span class='ocrx_word' id='word_1_98' title='bbox 176 1544 224 1597; x_wconf 85' lang='lat' dir='ltr'>tus</span> <span class='ocrx_word' id='word_1_99' title='bbox 252 1533 371 1594; x_wconf 86' lang='lat' dir='ltr'>distant.</span> <span class='ocrx_word' id='word_1_100' title='bbox 426 1531 558 1609; x_wconf 87' lang='lat' dir='ltr'>Denique</span> <span class='ocrx_word' id='word_1_101' title='bbox 590 1531 757 1592; x_wconf 86' lang='lat' dir='ltr'>contrarios</span> <span class='ocrx_word' id='word_1_102' title='bbox 782 1530 894 1592; x_wconf 86' lang='lat' dir='ltr'>¹eorum</span> <span class='ocrx_word' id='word_1_103' title='bbox 927 1548 1053 1604; x_wconf 91' lang='lat' dir='ltr'>seusus,</span> <span class='ocrx_word' id='word_1_104' title='bbox 1090 1530 1242 1592; x_wconf 83' lang='lat' dir='ltr'>lenitatem</span> <span class='ocrx_word' id='word_1_105' title='bbox 1275 1531 1350 1606; x_wconf 84' lang='lat' dir='ltr'>dico,</span> 
     </span>
     <span class='ocr_line' id='line_1_12' title="bbox 174 1630 1351 1714; baseline -0.001 -19"><span class='ocrx_word' id='word_1_106' title='bbox 174 1634 361 1714; x_wconf 85' lang='lat' dir='ltr'>patientiam,</span> <span class='ocrx_word' id='word_1_107' title='bbox 399 1632 651 1705; x_wconf 88' lang='lat' dir='ltr'>misericordiam,</span> <span class='ocrx_word' id='word_1_108' title='bbox 681 1632 835 1711; x_wconf 76' lang='lat' dir='ltr'>ipsamque</span> <span class='ocrx_word' id='word_1_109' title='bbox 856 1633 1009 1693; x_wconf 86' lang='lat' dir='ltr'>matricem</span> <span class='ocrx_word' id='word_1_110' title='bbox 1032 1649 1149 1705; x_wconf 85' lang='lat' dir='ltr'>aarum,</span> <span class='ocrx_word' id='word_1_111' title='bbox 1176 1630 1351 1713; x_wconf 76' lang='lat' dir='ltr'>bonitatem,</span> 
     </span>
     <span class='ocr_line' id='line_1_13' title="bbox 177 1731 1353 1813; baseline -0.004 -16"><span class='ocrx_word' id='word_1_112' title='bbox 177 1753 230 1797; x_wconf 88' lang='lat' dir='ltr'>cur</span> <span class='ocrx_word' id='word_1_113' title='bbox 251 1734 348 1795; x_wconf 82' lang='lat' dir='ltr'>divina</span> <span class='ocrx_word' id='word_1_114' title='bbox 370 1731 584 1812; x_wconf 73' lang='lat' dir='ltr'>praesumitis?</span> <span class='ocrx_word' id='word_1_115' title='bbox 625 1733 687 1793; x_wconf 89' lang='lat' dir='ltr'>Nec</span> <span class='ocrx_word' id='word_1_116' title='bbox 714 1741 811 1794; x_wconf 63' lang='lat' dir='ltr'>nmen</span> <span class='ocrx_word' id='word_1_117' title='bbox 840 1733 971 1812; x_wconf 86' lang='lat' dir='ltr'>perlecta</span> <span class='ocrx_word' id='word_1_118' title='bbox 998 1750 1031 1793; x_wconf 90' lang='lat' dir='ltr'>ea</span> <span class='ocrx_word' id='word_1_119' title='bbox 1062 1732 1250 1807; x_wconf 78' lang='lat' dir='ltr'>obtinemus,</span> <span class='ocrx_word' id='word_1_120' title='bbox 1285 1732 1353 1813; x_wconf 79' lang='lat' dir='ltr'>quia</span> 
     </span>
     <span class='ocr_line' id='line_1_14' title="bbox 177 1832 1352 1914; baseline -0.001 -17"><span class='ocrx_word' id='word_1_121' title='bbox 177 1835 259 1897; x_wconf 92' lang='lat' dir='ltr'>solus</span> <span class='ocrx_word' id='word_1_122' title='bbox 282 1835 357 1895; x_wconf 91' lang='lat' dir='ltr'>deus</span> <span class='ocrx_word' id='word_1_123' title='bbox 379 1836 540 1913; x_wconf 84' lang='lat' dir='ltr'>perlectus.</span> <span class='ocrx_word' id='word_1_124' title='bbox 584 1833 626 1895; x_wconf 87' lang='lat' dir='ltr'>lta</span> <span class='ocrx_word' id='word_1_125' title='bbox 650 1842 679 1893; x_wconf 90' lang='lat' dir='ltr'>et</span> <span class='ocrx_word' id='word_1_126' title='bbox 701 1832 766 1894; x_wconf 91' lang='lat' dir='ltr'>illas</span> <span class='ocrx_word' id='word_1_127' title='bbox 789 1834 921 1912; x_wconf 87' lang='lat' dir='ltr'>species,</span> <span class='ocrx_word' id='word_1_128' title='bbox 946 1832 1033 1894; x_wconf 78' lang='lat' dir='ltr'>¹⁵irae</span> <span class='ocrx_word' id='word_1_129' title='bbox 1055 1833 1121 1893; x_wconf 88' lang='lat' dir='ltr'>dico</span> <span class='ocrx_word' id='word_1_130' title='bbox 1144 1840 1173 1893; x_wconf 87' lang='lat' dir='ltr'>et</span> <span class='ocrx_word' id='word_1_131' title='bbox 1198 1833 1352 1914; x_wconf 77' lang='lat' dir='ltr'>¹⁰exaspe·</span> 
     </span>
     <span class='ocr_line' id='line_1_15' title="bbox 176 1932 1353 2014; baseline -0.001 -17"><span class='ocrx_word' id='word_1_132' title='bbox 176 1935 317 2008; x_wconf 84' lang='lat' dir='ltr'>rationis,</span> <span class='ocrx_word' id='word_1_133' title='bbox 341 1953 401 1995; x_wconf 92' lang='lat' dir='ltr'>non</span> <span class='ocrx_word' id='word_1_134' title='bbox 423 1942 484 1995; x_wconf 88' lang='lat' dir='ltr'>tam</span> <span class='ocrx_word' id='word_1_135' title='bbox 506 1933 629 1995; x_wconf 88' lang='lat' dir='ltr'>leliciter</span> <span class='ocrx_word' id='word_1_136' title='bbox 650 1932 795 2012; x_wconf 88' lang='lat' dir='ltr'>patimur,</span> <span class='ocrx_word' id='word_1_137' title='bbox 819 1935 887 2014; x_wconf 89' lang='lat' dir='ltr'>quia</span> <span class='ocrx_word' id='word_1_138' title='bbox 911 1934 993 1995; x_wconf 90' lang='lat' dir='ltr'>solus</span> <span class='ocrx_word' id='word_1_139' title='bbox 1012 1933 1089 1994; x_wconf 89' lang='lat' dir='ltr'>deus</span> <span class='ocrx_word' id='word_1_140' title='bbox 1112 1933 1149 1994; x_wconf 92' lang='lat' dir='ltr'>de</span> <span class='ocrx_word' id='word_1_141' title='bbox 1171 1933 1353 2014; x_wconf 76' lang='lat' dir='ltr'>incompti·</span> 
     </span>
     <span class='ocr_line' id='line_1_16' title="bbox 176 2034 1383 2116; baseline 0 -18"><span class='ocrx_word' id='word_1_142' title='bbox 176 2036 297 2098; x_wconf 90' lang='lat' dir='ltr'>bilitatis</span> <span class='ocrx_word' id='word_1_143' title='bbox 319 2035 500 2116; x_wconf 80' lang='lat' dir='ltr'>proprietate</span> <span class='ocrx_word' id='word_1_144' title='bbox 523 2035 601 2095; x_wconf 84' lang='lat' dir='ltr'>lelix.</span> <span class='ocrx_word' id='word_1_145' title='bbox 646 2034 795 2096; x_wconf 84' lang='lat' dir='ltr'>Irascetur</span> <span class='ocrx_word' id='word_1_146' title='bbox 824 2035 920 2109; x_wconf 91' lang='lat' dir='ltr'>enim,</span> <span class='ocrx_word' id='word_1_147' title='bbox 954 2035 1006 2095; x_wconf 90' lang='lat' dir='ltr'>sed</span> <span class='ocrx_word' id='word_1_148' title='bbox 1035 2053 1095 2095; x_wconf 93' lang='lat' dir='ltr'>non</span> <span class='ocrx_word' id='word_1_149' title='bbox 1118 2035 1353 2112; x_wconf 82' lang='lat' dir='ltr'>exacerbabitur,</span> <span class='ocrx_word' id='word_1_150' title='bbox 1380 2085 1383 2090; x_wconf 92' lang='lat'><em>.</em></span> 
     </span>
     <span class='ocr_line' id='line_1_17' title="bbox 177 2134 1353 2215; baseline 0 -17"><span class='ocrx_word' id='word_1_151' title='bbox 177 2138 231 2198; x_wconf 88' lang='lat' dir='ltr'>sed</span> <span class='ocrx_word' id='word_1_152' title='bbox 252 2155 313 2196; x_wconf 93' lang='lat' dir='ltr'>nou</span> <span class='ocrx_word' id='word_1_153' title='bbox 335 2136 565 2215; x_wconf 81' lang='lat' dir='ltr'>periclitabitur3</span> <span class='ocrx_word' id='word_1_154' title='bbox 599 2135 780 2209; x_wconf 86' lang='lat' dir='ltr'>movebitur,</span> <span class='ocrx_word' id='word_1_155' title='bbox 805 2137 858 2197; x_wconf 90' lang='lat' dir='ltr'>sed</span> <span class='ocrx_word' id='word_1_156' title='bbox 882 2154 942 2196; x_wconf 92' lang='lat' dir='ltr'>non</span> <span class='ocrx_word' id='word_1_157' title='bbox 965 2143 1123 2196; x_wconf 84' lang='lat' dir='ltr'>evertetur.</span> <span class='ocrx_word' id='word_1_158' title='bbox 1168 2134 1277 2197; x_wconf 77' lang='lat' dir='ltr'>Omnia</span> <span class='ocrx_word' id='word_1_159' title='bbox 1298 2155 1353 2198; x_wconf 84' lang='lat' dir='ltr'>ne·</span> 
     </span>
     <span class='ocr_line' id='line_1_18' title="bbox 177 2233 1354 2315; baseline 0.002 -17"><span class='ocrx_word' id='word_1_160' title='bbox 177 2255 263 2298; x_wconf 89' lang='lat' dir='ltr'>cesse</span> <span class='ocrx_word' id='word_1_161' title='bbox 279 2244 325 2298; x_wconf 90' lang='lat' dir='ltr'>est</span> <span class='ocrx_word' id='word_1_162' title='bbox 342 2236 480 2297; x_wconf 86' lang='lat' dir='ltr'>adhibeat</span> <span class='ocrx_word' id='word_1_163' title='bbox 493 2245 618 2315; x_wconf 92' lang='lat' dir='ltr'>propter</span> <span class='ocrx_word' id='word_1_164' title='bbox 633 2237 748 2312; x_wconf 82' lang='lat' dir='ltr'>omnia3</span> <span class='ocrx_word' id='word_1_165' title='bbox 771 2244 817 2298; x_wconf 89' lang='lat' dir='ltr'>tot</span> <span class='ocrx_word' id='word_1_166' title='bbox 831 2233 941 2298; x_wconf 73' lang='lat' dir='ltr'>sensus</span> <span class='ocrx_word' id='word_1_167' title='bbox 957 2245 1030 2315; x_wconf 89' lang='lat' dir='ltr'>quot</span> <span class='ocrx_word' id='word_1_168' title='bbox 1045 2244 1073 2297; x_wconf 89' lang='lat' dir='ltr'>ct</span> <span class='ocrx_word' id='word_1_169' title='bbox 1088 2254 1211 2308; x_wconf 78' lang='lat' dir='ltr'>causas3</span> <span class='ocrx_word' id='word_1_170' title='bbox 1235 2246 1266 2298; x_wconf 89' lang='lat' dir='ltr'>at</span> <span class='ocrx_word' id='word_1_171' title='bbox 1280 2237 1354 2300; x_wconf 81' lang='lat' dir='ltr'>iram</span> 
     </span>
     <span class='ocr_line' id='line_1_19' title="bbox 175 2334 1354 2418; baseline 0.005 -22"><span class='ocrx_word' id='word_1_172' title='bbox 175 2344 298 2414; x_wconf 88' lang='lat' dir='ltr'>propter</span> <span class='ocrx_word' id='word_1_173' title='bbox 326 2334 487 2408; x_wconf 90' lang='lat' dir='ltr'>scelestos,</span> <span class='ocrx_word' id='word_1_174' title='bbox 526 2337 579 2397; x_wconf 87' lang='lat' dir='ltr'>¹⁷et</span> <span class='ocrx_word' id='word_1_175' title='bbox 606 2336 694 2397; x_wconf 91' lang='lat' dir='ltr'>bilem</span> <span class='ocrx_word' id='word_1_176' title='bbox 722 2345 847 2418; x_wconf 90' lang='lat' dir='ltr'>propter</span> <span class='ocrx_word' id='word_1_177' title='bbox 880 2338 1029 2415; x_wconf 87' lang='lat' dir='ltr'>ingratos,</span> <span class='ocrx_word' id='word_1_178' title='bbox 1062 2345 1091 2398; x_wconf 88' lang='lat' dir='ltr'>et</span> <span class='ocrx_word' id='word_1_179' title='bbox 1124 2337 1354 2402; x_wconf 76' lang='lat' dir='ltr'>aemulationem</span> 
     </span>
     <span class='ocr_line' id='line_1_20' title="bbox 175 2435 1352 2517; baseline 0.005 -21"><span class='ocrx_word' id='word_1_180' title='bbox 175 2443 298 2515; x_wconf 89' lang='lat' dir='ltr'>propter</span> <span class='ocrx_word' id='word_1_181' title='bbox 320 2435 481 2514; x_wconf 90' lang='lat' dir='ltr'>superbos,</span> <span class='ocrx_word' id='word_1_182' title='bbox 506 2444 535 2496; x_wconf 89' lang='lat' dir='ltr'>ct</span> <span class='ocrx_word' id='word_1_183' title='bbox 557 2437 696 2515; x_wconf 87' lang='lat' dir='ltr'>quicquid</span> <span class='ocrx_word' id='word_1_184' title='bbox 719 2457 780 2500; x_wconf 92' lang='lat' dir='ltr'>non</span> <span class='ocrx_word' id='word_1_185' title='bbox 803 2439 921 2517; x_wconf 87' lang='lat' dir='ltr'>expedit</span> <span class='ocrx_word' id='word_1_186' title='bbox 942 2438 1038 2499; x_wconf 84' lang='lat' dir='ltr'>malis.</span> <span class='ocrx_word' id='word_1_187' title='bbox 1079 2438 1129 2507; x_wconf 87' lang='lat' dir='ltr'>Sic</span> <span class='ocrx_word' id='word_1_188' title='bbox 1151 2446 1181 2499; x_wconf 88' lang='lat' dir='ltr'>et</span> <span class='ocrx_word' id='word_1_189' title='bbox 1205 2438 1352 2502; x_wconf 79' lang='lat' dir='ltr'>¹·miseri·</span> 
     </span>
     <span class='ocr_line' id='line_1_21' title="bbox 176 2538 1351 2619; baseline 0.003 -21"><span class='ocrx_word' id='word_1_190' title='bbox 176 2538 305 2598; x_wconf 87' lang='lat' dir='ltr'>cordiam</span> <span class='ocrx_word' id='word_1_191' title='bbox 328 2543 452 2615; x_wconf 90' lang='lat' dir='ltr'>propter</span> <span class='ocrx_word' id='word_1_192' title='bbox 475 2546 624 2610; x_wconf 85' lang='lat' dir='ltr'>errantes,</span> <span class='ocrx_word' id='word_1_193' title='bbox 648 2549 678 2599; x_wconf 88' lang='lat' dir='ltr'>et</span> <span class='ocrx_word' id='word_1_194' title='bbox 700 2538 869 2618; x_wconf 89' lang='lat' dir='ltr'>patientiam</span> <span class='ocrx_word' id='word_1_195' title='bbox 885 2548 1009 2618; x_wconf 86' lang='lat' dir='ltr'>propter</span> <span class='ocrx_word' id='word_1_196' title='bbox 1024 2557 1083 2599; x_wconf 94' lang='lat' dir='ltr'>non</span> <span class='ocrx_word' id='word_1_197' title='bbox 1102 2538 1351 2619; x_wconf 76' lang='lat' dir='ltr'>¹⁰resipiscentes,¹</span> 
     </span>
     <span class='ocr_line' id='line_1_22' title="bbox 178 2637 1352 2722; baseline 0.005 -24"><span class='ocrx_word' id='word_1_198' title='bbox 178 2646 208 2699; x_wconf 91' lang='lat' dir='ltr'>et</span> <span class='ocrx_word' id='word_1_199' title='bbox 234 2637 444 2717; x_wconf 89' lang='lat' dir='ltr'>praestantiam</span> <span class='ocrx_word' id='word_1_200' title='bbox 473 2647 597 2718; x_wconf 86' lang='lat' dir='ltr'>propter</span> <span class='ocrx_word' id='word_1_201' title='bbox 626 2641 806 2714; x_wconf 71' lang='lat' dir='ltr'>merentesl’,</span> <span class='ocrx_word' id='word_1_202' title='bbox 842 2648 870 2701; x_wconf 88' lang='lat' dir='ltr'>et</span> <span class='ocrx_word' id='word_1_203' title='bbox 898 2639 1037 2722; x_wconf 82' lang='lat' dir='ltr'>quicquid</span> <span class='ocrx_word' id='word_1_204' title='bbox 1064 2639 1152 2700; x_wconf 89' lang='lat' dir='ltr'>bonis</span> <span class='ocrx_word' id='word_1_205' title='bbox 1187 2659 1266 2720; x_wconf 87' lang='lat' dir='ltr'>opus</span> <span class='ocrx_word' id='word_1_206' title='bbox 1299 2647 1352 2704; x_wconf 82' lang='lat' dir='ltr'>est.</span> 
     </span>
     <span class='ocr_line' id='line_1_23' title="bbox 178 2738 1354 2824; baseline 0.004 -25"><span class='ocrx_word' id='word_1_207' title='bbox 178 2739 261 2811; x_wconf 85' lang='lat' dir='ltr'>Quae</span> <span class='ocrx_word' id='word_1_208' title='bbox 288 2739 387 2799; x_wconf 90' lang='lat' dir='ltr'>omnia</span> <span class='ocrx_word' id='word_1_209' title='bbox 416 2738 525 2818; x_wconf 89' lang='lat' dir='ltr'>patitur</span> <span class='ocrx_word' id='word_1_210' title='bbox 546 2758 602 2800; x_wconf 93' lang='lat' dir='ltr'>suo</span> <span class='ocrx_word' id='word_1_211' title='bbox 630 2758 729 2814; x_wconf 92' lang='lat' dir='ltr'>more,</span> <span class='ocrx_word' id='word_1_212' title='bbox 764 2759 824 2821; x_wconf 89' lang='lat' dir='ltr'>quo</span> <span class='ocrx_word' id='word_1_213' title='bbox 853 2759 921 2801; x_wconf 92' lang='lat' dir='ltr'>eum</span> <span class='ocrx_word' id='word_1_214' title='bbox 948 2742 1009 2820; x_wconf 89' lang='lat' dir='ltr'>pati</span> <span class='ocrx_word' id='word_1_215' title='bbox 1037 2740 1198 2814; x_wconf 86' lang='lat' dir='ltr'>condecet,</span> <span class='ocrx_word' id='word_1_216' title='bbox 1230 2741 1354 2824; x_wconf 80' lang='lat' dir='ltr'>propter</span> 
     </span>
     <span class='ocr_line' id='line_1_24' title="bbox 178 2840 1036 2933; baseline 0.001 -31"><span class='ocrx_word' id='word_1_217' title='bbox 178 2858 266 2920; x_wconf 88' lang='lat' dir='ltr'>quem</span> <span class='ocrx_word' id='word_1_218' title='bbox 288 2840 379 2900; x_wconf 91' lang='lat' dir='ltr'>bomo</span> <span class='ocrx_word' id='word_1_219' title='bbox 403 2840 505 2911; x_wconf 87' lang='lat' dir='ltr'>cadem</span> <span class='ocrx_word' id='word_1_220' title='bbox 527 2840 638 2920; x_wconf 89' lang='lat' dir='ltr'>patitur</span> <span class='ocrx_word' id='word_1_221' title='bbox 660 2860 754 2921; x_wconf 88' lang='lat' dir='ltr'>aeque</span> <span class='ocrx_word' id='word_1_222' title='bbox 776 2860 832 2904; x_wconf 92' lang='lat' dir='ltr'>suo</span> <span class='ocrx_word' id='word_1_223' title='bbox 856 2860 950 2904; x_wconf 90' lang='lat' dir='ltr'>more.</span> <span class='ocrx_word' id='word_1_224' title='bbox 1030 2922 1036 2933; x_wconf 58' lang='lat'>,</span> 
     </span>
    </p>

    <p class='ocr_par' dir='ltr' id='par_1_3' title="bbox 142 2941 1383 3329">
     <span class='ocr_line' id='line_1_25' title="bbox 142 2941 1383 3031; baseline 0.007 -31"><span class='ocrx_word' id='word_1_225' title='bbox 142 2955 159 3000; x_wconf 87' lang='lat' dir='ltr'>t.</span> <span class='ocrx_word' id='word_1_226' title='bbox 262 2941 341 3002; x_wconf 90' lang='lat' dir='ltr'>llaec</span> <span class='ocrx_word' id='word_1_227' title='bbox 357 2941 413 3002; x_wconf 83' lang='lat' dir='ltr'>¹ita</span> <span class='ocrx_word' id='word_1_228' title='bbox 434 2942 566 3021; x_wconf 84' lang='lat' dir='ltr'>dispecta</span> <span class='ocrx_word' id='word_1_229' title='bbox 590 2951 684 3003; x_wconf 85' lang='lat' dir='ltr'>totum</span> <span class='ocrx_word' id='word_1_230' title='bbox 707 2944 843 3004; x_wconf 90' lang='lat' dir='ltr'>ordinem</span> <span class='ocrx_word' id='word_1_231' title='bbox 865 2943 913 3003; x_wconf 86' lang='lat' dir='ltr'>dei</span> <span class='ocrx_word' id='word_1_232' title='bbox 935 2943 1040 3004; x_wconf 90' lang='lat' dir='ltr'>iudicis</span> <span class='ocrx_word' id='word_1_233' title='bbox 1063 2943 1233 3022; x_wconf 89' lang='lat' dir='ltr'>operarium</span> <span class='ocrx_word' id='word_1_234' title='bbox 1255 2953 1302 3019; x_wconf 87' lang='lat' dir='ltr'>et,</span> <span class='ocrx_word' id='word_1_235' title='bbox 1321 2950 1355 3009; x_wconf 85' lang='lat' dir='ltr'>nt</span> <span class='ocrx_word' id='word_1_236' title='bbox 1379 3022 1383 3031; x_wconf 33' lang='grc' dir='ltr'>Ι</span> 
     </span>
     <span class='ocr_line' id='line_1_26' title="bbox 177 3041 1354 3122; baseline 0.006 -20"><span class='ocrx_word' id='word_1_237' title='bbox 177 3041 295 3122; x_wconf 88' lang='lat' dir='ltr'>dignius</span> <span class='ocrx_word' id='word_1_238' title='bbox 317 3042 458 3115; x_wconf 87' lang='lat' dir='ltr'>dixerim,</span> <span class='ocrx_word' id='word_1_239' title='bbox 480 3051 681 3122; x_wconf 89' lang='lat' dir='ltr'>protectorem</span> <span class='ocrx_word' id='word_1_240' title='bbox 703 3044 881 3105; x_wconf 84' lang='lat' dir='ltr'>catholicae·</span> <span class='ocrx_word' id='word_1_241' title='bbox 904 3052 934 3104; x_wconf 89' lang='lat' dir='ltr'>et</span> <span class='ocrx_word' id='word_1_242' title='bbox 955 3062 1088 3106; x_wconf 90' lang='lat' dir='ltr'>summae</span> <span class='ocrx_word' id='word_1_243' title='bbox 1111 3044 1189 3105; x_wconf 92' lang='lat' dir='ltr'>illius</span> <span class='ocrx_word' id='word_1_244' title='bbox 1212 3044 1354 3109; x_wconf 77' lang='lat' dir='ltr'>bonitatis</span> 
     </span>
     <span class='ocr_line' id='line_1_27' title="bbox 178 3144 1380 3223; baseline 0.004 -17"><span class='ocrx_word' id='word_1_245' title='bbox 178 3144 340 3206; x_wconf 84' lang='lat' dir='ltr'>ostendunt</span> <span class='ocrx_word' id='word_1_246' title='bbox 366 3163 453 3223; x_wconf 85' lang='lat' dir='ltr'>quam</span> <span class='ocrx_word' id='word_1_247' title='bbox 486 3153 631 3205; x_wconf 88' lang='lat' dir='ltr'>semotam</span> <span class='ocrx_word' id='word_1_248' title='bbox 661 3163 678 3205; x_wconf 91' lang='lat' dir='ltr'>a</span> <span class='ocrx_word' id='word_1_249' title='bbox 706 3144 869 3206; x_wconf 90' lang='lat' dir='ltr'>iudiciariis</span> <span class='ocrx_word' id='word_1_250' title='bbox 897 3144 1036 3206; x_wconf 89' lang='lat' dir='ltr'>sensibus</span> <span class='ocrx_word' id='word_1_251' title='bbox 1070 3152 1100 3205; x_wconf 84' lang='lat' dir='ltr'>ct</span> <span class='ocrx_word' id='word_1_252' title='bbox 1130 3145 1160 3204; x_wconf 92' lang='lat' dir='ltr'>in</span> <span class='ocrx_word' id='word_1_253' title='bbox 1188 3164 1244 3206; x_wconf 90' lang='lat' dir='ltr'>suo</span> <span class='ocrx_word' id='word_1_254' title='bbox 1275 3146 1380 3211; x_wconf 68' lang='lat' dir='ltr'>stom</span> 
     </span>
     <span class='ocr_line' id='line_1_28' title="bbox 177 3244 1354 3329; baseline 0.003 -22"><span class='ocrx_word' id='word_1_255' title='bbox 177 3264 281 3325; x_wconf 93' lang='lat' dir='ltr'>puram</span> <span class='ocrx_word' id='word_1_256' title='bbox 304 3244 411 3305; x_wconf 90' lang='lat' dir='ltr'>uolunt</span> <span class='ocrx_word' id='word_1_257' title='bbox 424 3245 614 3306; x_wconf 79' lang='lat' dir='ltr'>Marcionitae</span> <span class='ocrx_word' id='word_1_258' title='bbox 637 3245 667 3305; x_wconf 92' lang='lat' dir='ltr'>in</span> <span class='ocrx_word' id='word_1_259' title='bbox 689 3246 796 3306; x_wconf 91' lang='lat' dir='ltr'>eodem</span> <span class='ocrx_word' id='word_1_260' title='bbox 817 3245 874 3306; x_wconf 91' lang='lat' dir='ltr'>deo</span> <span class='ocrx_word' id='word_1_261' title='bbox 897 3263 1074 3324; x_wconf 85' lang='lat' dir='ltr'>agnoscere,</span> <span class='ocrx_word' id='word_1_262' title='bbox 1097 3245 1249 3324; x_wconf 88' lang='lat' dir='ltr'>pluentem</span> <span class='ocrx_word' id='word_1_263' title='bbox 1264 3264 1354 3329; x_wconf 84' lang='lat' dir='ltr'>supet·</span> 
     </span>
    </p>

    <p class='ocr_par' dir='ltr' id='par_1_4' title="bbox 141 3345 1383 3733">
     <span class='ocr_line' id='line_1_29' title="bbox 141 3345 1354 3423; baseline 0.003 -18"><span class='ocrx_word' id='word_1_264' title='bbox 141 3346 278 3406; x_wconf 79' lang='lat' dir='ltr'>¹⁵·bonos</span> <span class='ocrx_word' id='word_1_265' title='bbox 301 3353 332 3404; x_wconf 90' lang='lat' dir='ltr'>et</span> <span class='ocrx_word' id='word_1_266' title='bbox 352 3345 446 3406; x_wconf 90' lang='lat' dir='ltr'>malos</span> <span class='ocrx_word' id='word_1_267' title='bbox 469 3356 499 3406; x_wconf 89' lang='lat' dir='ltr'>et</span> <span class='ocrx_word' id='word_1_268' title='bbox 520 3346 613 3407; x_wconf 91' lang='lat' dir='ltr'>solem</span> <span class='ocrx_word' id='word_1_269' title='bbox 637 3364 723 3408; x_wconf 90' lang='lat' dir='ltr'>suum</span> <span class='ocrx_word' id='word_1_270' title='bbox 747 3345 820 3405; x_wconf 88' lang='lat' dir='ltr'>oriri</span> <span class='ocrx_word' id='word_1_271' title='bbox 842 3345 999 3406; x_wconf 80' lang='lat' dir='ltr'>facientem</span> <span class='ocrx_word' id='word_1_272' title='bbox 1021 3364 1112 3423; x_wconf 91' lang='lat' dir='ltr'>super</span> <span class='ocrx_word' id='word_1_273' title='bbox 1134 3346 1232 3408; x_wconf 87' lang='lat' dir='ltr'>iustos</span> <span class='ocrx_word' id='word_1_274' title='bbox 1254 3354 1287 3408; x_wconf 84' lang='lat' dir='ltr'>ct</span> <span class='ocrx_word' id='word_1_275' title='bbox 1304 3347 1354 3409; x_wconf 89' lang='lat' dir='ltr'>iu-</span> 
     </span>
     <span class='ocr_line' id='line_1_30' title="bbox 178 3443 1383 3528; baseline 0.005 -23"><span class='ocrx_word' id='word_1_276' title='bbox 178 3444 290 3517; x_wconf 91' lang='lat' dir='ltr'>iustos,</span> <span class='ocrx_word' id='word_1_277' title='bbox 315 3443 394 3521; x_wconf 92' lang='lat' dir='ltr'>quod</span> <span class='ocrx_word' id='word_1_278' title='bbox 417 3443 491 3505; x_wconf 89' lang='lat' dir='ltr'>alius</span> <span class='ocrx_word' id='word_1_279' title='bbox 515 3446 589 3507; x_wconf 87' lang='lat' dir='ltr'>deus</span> <span class='ocrx_word' id='word_1_280' title='bbox 613 3446 733 3507; x_wconf 92' lang='lat' dir='ltr'>omnino</span> <span class='ocrx_word' id='word_1_281' title='bbox 756 3464 817 3506; x_wconf 92' lang='lat' dir='ltr'>non</span> <span class='ocrx_word' id='word_1_282' title='bbox 839 3454 980 3527; x_wconf 88' lang='lat' dir='ltr'>praestat.</span> <span class='ocrx_word' id='word_1_283' title='bbox 1021 3446 1094 3507; x_wconf 88' lang='lat' dir='ltr'>Nam</span> <span class='ocrx_word' id='word_1_284' title='bbox 1117 3447 1174 3507; x_wconf 91' lang='lat' dir='ltr'>etsi</span> <span class='ocrx_word' id='word_1_285' title='bbox 1196 3448 1255 3509; x_wconf 92' lang='lat' dir='ltr'>boc</span> <span class='ocrx_word' id='word_1_286' title='bbox 1277 3464 1383 3528; x_wconf 85' lang='lat' dir='ltr'>qno·,</span> 
     </span>
     <span class='ocr_line' id='line_1_31' title="bbox 178 3543 1357 3625; baseline 0.004 -18"><span class='ocrx_word' id='word_1_287' title='bbox 178 3564 236 3625; x_wconf 89' lang='lat' dir='ltr'>que</span> <span class='ocrx_word' id='word_1_288' title='bbox 258 3543 462 3606; x_wconf 88' lang='lat' dir='ltr'>testimonium</span> <span class='ocrx_word' id='word_1_289' title='bbox 485 3543 594 3606; x_wconf 84' lang='lat' dir='ltr'>Cbristi</span> <span class='ocrx_word' id='word_1_290' title='bbox 617 3547 646 3607; x_wconf 90' lang='lat' dir='ltr'>in</span> <span class='ocrx_word' id='word_1_291' title='bbox 669 3553 833 3607; x_wconf 85' lang='lat' dir='ltr'>creatorem</span> <span class='ocrx_word' id='word_1_292' title='bbox 848 3547 978 3608; x_wconf 91' lang='lat' dir='ltr'>lllarcion</span> <span class='ocrx_word' id='word_1_293' title='bbox 1001 3548 1038 3608; x_wconf 91' lang='lat' dir='ltr'>de</span> <span class='ocrx_word' id='word_1_294' title='bbox 1059 3546 1209 3625; x_wconf 80' lang='lat' dir='ltr'>cvangelio</span> <span class='ocrx_word' id='word_1_295' title='bbox 1233 3549 1357 3613; x_wconf 75' lang='lat' dir='ltr'>eradere</span> 
     </span>
     <span class='ocr_line' id='line_1_32' title="bbox 177 3637 1357 3726; baseline 0.006 -20"><span class='ocrx_word' id='word_1_296' title='bbox 177 3664 267 3707; x_wconf 89' lang='lat' dir='ltr'>ausus</span> <span class='ocrx_word' id='word_1_297' title='bbox 291 3653 354 3716; x_wconf 91' lang='lat' dir='ltr'>cst,</span> <span class='ocrx_word' id='word_1_298' title='bbox 387 3643 440 3704; x_wconf 90' lang='lat' dir='ltr'>sed</span> <span class='ocrx_word' id='word_1_299' title='bbox 463 3643 528 3721; x_wconf 88' lang='lat' dir='ltr'>ipse</span> <span class='ocrx_word' id='word_1_300' title='bbox 548 3637 678 3708; x_wconf 90' lang='lat' dir='ltr'>mundus</span> <span class='ocrx_word' id='word_1_301' title='bbox 701 3646 862 3726; x_wconf 88' lang='lat' dir='ltr'>inscriptus</span> <span class='ocrx_word' id='word_1_302' title='bbox 885 3648 951 3708; x_wconf 82' lang='lat' dir='ltr'>estb</span> <span class='ocrx_word' id='word_1_303' title='bbox 979 3655 1009 3709; x_wconf 90' lang='lat' dir='ltr'>et</span> <span class='ocrx_word' id='word_1_304' title='bbox 1029 3647 1110 3708; x_wconf 90' lang='lat' dir='ltr'>omni</span> <span class='ocrx_word' id='word_1_305' title='bbox 1133 3666 1149 3707; x_wconf 92' lang='lat' dir='ltr'>a</span> <span class='ocrx_word' id='word_1_306' title='bbox 1172 3649 1357 3713; x_wconf 69' lang='lat' dir='ltr'>conscientie</span> 
     </span>
    </p>
   </div>
   <div class='ocr_carea' id='block_1_3' title="bbox 178 3796 1362 4129">
    <p class='ocr_par' dir='ltr' id='par_1_5' title="bbox 178 3796 1362 4067">
     <span class='ocr_line' id='line_1_33' title="bbox 180 3796 1362 3866; baseline 0.007 -21"><span class='ocrx_word' id='word_1_307' title='bbox 180 3796 219 3846; x_wconf 80' lang='lat'>12.</span> <span class='ocrx_word' id='word_1_308' title='bbox 239 3796 472 3847; x_wconf 78' lang='lat' dir='ltr'>ernonanomllt.</span> <span class='ocrx_word' id='word_1_309' title='bbox 527 3796 755 3860; x_wconf 64' lang='lat' dir='ltr'>taionnacus.</span> <span class='ocrx_word' id='word_1_310' title='bbox 817 3799 857 3849; x_wconf 78' lang='lat' dir='ltr'>ll.</span> <span class='ocrx_word' id='word_1_311' title='bbox 876 3800 1021 3852; x_wconf 78' lang='lat' dir='ltr'>induasdll.</span> <span class='ocrx_word' id='word_1_312' title='bbox 1066 3801 1271 3866; x_wconf 78' lang='lat' dir='ltr'>imbnssrelipsi.</span> <span class='ocrx_word' id='word_1_313' title='bbox 1315 3798 1362 3853; x_wconf 57' lang='lat' dir='ltr'>t&amp;</span> 
     </span>
     <span class='ocr_line' id='line_1_34' title="bbox 178 3862 1356 3932; baseline 0.006 -19"><span class='ocrx_word' id='word_1_314' title='bbox 178 3865 228 3913; x_wconf 84' lang='lat' dir='ltr'>iras</span> <span class='ocrx_word' id='word_1_315' title='bbox 246 3864 300 3913; x_wconf 92' lang='lat' dir='ltr'>dico</span> <span class='ocrx_word' id='word_1_316' title='bbox 319 3865 385 3912; x_wconf 78' lang='lat' dir='ltr'>obed.</span> <span class='ocrx_word' id='word_1_317' title='bbox 422 3862 536 3925; x_wconf 87' lang='lat' dir='ltr'>praedico</span> <span class='ocrx_word' id='word_1_318' title='bbox 555 3865 617 3915; x_wconf 75' lang='lat' dir='ltr'>llic.</span> <span class='ocrx_word' id='word_1_319' title='bbox 671 3865 710 3916; x_wconf 85' lang='lat' dir='ltr'>to.</span> <span class='ocrx_word' id='word_1_320' title='bbox 729 3868 938 3932; x_wconf 75' lang='lat' dir='ltr'>exasperationeis&#39;</span> <span class='ocrx_word' id='word_1_321' title='bbox 958 3869 981 3918; x_wconf 81' lang='lat' dir='ltr'>G.</span> <span class='ocrx_word' id='word_1_322' title='bbox 1016 3869 1214 3930; x_wconf 81' lang='lat' dir='ltr'>exasperationas</span> <span class='ocrx_word' id='word_1_323' title='bbox 1231 3868 1279 3929; x_wconf 77' lang='lat' dir='ltr'><em>(B).</em></span> <span class='ocrx_word' id='word_1_324' title='bbox 1315 3868 1356 3921; x_wconf 77' lang='grc' dir='ltr'>Π.</span> 
     </span>
     <span class='ocr_line' id='line_1_35' title="bbox 178 3930 1358 3994; baseline 0.007 -15"><span class='ocrx_word' id='word_1_325' title='bbox 178 3930 367 3980; x_wconf 76' lang='lat' dir='ltr'>exacerbabilem</span> <span class='ocrx_word' id='word_1_326' title='bbox 387 3939 488 3994; x_wconf 90' lang='lat' dir='ltr'>propter</span> <span class='ocrx_word' id='word_1_327' title='bbox 504 3933 564 3981; x_wconf 84' lang='lat' dir='ltr'>liber</span> <span class='ocrx_word' id='word_1_328' title='bbox 580 3934 719 3983; x_wconf 67' lang='lat' dir='ltr'>corsiensis.</span> <span class='ocrx_word' id='word_1_329' title='bbox 753 3936 781 3985; x_wconf 80' lang='lat' dir='ltr'>bl</span> <span class='ocrx_word' id='word_1_330' title='bbox 799 3937 833 3985; x_wconf 84' lang='lat' dir='ltr'>its</span> <span class='ocrx_word' id='word_1_331' title='bbox 850 3937 922 3985; x_wconf 84' lang='lat' dir='ltr'>coluit</span> <span class='ocrx_word' id='word_1_332' title='bbox 940 3938 978 3985; x_wconf 85' lang='lat' dir='ltr'>edi</span> <span class='ocrx_word' id='word_1_333' title='bbox 996 3935 1079 3984; x_wconf 81' lang='lat' dir='ltr'>Beatus</span> <span class='ocrx_word' id='word_1_334' title='bbox 1094 3936 1231 3986; x_wconf 74' lang='lat' dir='ltr'>lllsensntss:</span> <span class='ocrx_word' id='word_1_335' title='bbox 1260 3942 1285 3986; x_wconf 78' lang='lat' dir='ltr'>et</span> <span class='ocrx_word' id='word_1_336' title='bbox 1302 3940 1358 3987; x_wconf 75' lang='lat' dir='ltr'>nb·</span> 
     </span>
     <span class='ocr_line' id='line_1_36' title="bbox 178 3997 1091 4067; baseline 0.004 -21"><span class='ocrx_word' id='word_1_337' title='bbox 178 3997 252 4047; x_wconf 84' lang='lat' dir='ltr'>bilem</span> <span class='ocrx_word' id='word_1_338' title='bbox 272 3998 315 4047; x_wconf 80' lang='lat' dir='ltr'>lb.</span> <span class='ocrx_word' id='word_1_339' title='bbox 371 3997 409 4047; x_wconf 83' lang='grc'>18.</span> <span class='ocrx_word' id='word_1_340' title='bbox 428 3999 508 4047; x_wconf 84' lang='lat' dir='ltr'>omnia</span> <span class='ocrx_word' id='word_1_341' title='bbox 527 3999 551 4047; x_wconf 84' lang='lat' dir='ltr'>B.</span> <span class='ocrx_word' id='word_1_342' title='bbox 589 4003 712 4050; x_wconf 80' lang='lat' dir='ltr'>omnial.</span> <span class='ocrx_word' id='word_1_343' title='bbox 768 4002 806 4051; x_wconf 85' lang='lat'>19.</span> <span class='ocrx_word' id='word_1_344' title='bbox 826 4004 983 4067; x_wconf 85' lang='lat' dir='ltr'>respicientes</span> <span class='ocrx_word' id='word_1_345' title='bbox 1000 4002 1091 4052; x_wconf 72' lang='lat' dir='ltr'>lacot.</span> 
     </span>
    </p>

    <p class='ocr_par' dir='ltr' id='par_1_6' title="bbox 247 4065 836 4129">
     <span class='ocr_line' id='line_1_37' title="bbox 247 4065 836 4129; baseline 0.008 -15"><span class='ocrx_word' id='word_1_346' title='bbox 247 4065 306 4128; x_wconf 85' lang='lat' dir='ltr'>Cap.</span> <span class='ocrx_word' id='word_1_347' title='bbox 324 4065 393 4115; x_wconf 84' lang='lat' dir='ltr'>lll&#39;ll.</span> <span class='ocrx_word' id='word_1_348' title='bbox 430 4066 452 4115; x_wconf 90' lang='lat' dir='ltr'>l.</span> <span class='ocrx_word' id='word_1_349' title='bbox 471 4067 552 4129; x_wconf 82' lang='lat' dir='ltr'>itaque</span> <span class='ocrx_word' id='word_1_350' title='bbox 570 4069 606 4116; x_wconf 85' lang='lat' dir='ltr'>cd.</span> <span class='ocrx_word' id='word_1_351' title='bbox 629 4069 749 4119; x_wconf 77' lang='lat' dir='ltr'>Vaticanus</span> <span class='ocrx_word' id='word_1_352' title='bbox 766 4085 836 4119; x_wconf 80' lang='lat' dir='ltr'>uuas.</span> 
     </span>
    </p>
   </div>
   <div class='ocr_carea' id='block_1_4' title="bbox 177 4196 1382 4604">
    <p class='ocr_par' dir='ltr' id='par_1_7' title="bbox 177 4196 1382 4604">
     <span class='ocr_line' id='line_1_38' title="bbox 211 4196 1358 4269; baseline 0.01 -24"><span class='ocrx_word' id='word_1_353' title='bbox 211 4197 418 4261; x_wconf 80' lang='lat' dir='ltr'>bpraestantiam</span> <span class='ocrx_word' id='word_1_354' title='bbox 433 4206 533 4263; x_wconf 88' lang='lat' dir='ltr'>propter</span> <span class='ocrx_word' id='word_1_355' title='bbox 543 4196 676 4266; x_wconf 80' lang='lat' dir='ltr'>merentes]</span> <span class='ocrx_word' id='word_1_356' title='bbox 690 4203 741 4260; x_wconf 79' lang='lat' dir='ltr'>Qua</span> <span class='ocrx_word' id='word_1_357' title='bbox 792 4204 924 4253; x_wconf 83' lang='lat' dir='ltr'>bonitatem</span> <span class='ocrx_word' id='word_1_358' title='bbox 942 4204 1042 4268; x_wconf 83' lang='lat' dir='ltr'>proprie</span> <span class='ocrx_word' id='word_1_359' title='bbox 1061 4205 1147 4268; x_wconf 81' lang='lat' dir='ltr'>accipit</span> <span class='ocrx_word' id='word_1_360' title='bbox 1173 4218 1219 4267; x_wconf 84' lang='lat' dir='ltr'>pro</span> <span class='ocrx_word' id='word_1_361' title='bbox 1246 4218 1276 4253; x_wconf 77' lang='lat' dir='ltr'>es</span> <span class='ocrx_word' id='word_1_362' title='bbox 1293 4216 1358 4269; x_wconf 73' lang='lat' dir='ltr'>qm</span> 
     </span>
     <span class='ocr_line' id='line_1_39' title="bbox 177 4265 1369 4335; baseline 0.01 -21"><span class='ocrx_word' id='word_1_363' title='bbox 177 4265 272 4314; x_wconf 85' lang='lat' dir='ltr'>scilicet</span> <span class='ocrx_word' id='word_1_364' title='bbox 289 4274 395 4329; x_wconf 81' lang='lat' dir='ltr'>praestat</span> <span class='ocrx_word' id='word_1_365' title='bbox 419 4267 526 4329; x_wconf 85' lang='lat' dir='ltr'>praemia</span> <span class='ocrx_word' id='word_1_366' title='bbox 550 4265 586 4314; x_wconf 88' lang='lat' dir='ltr'>rel</span> <span class='ocrx_word' id='word_1_367' title='bbox 614 4269 741 4330; x_wconf 82' lang='lat' dir='ltr'>supplicis.</span> <span class='ocrx_word' id='word_1_368' title='bbox 792 4286 838 4335; x_wconf 86' lang='lat' dir='ltr'>per</span> <span class='ocrx_word' id='word_1_369' title='bbox 854 4279 930 4320; x_wconf 86' lang='lat' dir='ltr'>totum</span> <span class='ocrx_word' id='word_1_370' title='bbox 949 4273 1033 4321; x_wconf 85' lang='lat' dir='ltr'>orbem</span> <span class='ocrx_word' id='word_1_371' title='bbox 1060 4280 1179 4322; x_wconf 81' lang='lat' dir='ltr'>terrarum</span> <span class='ocrx_word' id='word_1_372' title='bbox 1204 4270 1292 4322; x_wconf 75' lang='lat' dir='ltr'>dilium</span> <span class='ocrx_word' id='word_1_373' title='bbox 1310 4278 1369 4325; x_wconf 66' lang='lat' dir='ltr'>et.</span> 
     </span>
     <span class='ocr_line' id='line_1_40' title="bbox 178 4332 944 4399; baseline 0.007 -17"><span class='ocrx_word' id='word_1_374' title='bbox 178 4332 285 4394; x_wconf 80' lang='lat' dir='ltr'>(Rigalt.)</span> <span class='ocrx_word' id='word_1_375' title='bbox 330 4333 381 4382; x_wconf 83' lang='lat' dir='ltr'>Pari</span> <span class='ocrx_word' id='word_1_376' title='bbox 413 4335 547 4395; x_wconf 80' lang='lat' dir='ltr'>signtucun</span> <span class='ocrx_word' id='word_1_377' title='bbox 576 4332 741 4397; x_wconf 77' lang='lat' dir='ltr'>pr&#39;certoalicm</span> <span class='ocrx_word' id='word_1_378' title='bbox 792 4338 944 4399; x_wconf 73' lang='lat' dir='ltr'>(Panotios.)</span> 
     </span>
     <span class='ocr_line' id='line_1_41' title="bbox 178 4399 1358 4475; baseline 0.008 -27"><span class='ocrx_word' id='word_1_379' title='bbox 178 4401 261 4464; x_wconf 88' lang='lat' dir='ltr'>posuit</span> <span class='ocrx_word' id='word_1_380' title='bbox 272 4399 305 4448; x_wconf 84' lang='lat' dir='ltr'>lie</span> <span class='ocrx_word' id='word_1_381' title='bbox 317 4400 455 4449; x_wconf 80' lang='lat' dir='ltr'>leionldv.</span> <span class='ocrx_word' id='word_1_382' title='bbox 468 4401 551 4462; x_wconf 74' lang='lat' dir='ltr'>l‘sycb.</span> <span class='ocrx_word' id='word_1_383' title='bbox 563 4402 638 4465; x_wconf 83' lang='lat' dir='ltr'>rap&#39;l</span> <span class='ocrx_word' id='word_1_384' title='bbox 659 4407 740 4463; x_wconf 78' lang='lat' dir='ltr'>„circa</span> <span class='ocrx_word' id='word_1_385' title='bbox 826 4406 850 4455; x_wconf 92' lang='lat' dir='ltr'>b.</span> <span class='ocrx_word' id='word_1_386' title='bbox 875 4406 917 4455; x_wconf 87' lang='lat' dir='ltr'>sed</span> <span class='ocrx_word' id='word_1_387' title='bbox 942 4408 994 4470; x_wconf 88' lang='lat' dir='ltr'>ipss</span> <span class='ocrx_word' id='word_1_388' title='bbox 1018 4406 1123 4456; x_wconf 88' lang='lat' dir='ltr'>mundns</span> <span class='ocrx_word' id='word_1_389' title='bbox 1147 4407 1280 4470; x_wconf 85' lang='lat' dir='ltr'>inscriptus</span> <span class='ocrx_word' id='word_1_390' title='bbox 1305 4400 1358 4475; x_wconf 79' lang='lat' dir='ltr'>est}</span> 
     </span>
     <span class='ocr_line' id='line_1_42' title="bbox 179 4467 1359 4530; baseline 0.008 -14"><span class='ocrx_word' id='word_1_391' title='bbox 179 4468 300 4517; x_wconf 88' lang='lat' dir='ltr'>somnium</span> <span class='ocrx_word' id='word_1_392' title='bbox 315 4469 379 4529; x_wconf 85' lang='lat' dir='ltr'>regis</span> <span class='ocrx_word' id='word_1_393' title='bbox 392 4467 519 4530; x_wconf 79' lang='lat' dir='ltr'>babylonis</span> <span class='ocrx_word' id='word_1_394' title='bbox 538 4483 623 4518; x_wconf 83' lang='lat' dir='ltr'>omnes</span> <span class='ocrx_word' id='word_1_395' title='bbox 641 4473 740 4521; x_wconf 86' lang='lat' dir='ltr'>turban-</span> <span class='ocrx_word' id='word_1_396' title='bbox 791 4472 914 4523; x_wconf 73' lang='lat' dir='ltr'>catholica</span> <span class='ocrx_word' id='word_1_397' title='bbox 935 4475 975 4524; x_wconf 84' lang='lat' dir='ltr'>illa</span> <span class='ocrx_word' id='word_1_398' title='bbox 994 4481 1017 4523; x_wconf 89' lang='lat' dir='ltr'>et</span> <span class='ocrx_word' id='word_1_399' title='bbox 1035 4488 1128 4524; x_wconf 87' lang='lat' dir='ltr'>summa</span> <span class='ocrx_word' id='word_1_400' title='bbox 1146 4474 1185 4523; x_wconf 92' lang='lat' dir='ltr'>dei</span> <span class='ocrx_word' id='word_1_401' title='bbox 1203 4474 1298 4524; x_wconf 82' lang='lat' dir='ltr'>bonitas</span> <span class='ocrx_word' id='word_1_402' title='bbox 1317 4475 1359 4525; x_wconf 76' lang='lat' dir='ltr'>i!-</span> 
     </span>
     <span class='ocr_line' id='line_1_43' title="bbox 179 4535 1382 4604; baseline 0.006 -20"><span class='ocrx_word' id='word_1_403' title='bbox 179 4543 219 4584; x_wconf 88' lang='lat' dir='ltr'>tor</span> <span class='ocrx_word' id='word_1_404' title='bbox 236 4535 368 4598; x_wconf 83' lang='lat' dir='ltr'>sophistae,</span> <span class='ocrx_word' id='word_1_405' title='bbox 387 4544 476 4597; x_wconf 78' lang='lat' dir='ltr'>negsnt</span> <span class='ocrx_word' id='word_1_406' title='bbox 494 4535 556 4585; x_wconf 87' lang='lat' dir='ltr'>ultro</span> <span class='ocrx_word' id='word_1_407' title='bbox 575 4539 604 4586; x_wconf 85' lang='lat' dir='ltr'>de</span> <span class='ocrx_word' id='word_1_408' title='bbox 618 4546 740 4603; x_wconf 81' lang='lat' dir='ltr'>praesten-</span> <span class='ocrx_word' id='word_1_409' title='bbox 790 4541 882 4602; x_wconf 81' lang='lat' dir='ltr'>scripta</span> <span class='ocrx_word' id='word_1_410' title='bbox 907 4549 944 4591; x_wconf 88' lang='lat' dir='ltr'>est</span> <span class='ocrx_word' id='word_1_411' title='bbox 968 4542 991 4591; x_wconf 92' lang='lat' dir='ltr'>in</span> <span class='ocrx_word' id='word_1_412' title='bbox 1015 4543 1098 4591; x_wconf 89' lang='lat' dir='ltr'>mnndi</span> <span class='ocrx_word' id='word_1_413' title='bbox 1122 4542 1220 4592; x_wconf 83' lang='lat' dir='ltr'>tsbnlls.</span> <span class='ocrx_word' id='word_1_414' title='bbox 1247 4538 1357 4604; x_wconf 74' lang='lat' dir='ltr'>tlligalt.)</span> <span class='ocrx_word' id='word_1_415' title='bbox 1379 4586 1382 4591; x_wconf 93' lang='lat'>.</span> 
     </span>
    </p>
   </div>
   <div class='ocr_carea' id='block_1_5' title="bbox 179 4604 1383 4737">
    <p class='ocr_par' dir='ltr' id='par_1_8' title="bbox 179 4604 1383 4737">
     <span class='ocr_line' id='line_1_44' title="bbox 179 4604 1383 4675; baseline 0.008 -24"><span class='ocrx_word' id='word_1_416' title='bbox 179 4604 213 4652; x_wconf 85' lang='lat' dir='ltr'>tic</span> <span class='ocrx_word' id='word_1_417' title='bbox 231 4604 330 4653; x_wconf 80' lang='lat' dir='ltr'>bornaco</span> <span class='ocrx_word' id='word_1_418' title='bbox 349 4618 423 4667; x_wconf 84' lang='lat' dir='ltr'>possa</span> <span class='ocrx_word' id='word_1_419' title='bbox 441 4605 582 4663; x_wconf 85' lang='lat' dir='ltr'>cognosci.“</span> <span class='ocrx_word' id='word_1_420' title='bbox 789 4607 940 4659; x_wconf 80' lang='lat' dir='ltr'>Testimonio</span> <span class='ocrx_word' id='word_1_421' title='bbox 972 4608 1016 4660; x_wconf 89' lang='lat' dir='ltr'>illo</span> <span class='ocrx_word' id='word_1_422' title='bbox 1050 4610 1182 4675; x_wconf 88' lang='lat' dir='ltr'>inscriptos</span> <span class='ocrx_word' id='word_1_423' title='bbox 1216 4616 1254 4660; x_wconf 81' lang='lat' dir='ltr'>est</span> <span class='ocrx_word' id='word_1_424' title='bbox 1282 4622 1383 4661; x_wconf 58' lang='lat' dir='ltr'>mel-³1</span> 
     </span>
     <span class='ocr_line' id='line_1_45' title="bbox 213 4667 845 4737; baseline 0.008 -17"><span class='ocrx_word' id='word_1_425' title='bbox 213 4669 272 4734; x_wconf 76' lang='lat' dir='ltr'>Cep.</span> <span class='ocrx_word' id='word_1_426' title='bbox 290 4671 359 4721; x_wconf 84' lang='lat' dir='ltr'>lllll.</span> <span class='ocrx_word' id='word_1_427' title='bbox 386 4686 408 4720; x_wconf 86' lang='lat' dir='ltr'>a.</span> <span class='ocrx_word' id='word_1_428' title='bbox 428 4667 572 4737; x_wconf 80' lang='lat' dir='ltr'>catholicae]</span> <span class='ocrx_word' id='word_1_429' title='bbox 591 4672 739 4725; x_wconf 78' lang='lat' dir='ltr'>catholicam</span> <span class='ocrx_word' id='word_1_430' title='bbox 790 4674 845 4726; x_wconf 85' lang='lat' dir='ltr'>dns.</span> 
     </span>
    </p>
   </div>
   <div class='ocr_carea' id='block_1_6' title="bbox 0 0 1632 5775">
    <p class='ocr_par' dir='ltr' id='par_1_9' title="bbox 0 0 1632 5775">
     <span class='ocr_line' id='line_1_46' title="bbox 0 0 1632 5775; baseline 0 0"><span class='ocrx_word' id='word_1_431' title='bbox 0 0 1632 5775; x_wconf 95' lang='lat' dir='ltr'> </span> 
     </span>
    </p>
   </div>
  </div>
 </body>
</html>
