3242 5775
564 537 570 567 l

315 665 378 738 654
572 681 675 735 omurt
696 678 829 724 saaraim
851 677 1016 721 rsoaarrrts
1039 676 1236 720 rsaraccrarn

316 849 346 902 et
367 823 490 916 simplex
515 842 544 894 ct
564 831 654 893 hrere
676 827 802 891 carceris
826 826 970 900 taedium,
1002 826 1137 905 quando,
1167 827 1245 888 etsi
1270 842 1373 905 corpus
1391 834 1451 884 suun
1491 861 1498 872 .

164 938 488 1004 roasxinsoradiutsset
509 932 710 1005 exurendum,
732 929 805 991 nihil
829 928 1049 1008 ¹³prolecisset,
1073 927 1264 988 dilectionem
1282 927 1329 989 dei
1350 942 1401 987 nou
1416 919 1454 983 ht·

314 1041 408 1112 heus,
432 1036 516 1098 cuius
539 1031 715 1095 charismata
740 1030 886 1109 “quoque
909 1027 1093 1108 expugnarit.
1126 1028 1201 1089 Nam
1216 1027 1295 1090 idem
1312 1020 1457 1103 maelmi-

317 1156 440 1219 scopum
456 1135 652 1206 Romanuml,
676 1133 912 1212 ¹⁰agnoscentem
935 1130 992 1190 iam
1007 1129 1181 1209 prophetias
1197 1130 1340 1203 Montani,
1360 1128 1460 1191 Priscae,
1505 1166 1518 1176 .-

315 1237 504 1307 Maximillae,
542 1243 572 1295 et
600 1254 633 1295 ex
663 1252 696 1294 ea
725 1231 876 1311 agnitione
903 1250 1005 1311 paoem
1034 1231 1168 1293 ecclesiis
1189 1231 1277 1294 Asiae
1299 1239 1330 1293 et
1350 1226 1462 1310 Phrygiae

316 1342 506 1411 inferentem,
530 1336 602 1397 lalsa
625 1335 661 1395 de
682 1332 757 1413 ipsis
779 1332 935 1411 prophetis
951 1341 980 1394 et
994 1332 1128 1394 ecclesiis
1143 1351 1246 1395 eorum
1264 1332 1283 1364 ¹⁷
1291 1326 1464 1394 adseverando

318 1450 349 1504 et
368 1454 596 1521 praecessorum
619 1434 682 1495 eius
705 1434 895 1496 auctoritates
918 1433 1103 1495 defendendo
1127 1434 1225 1513 coegit
1239 1443 1271 1496 et
1283 1434 1395 1496 litteras
1408 1428 1465 1513 parit

318 1557 459 1605 revocare
489 1539 547 1600 iam
575 1537 701 1598 emissas
730 1543 761 1596 et
788 1554 803 1595 a
832 1531 989 1615 proposito
1018 1534 1256 1615 recipiendorum
1284 1535 1467 1597 charismatum

258 1674 260 1677 ·
322 1644 537 1705 “concessare
585 1637 628 1699 lta
657 1636 716 1697 duo
747 1636 865 1715 negotia
893 1636 1001 1697 diaboli
1024 1635 1151 1697 Praxeas
1174 1637 1286 1698 Romae
1316 1632 1469 1717 procuravi·

319 1741 506 1825 prophetiam
539 1738 650 1818 expulit
682 1744 712 1797 et
743 1738 891 1798 haeresim
924 1737 1038 1809 intulit,
1087 1737 1291 1817 ¹⁹paracletum
1326 1736 1472 1818 lugaritat

321 1853 436 1925 patrem
470 1839 621 1903 crucifixit.
674 1836 923 1899 ¹⁰Fruticaverant
956 1858 1065 1901 arenae
1095 1838 1263 1901 Praxeanae
1297 1840 1348 1901 hic
1378 1855 1473 1920 quoqu

209 1947 296 2044 xlfflssgy
322 1941 591 2026 superseminatae,
629 1938 846 1999 dormientibus
878 1939 1006 2000 ²¹multis
1040 1940 1070 1999 in
1105 1940 1291 2024 simplicitate
1329 1942 1476 2010 doctrinam

258 2030 265 2052 '
296 2026 490 2108 ‘traductae‘
511 2042 627 2113 dehinc,
649 2057 704 2119 per
726 2057 812 2118 quem
837 2039 910 2100 deus
932 2040 1041 2114 voluit,
1065 2040 1152 2101 etiam
1175 2042 1294 2103 evulsae
1310 2042 1476 2106 ridebantur.
1520 2059 1522 2065 ·

321 2145 453 2226 Denique
475 2151 590 2206 caverat
610 2140 768 2220 pristinum
791 2139 916 2201 docturi
944 2141 980 2202 de
1003 2141 1210 2203 emendatione
1237 2162 1309 2216 sua,
1342 2152 1373 2205 et
1399 2149 1479 2206 manet

323 2244 550 2326 chirographum
573 2242 650 2321 apud
672 2239 874 2320 ”psychicum
898 2242 974 2322 apud
999 2262 1073 2322 quos
1096 2253 1166 2304 tune
1187 2252 1269 2323 gesta
1289 2264 1340 2306 res
1357 2256 1418 2320 est3
1439 2262 1478 2306 ex·

325 2347 393 2411 inde
415 2345 575 2409 silentium.
619 2343 657 2403 Et
678 2360 734 2402 nos
758 2342 876 2420 quidem
905 2353 1010 2422 postea
1039 2344 1149 2422 agnitio
1172 2346 1308 2424 paracleti
1333 2356 1420 2426 atque
1440 2346 1479 2407 de·

325 2449 422 2512 lensio
454 2445 596 2508 disiunxit
626 2462 643 2504 a
669 2442 855 2522 'lpsyohicis
910 2444 1025 2505 hyenae
1057 2464 1126 2506 voro
1159 2445 1228 2508 illae
1256 2445 1398 2529 ”ubique
1427 2456 1482 2510 tuac

325 2533 456 2612 ”semen
481 2552 682 2609 excusserant.
717 2544 758 2605 tta
780 2543 958 2623 aliquamdiu
980 2564 1035 2625 per
1055 2544 1254 2627 ²‘hypocrisin
1278 2549 1404 2612 subdola
1417 2549 1482 2610 vira·

326 2651 411 2713 citata
433 2647 571 2720 latitavit,
601 2654 631 2706 et
652 2663 732 2706 nunc
753 2645 850 2707 denuo
873 2646 980 2727 erupit.
1030 2645 1088 2708 Sed
1117 2657 1147 2709 et
1169 2649 1267 2711 denuo
1292 2651 1484 2718 eradicabitur.

215 2736 308 2839 χῗῆῗξό,
328 2750 352 2813 si
375 2748 502 2810 coluerit
522 2745 671 2818 dominus,
694 2746 724 2807 in
747 2747 806 2808 isto
822 2752 1021 2821 commeatu⁶3
1045 2748 1274 2828 siquominus,
1299 2752 1347 2813 die
1364 2770 1419 2814 suo
1433 2749 1485 2813 aot-

325 2853 456 2932 ligentur
477 2865 581 2910 omnes
603 2845 782 2908 ”adulterae
804 2848 919 2927 lruges,
955 2857 985 2911 et
1011 2869 1077 2912 cum
1101 2851 1207 2913 ceteris
1236 2852 1385 2917 scandalis
1411 2849 1488 2933 ”igni

326 2949 540 3030 inextinguibili
562 2947 779 3010 cremabuntur.
1454 2951 1462 2957 '

221 3079 312 3134 mpii.
413 3055 514 3132 ltaque
536 3058 607 3131 post
629 3057 747 3129 tempus
770 3057 855 3129 pater
882 3059 967 3114 natus
996 3062 1025 3114 et
1052 3064 1136 3133 pater
1163 3074 1288 3137 passus,
1324 3056 1390 3136 ipse
1417 3057 1492 3127 deur,

330 3156 467 3217 domiuus
491 3152 696 3232 omnipotens,
717 3150 803 3211 lesus
820 3150 956 3213 Christus
979 3156 1173 3233 praedicatur.
1207 3157 1269 3218 Nos
1286 3177 1359 3221 vero
1375 3170 1405 3222 et
1419 3178 1492 3221 sem·

329 3274 383 3338 per
404 3264 434 3317 et
454 3272 533 3316 nunc
554 3253 666 3333 magis,
690 3260 722 3313 ut
744 3252 967 3329 ¹instructiores
990 3275 1045 3335 per
1064 3256 1276 3335 'paracletum
1309 3259 1493 3323 deductorem

327 3357 439 3421 scilicet
460 3355 558 3417 omnis
581 3353 738 3428 veritatis³,
766 3355 884 3416 unicum
907 3356 1026 3435 quidem
1055 3357 1142 3419 deum
1171 3360 1333 3436 credimus,
1359 3360 1423 3443 ,suh
1443 3361 1497 3422 hac

332 3545 371 3597 13.
390 3545 534 3609 paniseisset
552 3542 658 3593 mareas
713 3541 1006 3607 transmutaverint.
1061 3543 1099 3593 15.
1119 3545 1233 3595 christum
1254 3547 1361 3598 lcareat.
1402 3564 1457 3615 xpm
1474 3551 1497 3599 l.

329 3615 395 3667 Laid.
430 3612 561 3674 „Crispum
579 3610 615 3660 rel
635 3610 761 3659 Priscum‘·
779 3613 804 3659 ia
821 3612 847 3660 t.
866 3611 990 3674 adscripsit
1007 3625 1037 3660 ss.
1052 3627 1097 3662 sec.
1154 3613 1192 3663 16.
1210 3616 1377 3675 ignoscentem
1394 3620 1420 3669 Δ.
1438 3618 1497 3668 Μ.

330 3684 436 3734 haereat.
492 3679 530 3728 l'l.
549 3677 697 3726 adservanda
716 3682 740 3726 Α.
759 3679 823 3727 leid.
841 3678 947 3728 taureas.
982 3680 1256 3732 asserendorum.
1302 3682 1341 3733 18.
1363 3687 1500 3737 cessares.

330 3750 393 3800 leid.
413 3748 520 3798 laurent.
580 3744 618 3793 ts.
639 3744 780 3806 paraclitum
799 3747 824 3794 l.
860 3744 955 3809 illique.
1013 3744 1055 3795 20.
1080 3749 1247 3798 fruticaverant
1265 3752 1303 3800 cd.
1352 3750 1501 3803 fractilerxnt

292 3832 299 3847 ·
329 3818 356 3867 Δ.
374 3816 438 3865 Lcid.
456 3815 563 3864 horeat.
599 3813 799 3861 fructificaverunt
815 3814 908 3877 reliqui.
967 3811 1008 3862 tt.
1028 3814 1129 3864 multam
1148 3818 1256 3866 laurent.
1313 3816 1355 3868 22.
1376 3822 1500 3885 psychicos

331 3884 366 3932 cd.
385 3884 459 3932 codex
476 3880 665 3929 Paterniaceasis.
709 3879 821 3941 physicos
838 3881 913 3929 stat.
932 3881 995 3930 teta.
1015 3882 1120 3932 laurent.
1140 3884 1278 3934 Gorcieacic.
1331 3885 1373 3937 23.
1400 3889 1502 3953 physicis

330 3948 488 3998 strattona.
507 3947 613 3995 laurent.
633 3946 759 3996 Potentiae.
779 3948 846 3997 Gora.
883 3946 924 3997 tt.
943 3948 1025 4011 utique
1043 3951 1075 4009 d.,
1096 3966 1146 3999 cum
1160 3952 1344 4003 Falriollrsiso.
1387 3952 1429 4005 25.
1447 3969 1502 4005 ssa·

331 4023 395 4063 ctum
406 4013 513 4062 hocsem.
557 4010 597 4062 26.
617 4013 873 4075 tipoersstntaareor.
909 4015 1054 4078 hypocrisim
1072 4019 1097 4066 Α.
1117 4018 1180 4068 leid.
1221 4017 1262 4068 ll.
1280 4021 1378 4071 adaltse
1396 4028 1422 4074 t.
1440 4024 1502 4075 leid.

331 4080 438 4132 Laarcot.
467 4080 549 4129 habat
566 4078 623 4129 reri.
638 4081 781 4130 ciacconius.
833 4081 873 4131 28.
893 4083 946 4144 igne
965 4090 1011 4132 tres
1034 4085 1135 4136 Vaticani
1152 4094 1173 4136 et
1190 4087 1298 4138 laurent

400 4147 459 4210 Cap.
478 4145 506 4194 ll.
545 4147 566 4196 l.
585 4148 737 4197 instruamus
754 4151 779 4198 t.
797 4150 862 4200 teia.
915 4147 939 4198 2.
957 4152 1105 4214 paraclytum
1126 4154 1295 4204 deductionem
1313 4156 1384 4207 Lacr.

365 4282 389 4328 h.
413 4281 554 4343 episcopum
585 4277 732 4347 Romanum]
764 4283 891 4343 Victorem,
943 4286 1111 4336 emendatione
1128 4302 1172 4337 sua
1191 4297 1292 4347 careret,
1310 4291 1441 4353 pristlautn
1460 4293 1505 4341 do·

332 4363 403 4412 quem
422 4348 890 4402 indicareridaturstiamauctarliballi
943 4361 1002 4412 ctor,
1031 4361 1171 4414 ut,.cetera
1189 4356 1302 4405 Graius.¹‘
1321 4358 1429 4419 (Rigalt.)
1469 4353 1505 4408 Τὸ

331 4416 387 4465 tte.
407 4415 496 4463 Omnes
515 4416 585 4466 llaer.
605 4433 656 4481 cap.
668 4414 692 4466 8.
942 4410 1060 4485 ἀρχαῖον
1077 4412 1253 4485 η’σφαλίζετο,
1281 4425 1389 4475 [omneis
1407 4427 1506 4487 locutio,

366 4500 386 4532 c.
405 4479 539 4547 traductae]
561 4483 724 4533 llaailestatae
741 4486 891 4536 confutatae·
942 4502 987 4550 pro
1006 4503 1035 4537 eo
1060 4490 1124 4553 quod
1151 4499 1195 4549 cat,
1224 4491 1409 4543 confirmaverat
1431 4509 1459 4544 ss
1482 4495 1507 4544 in

238 4548 244 4561 '
333 4565 386 4615 quc.
406 4549 565 4609 (inluniae.)
598 4552 634 4601 (Il.
653 4553 707 4601 ada.
726 4553 808 4622 adlla
827 4553 890 4616 Fuga
942 4556 1025 4617 priore
1043 4556 1152 4605 doctriua
1176 4571 1363 4620 permansuram
1387 4571 1412 4611 st
1429 4576 1442 4611 a
1461 4576 1507 4612 uo·

332 4618 356 4668 ia
376 4617 495 4666 Persecut
515 4632 567 4680 cap.
578 4618 601 4666 2.
943 4624 1037 4671 ratione
1054 4625 1230 4674 abstenturum.
1247 4626 1296 4683 (Fr.
1307 4626 1413 4689 leuitas.)

366 4684 389 4733 d⁴
408 4692 502 4733 eaverm
519 4687 645 4746 pristinum
670 4683 765 4749 docter]
790 4687 893 4737 Praxeas
978 4705 999 4738 e.
1018 4689 1165 4753 commeatu]
1185 4693 1210 4742 ld
1229 4697 1372 4758 cstspatio.
1408 4696 1446 4746 Cl.
1464 4696 1509 4747 atl-

332 4759 421 4800 mutata
449 4753 566 4799 sententia
593 4754 717 4814 pristinam
748 4754 891 4814 doctrinam,
942 4763 1002 4806 nott.
1021 4757 1049 4805 ad
1069 4757 1102 4807 lle
1120 4760 1184 4820 Fuga
1203 4761 1226 4809 in
1245 4759 1368 4812 Persecut.
1386 4764 1474 4827 capii.

332 4819 356 4866 lr.
367 4834 388 4866 a.
402 4827 505 4867 vetarem
519 4826 543 4866 et
554 4833 642 4879 reram,
661 4820 765 4881 colebat,
782 4821 892 4886 adeoque
977 4821 1035 4888 Cap.
1054 4823 1083 4875 tt.
1115 4841 1136 4875 a.
1155 4826 1312 4878 deductorem
1322 4830 1417 4880 scilicet
1428 4834 1513 4883 omnis

332 4885 442 4945 docebat,
462 4886 535 4935 immo
554 4894 577 4935 et
594 4900 640 4950 per
656 4887 843 4952 chirographum
862 4889 891 4939 de
942 4886 1059 4957 raritatis]
1090 4891 1125 4941 ct.
1145 4892 1200 4943 adu.
1219 4894 1249 4946 ad
1266 4894 1302 4946 Ile
1320 4896 1386 4959 fuga
1405 4898 1429 4948 iu
1447 4897 1512 4950 Per·
