<?xml version="1.0" encoding="UTF-8"?>
<!DOCTYPE html PUBLIC "-//W3C//DTD XHTML 1.0 Transitional//EN"
    "http://www.w3.org/TR/xhtml1/DTD/xhtml1-transitional.dtd">
<html xmlns="http://www.w3.org/1999/xhtml" xml:lang="en" lang="en">
 <head>
  <title>
</title>
<meta http-equiv="Content-Type" content="text/html;charset=utf-8" />
  <meta name='ocr-system' content='tesseract 3.04.00' />
  <meta name='ocr-capabilities' content='ocr_page ocr_carea ocr_par ocr_line ocrx_word'/>
</head>
<body>
  <div class='ocr_page' id='page_1' title='image "./quaesupersuntom00oehlgoog_0031.png"; bbox 0 0 3242 5775; ppageno 0'>
   <div class='ocr_carea' id='block_1_1' title="bbox 526 683 1408 757">
    <p class='ocr_par' dir='ltr' id='par_1_1' title="bbox 526 683 1408 757">
     <span class='ocr_line' id='line_1_1' title="bbox 526 683 1408 757; baseline 0.025 -29"><span class='ocrx_word' id='word_1_1' title='bbox 526 683 567 729; x_wconf 84' lang='lat' dir='ltr'>uu</span> <span class='ocrx_word' id='word_1_2' title='bbox 590 685 847 734; x_wconf 81' lang='lat' dir='ltr'>ussuscumrronu</span> <span class='ocrx_word' id='word_1_3' title='bbox 868 690 1106 742; x_wconf 75' lang='lat' dir='ltr'>namurcensis.</span> <span class='ocrx_word' id='word_1_4' title='bbox 1369 693 1408 757; x_wconf 80' lang='lat'>21</span> 
     </span>
    </p>
   </div>
   <div class='ocr_carea' id='block_1_2' title="bbox 214 832 1529 1129">
    <p class='ocr_par' dir='ltr' id='par_1_2' title="bbox 214 832 1529 1129">
     <span class='ocr_line' id='line_1_2' title="bbox 219 832 1410 935; baseline 0.024 -43"><span class='ocrx_word' id='word_1_5' title='bbox 219 832 350 895; x_wconf 61' lang='lat' dir='ltr'>testulus</span> <span class='ocrx_word' id='word_1_6' title='bbox 380 834 477 897; x_wconf 83' lang='lat' dir='ltr'>stabit</span> <span class='ocrx_word' id='word_1_7' title='bbox 506 853 597 898; x_wconf 90' lang='lat' dir='ltr'>omne</span> <span class='ocrx_word' id='word_1_8' title='bbox 625 836 758 928; x_wconf 78' lang='lat' dir='ltr'>verbnm.</span> <span class='ocrx_word' id='word_1_9' title='bbox 807 839 1023 919; x_wconf 77' lang='lat' dir='ltr'><strong>Ignoraverunt</strong></span> <span class='ocrx_word' id='word_1_10' title='bbox 1047 843 1147 927; x_wconf 88' lang='lat' dir='ltr'>itaque</span> <span class='ocrx_word' id='word_1_11' title='bbox 1174 857 1204 912; x_wconf 90' lang='lat' dir='ltr'>et</span> <span class='ocrx_word' id='word_1_12' title='bbox 1229 852 1272 915; x_wconf 90' lang='lat' dir='ltr'>illi</span> <span class='ocrx_word' id='word_1_13' title='bbox 1301 857 1410 935; x_wconf 76' lang='lat' dir='ltr'>guibon</span> 
     </span>
     <span class='ocr_line' id='line_1_3' title="bbox 215 938 1403 1030; baseline 0.022 -36"><span class='ocrx_word' id='word_1_14' title='bbox 215 943 287 1013; x_wconf 90' lang='lat' dir='ltr'>post</span> <span class='ocrx_word' id='word_1_15' title='bbox 305 938 567 999; x_wconf 68' lang='lat' dir='ltr'>resurrectionem</span> <span class='ocrx_word' id='word_1_16' title='bbox 589 956 709 1018; x_wconf 88' lang='lat' dir='ltr'>quoque</span> <span class='ocrx_word' id='word_1_17' title='bbox 732 939 790 1001; x_wconf 87' lang='lat' dir='ltr'>¹⁷in</span> <span class='ocrx_word' id='word_1_18' title='bbox 812 941 920 1004; x_wconf 87' lang='lat' dir='ltr'>itinere</span> <span class='ocrx_word' id='word_1_19' title='bbox 941 964 1047 1009; x_wconf 89' lang='lat' dir='ltr'>omnes</span> <span class='ocrx_word' id='word_1_20' title='bbox 1069 949 1233 1030; x_wconf 76' lang='lat' dir='ltr'>scripturos</span> <span class='ocrx_word' id='word_1_21' title='bbox 1256 954 1403 1021; x_wconf 77' lang='lat' dir='ltr'>¹&#39;edisse-</span> 
     </span>
     <span class='ocr_line' id='line_1_4' title="bbox 214 1037 1529 1129; baseline 0.018 -33"><span class='ocrx_word' id='word_1_22' title='bbox 214 1054 285 1097; x_wconf 83' lang='lat' dir='ltr'>rere</span> <span class='ocrx_word' id='word_1_23' title='bbox 312 1037 454 1117; x_wconf 86' lang='lat' dir='ltr'>dignatus</span> <span class='ocrx_word' id='word_1_24' title='bbox 482 1047 541 1100; x_wconf 87' lang='lat' dir='ltr'>est.</span> <span class='ocrx_word' id='word_1_25' title='bbox 595 1039 715 1101; x_wconf 81' lang='lat' dir='ltr'>Dixerat</span> <span class='ocrx_word' id='word_1_26' title='bbox 741 1041 830 1121; x_wconf 90' lang='lat' dir='ltr'>plane</span> <span class='ocrx_word' id='word_1_27' title='bbox 857 1043 1032 1123; x_wconf 88' lang='lat' dir='ltr'>aliquando,</span> <span class='ocrx_word' id='word_1_28' title='bbox 1065 1049 1154 1113; x_wconf 88' lang='lat' dir='ltr'>llulta</span> <span class='ocrx_word' id='word_1_29' title='bbox 1182 1052 1278 1117; x_wconf 87' lang='lat' dir='ltr'>habeo</span> <span class='ocrx_word' id='word_1_30' title='bbox 1306 1057 1529 1129; x_wconf 67' lang='lat' dir='ltr'>sdhuotosnnu.</span> 
     </span>
    </p>
   </div>
   <div class='ocr_carea' id='block_1_3' title="bbox 218 1137 1405 1325">
    <p class='ocr_par' dir='ltr' id='par_1_3' title="bbox 218 1137 1405 1325">
     <span class='ocr_line' id='line_1_5' title="bbox 220 1137 1405 1232; baseline 0.02 -35"><span class='ocrx_word' id='word_1_31' title='bbox 220 1137 332 1219; x_wconf 78' lang='lat' dir='ltr'>&#39;loqui</span> <span class='ocrx_word' id='word_1_32' title='bbox 354 1139 461 1212; x_wconf 81' lang='lat' dir='ltr'>robis,</span> <span class='ocrx_word' id='word_1_33' title='bbox 485 1141 539 1202; x_wconf 88' lang='lat' dir='ltr'>sed</span> <span class='ocrx_word' id='word_1_34' title='bbox 561 1158 625 1201; x_wconf 90' lang='lat' dir='ltr'>non</span> <span class='ocrx_word' id='word_1_35' title='bbox 645 1141 774 1221; x_wconf 89' lang='lat' dir='ltr'>potestis</span> <span class='ocrx_word' id='word_1_36' title='bbox 796 1144 888 1206; x_wconf 93' lang='lat' dir='ltr'>modo</span> <span class='ocrx_word' id='word_1_37' title='bbox 911 1166 945 1208; x_wconf 85' lang='lat' dir='ltr'>ee</span> <span class='ocrx_word' id='word_1_38' title='bbox 967 1149 1127 1221; x_wconf 85' lang='lat' dir='ltr'>sustinere,</span> <span class='ocrx_word' id='word_1_39' title='bbox 1148 1159 1248 1216; x_wconf 68' lang='lat' dir='ltr'>nmen</span> <span class='ocrx_word' id='word_1_40' title='bbox 1262 1156 1405 1232; x_wconf 86' lang='lat' dir='ltr'>adiciens.</span> 
     </span>
     <span class='ocr_line' id='line_1_6' title="bbox 218 1239 1403 1325; baseline 0.019 -24"><span class='ocrx_word' id='word_1_41' title='bbox 218 1239 292 1302; x_wconf 87' lang='lat' dir='ltr'>Cum</span> <span class='ocrx_word' id='word_1_42' title='bbox 316 1242 436 1302; x_wconf 69' lang='lat' dir='ltr'>renoeit</span> <span class='ocrx_word' id='word_1_43' title='bbox 457 1241 507 1303; x_wconf 90' lang='lat' dir='ltr'>ille</span> <span class='ocrx_word' id='word_1_44' title='bbox 530 1241 656 1321; x_wconf 87' lang='lat' dir='ltr'>spiritus</span> <span class='ocrx_word' id='word_1_45' title='bbox 676 1243 825 1318; x_wconf 80' lang='lat' dir='ltr'>veritatis,</span> <span class='ocrx_word' id='word_1_46' title='bbox 854 1245 921 1325; x_wconf 91' lang='lat' dir='ltr'>ipse</span> <span class='ocrx_word' id='word_1_47' title='bbox 947 1267 1001 1310; x_wconf 85' lang='lat' dir='ltr'>ros</span> <span class='ocrx_word' id='word_1_48' title='bbox 1029 1250 1182 1315; x_wconf 80' lang='lat' dir='ltr'>”deducet</span> <span class='ocrx_word' id='word_1_49' title='bbox 1202 1252 1262 1317; x_wconf 83' lang='lat' dir='ltr'>⁸¹in</span> <span class='ocrx_word' id='word_1_50' title='bbox 1284 1276 1403 1323; x_wconf 91' lang='lat' dir='ltr'>omnem</span> 
     </span>
    </p>
   </div>
   <div class='ocr_carea' id='block_1_4' title="bbox 178 1341 1529 2843">
    <p class='ocr_par' dir='ltr' id='par_1_4' title="bbox 178 1341 1529 2843">
     <span class='ocr_line' id='line_1_7' title="bbox 220 1341 1404 1429; baseline 0.019 -29"><span class='ocrx_word' id='word_1_51' title='bbox 220 1341 386 1403; x_wconf 74' lang='lat' dir='ltr'>veritatem.</span> <span class='ocrx_word' id='word_1_52' title='bbox 440 1343 581 1404; x_wconf 81' lang='lat' dir='ltr'>Ostendit</span> <span class='ocrx_word' id='word_1_53' title='bbox 607 1343 676 1406; x_wconf 90' lang='lat' dir='ltr'>illos</span> <span class='ocrx_word' id='word_1_54' title='bbox 707 1344 781 1406; x_wconf 90' lang='lat' dir='ltr'>nihil</span> <span class='ocrx_word' id='word_1_55' title='bbox 808 1346 964 1424; x_wconf 78' lang='lat' dir='ltr'>ignorasse</span> <span class='ocrx_word' id='word_1_56' title='bbox 996 1368 1073 1429; x_wconf 81' lang='lat' dir='ltr'>quos</span> <span class='ocrx_word' id='word_1_57' title='bbox 1102 1371 1221 1417; x_wconf 90' lang='lat' dir='ltr'>omnem</span> <span class='ocrx_word' id='word_1_58' title='bbox 1249 1358 1404 1423; x_wconf 83' lang='lat' dir='ltr'>veritatem</span> 
     </span>
     <span class='ocr_line' id='line_1_8' title="bbox 219 1444 1405 1538; baseline 0.014 -33"><span class='ocrx_word' id='word_1_59' title='bbox 219 1454 441 1505; x_wconf 82' lang='lat' dir='ltr'>consecuturos</span> <span class='ocrx_word' id='word_1_60' title='bbox 462 1444 678 1525; x_wconf 88' lang='lat' dir='ltr'>perspiritum</span> <span class='ocrx_word' id='word_1_61' title='bbox 699 1446 832 1508; x_wconf 85' lang='lat' dir='ltr'>veritatis</span> <span class='ocrx_word' id='word_1_62' title='bbox 854 1446 1072 1528; x_wconf 75' lang='lat' dir='ltr'>”promiserat</span> <span class='ocrx_word' id='word_1_63' title='bbox 1105 1452 1142 1514; x_wconf 83' lang='lat' dir='ltr'>Et</span> <span class='ocrx_word' id='word_1_64' title='bbox 1156 1455 1258 1534; x_wconf 80' lang='lat' dir='ltr'>utique</span> <span class='ocrx_word' id='word_1_65' title='bbox 1271 1457 1405 1538; x_wconf 81' lang='lat' dir='ltr'>implevit</span> 
     </span>
     <span class='ocr_line' id='line_1_9' title="bbox 221 1545 1402 1638; baseline 0.015 -35"><span class='ocrx_word' id='word_1_66' title='bbox 221 1546 459 1625; x_wconf 79' lang='lat' dir='ltr'>repromissum,</span> <span class='ocrx_word' id='word_1_67' title='bbox 490 1545 688 1625; x_wconf 87' lang='lat' dir='ltr'>prebentibus</span> <span class='ocrx_word' id='word_1_68' title='bbox 715 1547 796 1610; x_wconf 78' lang='lat' dir='ltr'>Actis</span> <span class='ocrx_word' id='word_1_69' title='bbox 823 1547 1036 1629; x_wconf 74' lang='lat' dir='ltr'>Apostolorum</span> <span class='ocrx_word' id='word_1_70' title='bbox 1067 1553 1246 1617; x_wconf 84' lang='lat' dir='ltr'>descensum</span> <span class='ocrx_word' id='word_1_71' title='bbox 1277 1559 1402 1638; x_wconf 86' lang='lat' dir='ltr'>spiritus</span> 
     </span>
     <span class='ocr_line' id='line_1_10' title="bbox 220 1644 1402 1734; baseline 0.011 -27"><span class='ocrx_word' id='word_1_72' title='bbox 220 1644 354 1708; x_wconf 76' lang='lat' dir='ltr'>¹&#39;sancti</span> <span class='ocrx_word' id='word_1_73' title='bbox 400 1647 497 1719; x_wconf 83' lang='lat' dir='ltr'>Quam</span> <span class='ocrx_word' id='word_1_74' title='bbox 520 1647 699 1726; x_wconf 88' lang='lat' dir='ltr'>scripturam</span> <span class='ocrx_word' id='word_1_75' title='bbox 720 1649 770 1728; x_wconf 89' lang='lat' dir='ltr'>qui</span> <span class='ocrx_word' id='word_1_76' title='bbox 792 1667 854 1710; x_wconf 94' lang='lat' dir='ltr'>non</span> <span class='ocrx_word' id='word_1_77' title='bbox 875 1650 1039 1731; x_wconf 85' lang='lat' dir='ltr'>recipiunt,</span> <span class='ocrx_word' id='word_1_78' title='bbox 1071 1672 1127 1715; x_wconf 90' lang='lat' dir='ltr'>nec</span> <span class='ocrx_word' id='word_1_79' title='bbox 1153 1656 1278 1734; x_wconf 84' lang='lat' dir='ltr'>spiritus</span> <span class='ocrx_word' id='word_1_80' title='bbox 1306 1660 1402 1721; x_wconf 88' lang='lat' dir='ltr'>sancti</span> 
     </span>
     <span class='ocr_line' id='line_1_11' title="bbox 224 1748 1401 1836; baseline 0.01 -28"><span class='ocrx_word' id='word_1_81' title='bbox 224 1766 290 1809; x_wconf 80' lang='lat' dir='ltr'>esse</span> <span class='ocrx_word' id='word_1_82' title='bbox 312 1756 461 1827; x_wconf 86' lang='lat' dir='ltr'>possunt,</span> <span class='ocrx_word' id='word_1_83' title='bbox 484 1748 555 1827; x_wconf 64' lang='lat' dir='ltr'>quit</span> <span class='ocrx_word' id='word_1_84' title='bbox 577 1749 704 1810; x_wconf 87' lang='lat' dir='ltr'>necdum</span> <span class='ocrx_word' id='word_1_85' title='bbox 726 1750 865 1829; x_wconf 89' lang='lat' dir='ltr'>spiritum</span> <span class='ocrx_word' id='word_1_86' title='bbox 887 1750 1047 1815; x_wconf 74' lang='lat' dir='ltr'>”sanctum</span> <span class='ocrx_word' id='word_1_87' title='bbox 1063 1753 1220 1834; x_wconf 75' lang='lat' dir='ltr'>”possunt</span> <span class='ocrx_word' id='word_1_88' title='bbox 1236 1774 1401 1836; x_wconf 80' lang='lat' dir='ltr'>agnoscere</span> 
     </span>
     <span class='ocr_line' id='line_1_12' title="bbox 224 1849 1400 1938; baseline 0.009 -28"><span class='ocrx_word' id='word_1_89' title='bbox 224 1849 406 1910; x_wconf 71' lang='lat' dir='ltr'>discentibm</span> <span class='ocrx_word' id='word_1_90' title='bbox 428 1850 572 1923; x_wconf 87' lang='lat' dir='ltr'>missum,</span> <span class='ocrx_word' id='word_1_91' title='bbox 601 1850 655 1911; x_wconf 88' lang='lat' dir='ltr'>sed</span> <span class='ocrx_word' id='word_1_92' title='bbox 678 1869 733 1911; x_wconf 91' lang='lat' dir='ltr'>nec</span> <span class='ocrx_word' id='word_1_93' title='bbox 759 1851 914 1914; x_wconf 85' lang='lat' dir='ltr'>ecelesiam</span> <span class='ocrx_word' id='word_1_94' title='bbox 936 1852 998 1914; x_wconf 74' lang='lat' dir='ltr'>”se</span> <span class='ocrx_word' id='word_1_95' title='bbox 1020 1854 1119 1917; x_wconf 87' lang='lat' dir='ltr'>dicant</span> <span class='ocrx_word' id='word_1_96' title='bbox 1139 1855 1314 1932; x_wconf 85' lang='lat' dir='ltr'>defendere,</span> <span class='ocrx_word' id='word_1_97' title='bbox 1348 1860 1400 1938; x_wconf 85' lang='lat' dir='ltr'>qui</span> 
     </span>
     <span class='ocr_line' id='line_1_13' title="bbox 225 1950 1401 2038; baseline 0.009 -29"><span class='ocrx_word' id='word_1_98' title='bbox 225 1950 340 2029; x_wconf 67' lang='lat' dir='ltr'>mando</span> <span class='ocrx_word' id='word_1_99' title='bbox 362 1950 424 2011; x_wconf 74' lang='lat' dir='ltr'>”et</span> <span class='ocrx_word' id='word_1_100' title='bbox 445 1950 554 2030; x_wconf 88' lang='lat' dir='ltr'>quibus</span> <span class='ocrx_word' id='word_1_101' title='bbox 576 1950 761 2013; x_wconf 85' lang='lat' dir='ltr'>incunabulis</span> <span class='ocrx_word' id='word_1_102' title='bbox 784 1952 952 2015; x_wconf 87' lang='lat' dir='ltr'>institutum</span> <span class='ocrx_word' id='word_1_103' title='bbox 981 1963 1029 2016; x_wconf 89' lang='lat' dir='ltr'>est</span> <span class='ocrx_word' id='word_1_104' title='bbox 1054 1955 1113 2017; x_wconf 88' lang='lat' dir='ltr'>hoc</span> <span class='ocrx_word' id='word_1_105' title='bbox 1139 1975 1249 2036; x_wconf 88' lang='lat' dir='ltr'>corpus</span> <span class='ocrx_word' id='word_1_106' title='bbox 1269 1958 1401 2038; x_wconf 86' lang='lat' dir='ltr'>probare</span> 
     </span>
     <span class='ocr_line' id='line_1_14' title="bbox 225 2051 1399 2136; baseline 0.009 -24"><span class='ocrx_word' id='word_1_107' title='bbox 225 2068 279 2112; x_wconf 88' lang='lat' dir='ltr'>son</span> <span class='ocrx_word' id='word_1_108' title='bbox 302 2052 424 2113; x_wconf 80' lang='lat' dir='ltr'>habent</span> <span class='ocrx_word' id='word_1_109' title='bbox 470 2051 557 2113; x_wconf 84' lang='lat' dir='ltr'>&#39;lenti</span> <span class='ocrx_word' id='word_1_110' title='bbox 583 2051 662 2113; x_wconf 78' lang='lat' dir='ltr'>”est</span> <span class='ocrx_word' id='word_1_111' title='bbox 682 2053 760 2114; x_wconf 90' lang='lat' dir='ltr'>enim</span> <span class='ocrx_word' id='word_1_112' title='bbox 783 2053 842 2114; x_wconf 88' lang='lat' dir='ltr'>illis</span> <span class='ocrx_word' id='word_1_113' title='bbox 863 2073 924 2116; x_wconf 94' lang='lat' dir='ltr'>non</span> <span class='ocrx_word' id='word_1_114' title='bbox 946 2056 1056 2117; x_wconf 85' lang='lat' dir='ltr'>hebere</span> <span class='ocrx_word' id='word_1_115' title='bbox 1077 2056 1272 2136; x_wconf 82' lang='lat' dir='ltr'>probationes</span> <span class='ocrx_word' id='word_1_116' title='bbox 1294 2077 1399 2122; x_wconf 89' lang='lat' dir='ltr'>eorum</span> 
     </span>
     <span class='ocr_line' id='line_1_15' title="bbox 226 2152 1400 2239; baseline 0.009 -27"><span class='ocrx_word' id='word_1_117' title='bbox 226 2170 293 2230; x_wconf 70' lang='lat' dir='ltr'>grae</span> <span class='ocrx_word' id='word_1_118' title='bbox 323 2153 504 2227; x_wconf 82' lang='lat' dir='ltr'>detendunt,</span> <span class='ocrx_word' id='word_1_119' title='bbox 537 2171 576 2214; x_wconf 93' lang='lat' dir='ltr'>ne</span> <span class='ocrx_word' id='word_1_120' title='bbox 603 2152 715 2232; x_wconf 89' lang='lat' dir='ltr'>pariter</span> <span class='ocrx_word' id='word_1_121' title='bbox 742 2154 934 2217; x_wconf 86' lang='lat' dir='ltr'>admittantur</span> <span class='ocrx_word' id='word_1_122' title='bbox 960 2158 1163 2220; x_wconf 84' lang='lat' dir='ltr'>traductiones</span> <span class='ocrx_word' id='word_1_123' title='bbox 1190 2177 1294 2221; x_wconf 90' lang='lat' dir='ltr'>eorum</span> <span class='ocrx_word' id='word_1_124' title='bbox 1323 2178 1400 2239; x_wconf 74' lang='lat' dir='ltr'>guae</span> 
     </span>
     <span class='ocr_line' id='line_1_16' title="bbox 225 2254 426 2315; baseline 0.005 -1"><span class='ocrx_word' id='word_1_125' title='bbox 225 2254 426 2315; x_wconf 58' lang='lat' dir='ltr'>mentiuntur.</span> 
     </span>
     <span class='ocr_line' id='line_1_17' title="bbox 299 2354 1529 2439; baseline 0 -22"><span class='ocrx_word' id='word_1_126' title='bbox 299 2356 481 2435; x_wconf 87' lang='lat' dir='ltr'>Proponunt</span> <span class='ocrx_word' id='word_1_127' title='bbox 502 2372 576 2434; x_wconf 92' lang='lat' dir='ltr'>ergo</span> <span class='ocrx_word' id='word_1_128' title='bbox 599 2354 636 2415; x_wconf 89' lang='lat' dir='ltr'>ad</span> <span class='ocrx_word' id='word_1_129' title='bbox 658 2355 868 2435; x_wconf 76' lang='lat' dir='ltr'>suggillandam</span> <span class='ocrx_word' id='word_1_130' title='bbox 890 2358 1086 2437; x_wconf 88' lang='lat' dir='ltr'>ignorantiam</span> <span class='ocrx_word' id='word_1_131' title='bbox 1102 2358 1398 2439; x_wconf 86' lang='lat' dir='ltr'>aliqnamapostolo-</span> <span class='ocrx_word' id='word_1_132' title='bbox 1416 2369 1529 2429; x_wconf 69' lang='lat' dir='ltr'>ospxxtt</span> 
     </span>
     <span class='ocr_line' id='line_1_18' title="bbox 230 2456 1398 2538; baseline 0.003 -20"><span class='ocrx_word' id='word_1_133' title='bbox 230 2474 287 2518; x_wconf 83' lang='lat' dir='ltr'>snm</span> <span class='ocrx_word' id='word_1_134' title='bbox 307 2456 520 2537; x_wconf 81' lang='lat' dir='ltr'>quodPetrus</span> <span class='ocrx_word' id='word_1_135' title='bbox 543 2457 643 2535; x_wconf 90' lang='lat' dir='ltr'>etqui</span> <span class='ocrx_word' id='word_1_136' title='bbox 668 2457 749 2518; x_wconf 85' lang='lat' dir='ltr'>&#39;cnm</span> <span class='ocrx_word' id='word_1_137' title='bbox 772 2476 808 2519; x_wconf 95' lang='lat' dir='ltr'>eo</span> <span class='ocrx_word' id='word_1_138' title='bbox 831 2460 1005 2538; x_wconf 85' lang='lat' dir='ltr'>reprehensi</span> <span class='ocrx_word' id='word_1_139' title='bbox 1031 2459 1119 2520; x_wconf 78' lang='lat' dir='ltr'>’sunt</span> <span class='ocrx_word' id='word_1_140' title='bbox 1139 2458 1273 2521; x_wconf 86' lang='lat' dir='ltr'>aPenlo.</span> <span class='ocrx_word' id='word_1_141' title='bbox 1305 2459 1398 2533; x_wconf 78' lang='lat' dir='ltr'>Adeo,</span> 
     </span>
     <span class='ocr_line' id='line_1_19' title="bbox 178 2556 1399 2641; baseline 0.01 -29"><span class='ocrx_word' id='word_1_142' title='bbox 178 2585 179 2612; x_wconf 55' lang='grc' dir='ltr'><strong>ι</strong></span> <span class='ocrx_word' id='word_1_143' title='bbox 229 2557 368 2637; x_wconf 70' lang='lat' dir='ltr'>moment,</span> <span class='ocrx_word' id='word_1_144' title='bbox 393 2558 506 2638; x_wconf 90' lang='lat' dir='ltr'>aliquid</span> <span class='ocrx_word' id='word_1_145' title='bbox 531 2556 575 2618; x_wconf 89' lang='lat' dir='ltr'>eis</span> <span class='ocrx_word' id='word_1_146' title='bbox 598 2557 705 2632; x_wconf 83' lang='lat' dir='ltr'>deluit3</span> <span class='ocrx_word' id='word_1_147' title='bbox 727 2568 759 2620; x_wconf 86' lang='lat' dir='ltr'>nt</span> <span class='ocrx_word' id='word_1_148' title='bbox 781 2578 817 2620; x_wconf 84' lang='lat' dir='ltr'>ex</span> <span class='ocrx_word' id='word_1_149' title='bbox 839 2560 896 2621; x_wconf 90' lang='lat' dir='ltr'>hoo</span> <span class='ocrx_word' id='word_1_150' title='bbox 911 2559 999 2622; x_wconf 90' lang='lat' dir='ltr'>etiam</span> <span class='ocrx_word' id='word_1_151' title='bbox 1021 2560 1091 2621; x_wconf 91' lang='lat' dir='ltr'>illud</span> <span class='ocrx_word' id='word_1_152' title='bbox 1108 2567 1239 2635; x_wconf 86' lang='lat' dir='ltr'>struent,</span> <span class='ocrx_word' id='word_1_153' title='bbox 1261 2561 1399 2641; x_wconf 68' lang='lat' dir='ltr'>potense</span> 
     </span>
     <span class='ocr_line' id='line_1_20' title="bbox 233 2658 1397 2741; baseline 0.003 -21"><span class='ocrx_word' id='word_1_154' title='bbox 233 2669 321 2735; x_wconf 85' lang='lat' dir='ltr'>postes</span> <span class='ocrx_word' id='word_1_155' title='bbox 353 2659 524 2739; x_wconf 89' lang='lat' dir='ltr'>pleniorem</span> <span class='ocrx_word' id='word_1_156' title='bbox 557 2658 709 2720; x_wconf 84' lang='lat' dir='ltr'>scientiam</span> <span class='ocrx_word' id='word_1_157' title='bbox 746 2662 955 2740; x_wconf 83' lang='lat' dir='ltr'>supervenire,</span> <span class='ocrx_word' id='word_1_158' title='bbox 992 2662 1087 2741; x_wconf 90' lang='lat' dir='ltr'>qualis</span> <span class='ocrx_word' id='word_1_159' title='bbox 1122 2661 1278 2724; x_wconf 84' lang='lat' dir='ltr'>obvenerit</span> <span class='ocrx_word' id='word_1_160' title='bbox 1303 2661 1397 2724; x_wconf 84' lang='lat' dir='ltr'>Paulo</span> 
     </span>
     <span class='ocr_line' id='line_1_21' title="bbox 231 2760 1397 2843; baseline 0.003 -22"><span class='ocrx_word' id='word_1_161' title='bbox 231 2760 449 2839; x_wconf 76' lang='lat' dir='ltr'>reprenendensi</span> <span class='ocrx_word' id='word_1_162' title='bbox 471 2768 692 2821; x_wconf 87' lang='lat' dir='ltr'>antecessores.</span> <span class='ocrx_word' id='word_1_163' title='bbox 731 2761 875 2823; x_wconf 80' lang='lat' dir='ltr'>’Possum</span> <span class='ocrx_word' id='word_1_164' title='bbox 898 2771 928 2823; x_wconf 90' lang='lat' dir='ltr'>et</span> <span class='ocrx_word' id='word_1_165' title='bbox 948 2762 996 2824; x_wconf 88' lang='lat' dir='ltr'>hic</span> <span class='ocrx_word' id='word_1_166' title='bbox 1016 2765 1086 2824; x_wconf 82' lang='lat' dir='ltr'>Actu</span> <span class='ocrx_word' id='word_1_167' title='bbox 1107 2762 1323 2843; x_wconf 78' lang='lat' dir='ltr'>Apostolorum</span> <span class='ocrx_word' id='word_1_168' title='bbox 1344 2781 1397 2825; x_wconf 92' lang='lat' dir='ltr'>re-</span> 
     </span>
    </p>
   </div>
   <div class='ocr_carea' id='block_1_5' title="bbox 224 2847 1506 3448">
    <p class='ocr_par' dir='ltr' id='par_1_5' title="bbox 224 2847 1506 3448">
     <span class='ocr_line' id='line_1_22' title="bbox 224 2847 1399 2943; baseline 0.003 -19"><span class='ocrx_word' id='word_1_169' title='bbox 224 2847 407 2939; x_wconf 80' lang='lat' dir='ltr'>¹pndiantilius</span> <span class='ocrx_word' id='word_1_170' title='bbox 432 2862 548 2924; x_wconf 85' lang='lat' dir='ltr'>dicere:</span> <span class='ocrx_word' id='word_1_171' title='bbox 582 2860 669 2925; x_wconf 89' lang='lat' dir='ltr'>Prius</span> <span class='ocrx_word' id='word_1_172' title='bbox 697 2873 743 2925; x_wconf 91' lang='lat' dir='ltr'>est</span> <span class='ocrx_word' id='word_1_173' title='bbox 769 2862 819 2924; x_wconf 78' lang='lat' dir='ltr'>⁴ut</span> <span class='ocrx_word' id='word_1_174' title='bbox 848 2863 1012 2926; x_wconf 88' lang='lat' dir='ltr'>ostendetis</span> <span class='ocrx_word' id='word_1_175' title='bbox 1040 2863 1106 2943; x_wconf 85' lang='lat' dir='ltr'>quis</span> <span class='ocrx_word' id='word_1_176' title='bbox 1128 2864 1185 2926; x_wconf 90' lang='lat' dir='ltr'>iste</span> <span class='ocrx_word' id='word_1_177' title='bbox 1208 2864 1333 2940; x_wconf 87' lang='lat' dir='ltr'>Paulus,</span> <span class='ocrx_word' id='word_1_178' title='bbox 1368 2873 1399 2927; x_wconf 87' lang='lat' dir='ltr'>et</span> 
     </span>
     <span class='ocr_line' id='line_1_23' title="bbox 231 2964 1397 3045; baseline 0.003 -22"><span class='ocrx_word' id='word_1_179' title='bbox 231 2964 289 3040; x_wconf 80' lang='lat' dir='ltr'>quid</span> <span class='ocrx_word' id='word_1_180' title='bbox 309 2974 378 3026; x_wconf 87' lang='lat' dir='ltr'>ante</span> <span class='ocrx_word' id='word_1_181' title='bbox 399 2965 590 3043; x_wconf 86' lang='lat' dir='ltr'>apostolum,</span> <span class='ocrx_word' id='word_1_182' title='bbox 615 2973 645 3025; x_wconf 89' lang='lat' dir='ltr'>et</span> <span class='ocrx_word' id='word_1_183' title='bbox 665 2964 815 3044; x_wconf 87' lang='lat' dir='ltr'>quomodo</span> <span class='ocrx_word' id='word_1_184' title='bbox 833 2965 1002 3044; x_wconf 87' lang='lat' dir='ltr'>apostolus,</span> <span class='ocrx_word' id='word_1_185' title='bbox 1025 2965 1189 3045; x_wconf 78' lang='lat' dir='ltr'>&#39;quatenus</span> <span class='ocrx_word' id='word_1_186' title='bbox 1213 2974 1243 3027; x_wconf 92' lang='lat' dir='ltr'>et</span> <span class='ocrx_word' id='word_1_187' title='bbox 1264 2966 1337 3027; x_wconf 88' lang='lat' dir='ltr'>elias</span> <span class='ocrx_word' id='word_1_188' title='bbox 1359 2966 1397 3028; x_wconf 87' lang='lat' dir='ltr'>ad</span> 
     </span>
     <span class='ocr_line' id='line_1_24' title="bbox 230 3065 1506 3147; baseline 0.001 -21"><span class='ocrx_word' id='word_1_189' title='bbox 230 3067 406 3141; x_wconf 65' lang='lat' dir='ltr'>memnones</span> <span class='ocrx_word' id='word_1_190' title='bbox 429 3065 592 3144; x_wconf 84' lang='lat' dir='ltr'>plurimum</span> <span class='ocrx_word' id='word_1_191' title='bbox 616 3085 652 3125; x_wconf 94' lang='lat' dir='ltr'>eo</span> <span class='ocrx_word' id='word_1_192' title='bbox 672 3075 803 3127; x_wconf 85' lang='lat' dir='ltr'>utuntur.</span> <span class='ocrx_word' id='word_1_193' title='bbox 837 3066 938 3145; x_wconf 89' lang='lat' dir='ltr'>Neque</span> <span class='ocrx_word' id='word_1_194' title='bbox 960 3066 1038 3128; x_wconf 88' lang='lat' dir='ltr'>enim</span> <span class='ocrx_word' id='word_1_195' title='bbox 1060 3066 1105 3126; x_wconf 71' lang='lat' dir='ltr'>‘si</span> <span class='ocrx_word' id='word_1_196' title='bbox 1127 3067 1192 3146; x_wconf 88' lang='lat' dir='ltr'>ipse</span> <span class='ocrx_word' id='word_1_197' title='bbox 1214 3086 1248 3128; x_wconf 90' lang='lat' dir='ltr'>se</span> <span class='ocrx_word' id='word_1_198' title='bbox 1270 3074 1397 3147; x_wconf 87' lang='lat' dir='ltr'>aposto·</span> <span class='ocrx_word' id='word_1_199' title='bbox 1501 3100 1506 3109; x_wconf 92' lang='lat'><strong>·</strong></span> 
     </span>
     <span class='ocr_line' id='line_1_25' title="bbox 230 3164 1397 3246; baseline 0.001 -20"><span class='ocrx_word' id='word_1_200' title='bbox 230 3164 279 3225; x_wconf 80' lang='lat' dir='ltr'>lim</span> <span class='ocrx_word' id='word_1_201' title='bbox 299 3168 335 3226; x_wconf 90' lang='lat' dir='ltr'>de</span> <span class='ocrx_word' id='word_1_202' title='bbox 357 3175 555 3246; x_wconf 88' lang='lat' dir='ltr'>persecutore</span> <span class='ocrx_word' id='word_1_203' title='bbox 578 3167 750 3246; x_wconf 83' lang='lat' dir='ltr'>profitetur,</span> <span class='ocrx_word' id='word_1_204' title='bbox 773 3167 883 3228; x_wconf 84' lang='lat' dir='ltr'>sullieit</span> <span class='ocrx_word' id='word_1_205' title='bbox 896 3168 1054 3245; x_wconf 88' lang='lat' dir='ltr'>unicuique</span> <span class='ocrx_word' id='word_1_206' title='bbox 1072 3166 1237 3228; x_wconf 83' lang='lat' dir='ltr'>examinate</span> <span class='ocrx_word' id='word_1_207' title='bbox 1253 3166 1397 3239; x_wconf 84' lang='lat' dir='ltr'>credenti,</span> 
     </span>
     <span class='ocr_line' id='line_1_26' title="bbox 230 3266 1396 3346; baseline 0.001 -19"><span class='ocrx_word' id='word_1_208' title='bbox 230 3269 333 3343; x_wconf 80' lang='lat' dir='ltr'>qmndo</span> <span class='ocrx_word' id='word_1_209' title='bbox 357 3288 415 3328; x_wconf 90' lang='lat' dir='ltr'>nec</span> <span class='ocrx_word' id='word_1_210' title='bbox 437 3268 597 3329; x_wconf 74' lang='lat' dir='ltr'>&#39;dominus</span> <span class='ocrx_word' id='word_1_211' title='bbox 620 3268 683 3346; x_wconf 88' lang='lat' dir='ltr'>ipse</span> <span class='ocrx_word' id='word_1_212' title='bbox 703 3268 756 3328; x_wconf 83' lang='lat' dir='ltr'>&#39;de</span> <span class='ocrx_word' id='word_1_213' title='bbox 778 3286 810 3328; x_wconf 90' lang='lat' dir='ltr'>se</span> <span class='ocrx_word' id='word_1_214' title='bbox 834 3268 1037 3330; x_wconf 88' lang='lat' dir='ltr'>testimonium</span> <span class='ocrx_word' id='word_1_215' title='bbox 1059 3267 1175 3327; x_wconf 83' lang='lat' dir='ltr'>dixerit.</span> <span class='ocrx_word' id='word_1_216' title='bbox 1227 3266 1285 3328; x_wconf 90' lang='lat' dir='ltr'>Sed</span> <span class='ocrx_word' id='word_1_217' title='bbox 1312 3268 1396 3328; x_wconf 81' lang='lat' dir='ltr'>⁹cre-</span> 
     </span>
     <span class='ocr_line' id='line_1_27' title="bbox 230 3366 1400 3448; baseline 0 -21"><span class='ocrx_word' id='word_1_218' title='bbox 230 3367 288 3428; x_wconf 84' lang='lat' dir='ltr'>dant</span> <span class='ocrx_word' id='word_1_219' title='bbox 308 3370 374 3429; x_wconf 82' lang='lat' dir='ltr'>sine</span> <span class='ocrx_word' id='word_1_220' title='bbox 397 3368 586 3448; x_wconf 85' lang='lat' dir='ltr'>scripturis·,</span> <span class='ocrx_word' id='word_1_221' title='bbox 611 3376 643 3428; x_wconf 93' lang='lat' dir='ltr'>nt</span> <span class='ocrx_word' id='word_1_222' title='bbox 657 3368 776 3429; x_wconf 89' lang='lat' dir='ltr'>credant</span> <span class='ocrx_word' id='word_1_223' title='bbox 796 3370 939 3430; x_wconf 85' lang='lat' dir='ltr'>adversus</span> <span class='ocrx_word' id='word_1_224' title='bbox 955 3367 1135 3444; x_wconf 86' lang='lat' dir='ltr'>scripturas,</span> <span class='ocrx_word' id='word_1_225' title='bbox 1159 3374 1257 3425; x_wconf 75' lang='lat' dir='ltr'>mmen</span> <span class='ocrx_word' id='word_1_226' title='bbox 1273 3366 1400 3427; x_wconf 86' lang='lat' dir='ltr'>doceant</span> 
     </span>
    </p>
   </div>
   <div class='ocr_carea' id='block_1_6' title="bbox 228 3546 1402 4415">
    <p class='ocr_par' dir='ltr' id='par_1_6' title="bbox 231 3546 1402 4086">
     <span class='ocr_line' id='line_1_28' title="bbox 235 3546 1400 3615; baseline -0.001 -16"><span class='ocrx_word' id='word_1_227' title='bbox 235 3552 432 3615; x_wconf 62' lang='lat' dir='ltr'>limosum..</span> <span class='ocrx_word' id='word_1_228' title='bbox 487 3553 525 3602; x_wconf 77' lang='lat' dir='ltr'>ld.</span> <span class='ocrx_word' id='word_1_229' title='bbox 541 3553 666 3600; x_wconf 84' lang='lat' dir='ltr'>disserere</span> <span class='ocrx_word' id='word_1_230' title='bbox 682 3555 707 3601; x_wconf 77' lang='lat' dir='ltr'>A.</span> <span class='ocrx_word' id='word_1_231' title='bbox 762 3553 799 3602; x_wconf 83' lang='lat' dir='ltr'>te.</span> <span class='ocrx_word' id='word_1_232' title='bbox 819 3551 885 3614; x_wconf 91' lang='lat' dir='ltr'>loqui</span> <span class='ocrx_word' id='word_1_233' title='bbox 904 3548 1015 3597; x_wconf 75' lang='lat' dir='ltr'>vobisd.</span> <span class='ocrx_word' id='word_1_234' title='bbox 1052 3546 1118 3596; x_wconf 79' lang='lat' dir='ltr'>uobis</span> <span class='ocrx_word' id='word_1_235' title='bbox 1138 3546 1204 3609; x_wconf 84' lang='lat' dir='ltr'>loqui</span> <span class='ocrx_word' id='word_1_236' title='bbox 1222 3548 1315 3612; x_wconf 80' lang='lat' dir='ltr'>reliqui.</span> <span class='ocrx_word' id='word_1_237' title='bbox 1358 3546 1400 3598; x_wconf 84' lang='lat'>20.</span> 
     </span>
     <span class='ocr_line' id='line_1_29' title="bbox 234 3612 1402 3671; baseline 0 -5"><span class='ocrx_word' id='word_1_238' title='bbox 234 3620 430 3671; x_wconf 69' lang='lat' dir='ltr'>Udscetlotrd.</span> <span class='ocrx_word' id='word_1_239' title='bbox 474 3622 545 3668; x_wconf 85' lang='lat' dir='ltr'>ducet</span> <span class='ocrx_word' id='word_1_240' title='bbox 566 3621 590 3668; x_wconf 87' lang='lat' dir='ltr'>C.</span> <span class='ocrx_word' id='word_1_241' title='bbox 633 3619 744 3668; x_wconf 77' lang='lat' dir='ltr'>dotetll.</span> <span class='ocrx_word' id='word_1_242' title='bbox 796 3619 837 3668; x_wconf 86' lang='grc'>21,</span> <span class='ocrx_word' id='word_1_243' title='bbox 858 3633 880 3666; x_wconf 86' lang='lat' dir='ltr'>in</span> <span class='ocrx_word' id='word_1_244' title='bbox 906 3617 1077 3665; x_wconf 75' lang='lat' dir='ltr'>omni....„.l.</span> <span class='ocrx_word' id='word_1_245' title='bbox 1113 3616 1137 3664; x_wconf 90' lang='lat' dir='ltr'>iu</span> <span class='ocrx_word' id='word_1_246' title='bbox 1156 3612 1402 3666; x_wconf 82' lang='lat' dir='ltr'>omniseritsteBU.</span> 
     </span>
     <span class='ocr_line' id='line_1_30' title="bbox 234 3680 1401 3750; baseline -0.001 -16"><span class='ocrx_word' id='word_1_247' title='bbox 234 3685 267 3734; x_wconf 83' lang='lat'>22</span> <span class='ocrx_word' id='word_1_248' title='bbox 283 3691 432 3750; x_wconf 78' lang='lat' dir='ltr'>promiserst</span> <span class='ocrx_word' id='word_1_249' title='bbox 448 3690 472 3736; x_wconf 83' lang='grc' dir='ltr'>Α.</span> <span class='ocrx_word' id='word_1_250' title='bbox 509 3688 661 3749; x_wconf 83' lang='lat' dir='ltr'>repromisss</span> <span class='ocrx_word' id='word_1_251' title='bbox 680 3694 730 3735; x_wconf 84' lang='lat' dir='ltr'>erat</span> <span class='ocrx_word' id='word_1_252' title='bbox 746 3687 772 3736; x_wconf 81' lang='lat' dir='ltr'>ll.</span> <span class='ocrx_word' id='word_1_253' title='bbox 814 3684 989 3749; x_wconf 75' lang='lat' dir='ltr'>repromiserat</span> <span class='ocrx_word' id='word_1_254' title='bbox 1005 3683 1097 3746; x_wconf 79' lang='lat' dir='ltr'>reliqui.</span> <span class='ocrx_word' id='word_1_255' title='bbox 1151 3680 1192 3731; x_wconf 81' lang='grc'>23.</span> <span class='ocrx_word' id='word_1_256' title='bbox 1211 3683 1295 3732; x_wconf 89' lang='lat' dir='ltr'>ssncti.</span> <span class='ocrx_word' id='word_1_257' title='bbox 1323 3683 1401 3742; x_wconf 81' lang='lat' dir='ltr'>Quam</span> 
     </span>
     <span class='ocr_line' id='line_1_31' title="bbox 233 3751 1402 3818; baseline -0.002 -16"><span class='ocrx_word' id='word_1_258' title='bbox 233 3766 366 3817; x_wconf 58' lang='lat' dir='ltr'>nnmerum</span> <span class='ocrx_word' id='word_1_259' title='bbox 387 3757 430 3818; x_wconf 85' lang='lat' dir='ltr'>qui</span> <span class='ocrx_word' id='word_1_260' title='bbox 448 3770 497 3803; x_wconf 93' lang='lat' dir='ltr'>nou</span> <span class='ocrx_word' id='word_1_261' title='bbox 515 3757 647 3816; x_wconf 79' lang='lat' dir='ltr'>recipiunt.</span> <span class='ocrx_word' id='word_1_262' title='bbox 670 3768 715 3802; x_wconf 83' lang='lat' dir='ltr'>nro</span> <span class='ocrx_word' id='word_1_263' title='bbox 731 3754 831 3815; x_wconf 89' lang='lat' dir='ltr'>spiritns</span> <span class='ocrx_word' id='word_1_264' title='bbox 850 3754 926 3801; x_wconf 84' lang='lat' dir='ltr'>sancti</span> <span class='ocrx_word' id='word_1_265' title='bbox 950 3765 1005 3798; x_wconf 85' lang='lat' dir='ltr'>esse</span> <span class='ocrx_word' id='word_1_266' title='bbox 1031 3757 1142 3812; x_wconf 86' lang='lat' dir='ltr'>possunt,</span> <span class='ocrx_word' id='word_1_267' title='bbox 1168 3751 1207 3814; x_wconf 87' lang='lat' dir='ltr'>qui</span> <span class='ocrx_word' id='word_1_268' title='bbox 1226 3751 1328 3800; x_wconf 86' lang='lat' dir='ltr'>necdum</span> <span class='ocrx_word' id='word_1_269' title='bbox 1347 3755 1402 3809; x_wconf 76' lang='lat' dir='ltr'>tne-</span> 
     </span>
     <span class='ocr_line' id='line_1_32' title="bbox 233 3818 1401 3881; baseline -0.001 -12"><span class='ocrx_word' id='word_1_270' title='bbox 233 3822 277 3870; x_wconf 77' lang='lat' dir='ltr'>dsu</span> <span class='ocrx_word' id='word_1_271' title='bbox 295 3834 327 3880; x_wconf 69' lang='lat' dir='ltr'>s.)</span> <span class='ocrx_word' id='word_1_272' title='bbox 345 3826 395 3881; x_wconf 78' lang='lat' dir='ltr'>ud,</span> <span class='ocrx_word' id='word_1_273' title='bbox 416 3823 481 3870; x_wconf 83' lang='lat' dir='ltr'>l&#39;sls.</span> <span class='ocrx_word' id='word_1_274' title='bbox 497 3823 603 3870; x_wconf 77' lang='lat' dir='ltr'>Ursinus.</span> <span class='ocrx_word' id='word_1_275' title='bbox 640 3823 724 3870; x_wconf 84' lang='lat' dir='ltr'>sensti.</span> <span class='ocrx_word' id='word_1_276' title='bbox 750 3822 826 3879; x_wconf 80' lang='lat' dir='ltr'>Unam</span> <span class='ocrx_word' id='word_1_277' title='bbox 844 3821 987 3880; x_wconf 82' lang='lat' dir='ltr'>scripturam</span> <span class='ocrx_word' id='word_1_278' title='bbox 1013 3819 1120 3880; x_wconf 89' lang='lat' dir='ltr'>quinon</span> <span class='ocrx_word' id='word_1_279' title='bbox 1140 3818 1267 3878; x_wconf 83' lang='lat' dir='ltr'>recipiunt,</span> <span class='ocrx_word' id='word_1_280' title='bbox 1292 3833 1336 3866; x_wconf 82' lang='lat' dir='ltr'>nec</span> <span class='ocrx_word' id='word_1_281' title='bbox 1359 3819 1401 3875; x_wconf 86' lang='lat' dir='ltr'>(ne</span> 
     </span>
     <span class='ocr_line' id='line_1_33' title="bbox 233 3883 1399 3948; baseline -0.001 -11"><span class='ocrx_word' id='word_1_282' title='bbox 233 3891 334 3943; x_wconf 65' lang='lat' dir='ltr'>essse</span> <span class='ocrx_word' id='word_1_283' title='bbox 371 3891 459 3938; x_wconf 76' lang='lat' dir='ltr'>uncti.</span> <span class='ocrx_word' id='word_1_284' title='bbox 479 3889 608 3938; x_wconf 74' lang='lat' dir='ltr'>netumc.</span> <span class='ocrx_word' id='word_1_285' title='bbox 644 3889 728 3938; x_wconf 88' lang='lat' dir='ltr'>ssucti.</span> <span class='ocrx_word' id='word_1_286' title='bbox 752 3904 782 3937; x_wconf 91' lang='lat' dir='ltr'>ne</span> <span class='ocrx_word' id='word_1_287' title='bbox 801 3888 826 3936; x_wconf 88' lang='lat' dir='ltr'>B.</span> <span class='ocrx_word' id='word_1_288' title='bbox 870 3886 911 3935; x_wconf 81' lang='grc'>24.</span> <span class='ocrx_word' id='word_1_289' title='bbox 928 3895 1039 3935; x_wconf 84' lang='lat' dir='ltr'>sanetum</span> <span class='ocrx_word' id='word_1_290' title='bbox 1058 3901 1101 3935; x_wconf 89' lang='lat' dir='ltr'>om.</span> <span class='ocrx_word' id='word_1_291' title='bbox 1114 3887 1137 3934; x_wconf 83' lang='lat' dir='ltr'>d.</span> <span class='ocrx_word' id='word_1_292' title='bbox 1173 3883 1213 3933; x_wconf 88' lang='grc'>25.</span> <span class='ocrx_word' id='word_1_293' title='bbox 1233 3885 1399 3948; x_wconf 79' lang='lat' dir='ltr'>possuntdlo.</span> 
     </span>
     <span class='ocr_line' id='line_1_34' title="bbox 231 3951 1400 4021; baseline -0.003 -16"><span class='ocrx_word' id='word_1_294' title='bbox 231 3962 310 4016; x_wconf 77' lang='lat' dir='ltr'>possins</span> <span class='ocrx_word' id='word_1_295' title='bbox 327 3959 425 4021; x_wconf 75' lang='lat' dir='ltr'>reliqui,</span> <span class='ocrx_word' id='word_1_296' title='bbox 442 3965 463 4004; x_wconf 82' lang='lat' dir='ltr'>et</span> <span class='ocrx_word' id='word_1_297' title='bbox 475 3958 538 4005; x_wconf 76' lang='lat' dir='ltr'>fuir.</span> <span class='ocrx_word' id='word_1_298' title='bbox 550 3957 656 4004; x_wconf 75' lang='lat' dir='ltr'>Ursinus.</span> <span class='ocrx_word' id='word_1_299' title='bbox 707 3955 748 4005; x_wconf 86' lang='grc'>26.</span> <span class='ocrx_word' id='word_1_300' title='bbox 767 3970 793 4003; x_wconf 86' lang='lat' dir='ltr'>se</span> <span class='ocrx_word' id='word_1_301' title='bbox 812 3956 892 4004; x_wconf 86' lang='lat' dir='ltr'>dicant</span> <span class='ocrx_word' id='word_1_302' title='bbox 910 3954 1040 4002; x_wconf 86' lang='lat' dir='ltr'>delendere</span> <span class='ocrx_word' id='word_1_303' title='bbox 1061 3952 1126 4002; x_wconf 81' lang='lat' dir='ltr'>Colo.</span> <span class='ocrx_word' id='word_1_304' title='bbox 1162 3966 1188 4000; x_wconf 83' lang='lat' dir='ltr'>se</span> <span class='ocrx_word' id='word_1_305' title='bbox 1207 3952 1337 4001; x_wconf 79' lang='lat' dir='ltr'>defendere</span> <span class='ocrx_word' id='word_1_306' title='bbox 1355 3951 1400 4002; x_wconf 80' lang='lat' dir='ltr'>AB.</span> 
     </span>
     <span class='ocr_line' id='line_1_35' title="bbox 231 4021 1275 4086; baseline -0.004 -15"><span class='ocrx_word' id='word_1_307' title='bbox 231 4024 348 4074; x_wconf 75' lang='lat' dir='ltr'>detrudere</span> <span class='ocrx_word' id='word_1_308' title='bbox 367 4028 391 4073; x_wconf 83' lang='lat' dir='ltr'>d.</span> <span class='ocrx_word' id='word_1_309' title='bbox 446 4023 488 4072; x_wconf 79' lang='lat'>27.</span> <span class='ocrx_word' id='word_1_310' title='bbox 508 4026 531 4072; x_wconf 89' lang='lat' dir='ltr'>in</span> <span class='ocrx_word' id='word_1_311' title='bbox 552 4025 701 4086; x_wconf 71' lang='lat' dir='ltr'>quibuslot.</span> <span class='ocrx_word' id='word_1_312' title='bbox 754 4022 795 4072; x_wconf 83' lang='grc'>28.</span> <span class='ocrx_word' id='word_1_313' title='bbox 815 4021 1010 4070; x_wconf 74' lang='lat' dir='ltr'>estenimrlUd.</span> <span class='ocrx_word' id='word_1_314' title='bbox 1046 4021 1109 4068; x_wconf 90' lang='lat' dir='ltr'>enim</span> <span class='ocrx_word' id='word_1_315' title='bbox 1131 4027 1168 4067; x_wconf 90' lang='lat' dir='ltr'>est</span> <span class='ocrx_word' id='word_1_316' title='bbox 1183 4021 1275 4084; x_wconf 76' lang='lat' dir='ltr'>reliqui</span> 
     </span>
    </p>

    <p class='ocr_par' dir='ltr' id='par_1_7' title="bbox 228 4086 1400 4415">
     <span class='ocr_line' id='line_1_36' title="bbox 283 4086 1399 4155; baseline -0.005 -14"><span class='ocrx_word' id='word_1_317' title='bbox 283 4094 341 4155; x_wconf 78' lang='lat' dir='ltr'>Cap.</span> <span class='ocrx_word' id='word_1_318' title='bbox 362 4092 446 4142; x_wconf 77' lang='lat' dir='ltr'>xxttl.</span> <span class='ocrx_word' id='word_1_319' title='bbox 486 4092 508 4140; x_wconf 92' lang='lat' dir='ltr'>l.</span> <span class='ocrx_word' id='word_1_320' title='bbox 527 4106 583 4140; x_wconf 81' lang='lat' dir='ltr'>cnut</span> <span class='ocrx_word' id='word_1_321' title='bbox 604 4092 691 4140; x_wconf 81' lang='lat' dir='ltr'>sold.</span> <span class='ocrx_word' id='word_1_322' title='bbox 727 4105 780 4139; x_wconf 87' lang='lat' dir='ltr'>cum</span> <span class='ocrx_word' id='word_1_323' title='bbox 800 4104 829 4138; x_wconf 85' lang='lat' dir='ltr'>eo</span> <span class='ocrx_word' id='word_1_324' title='bbox 849 4096 918 4137; x_wconf 89' lang='lat' dir='ltr'>erant</span> <span class='ocrx_word' id='word_1_325' title='bbox 933 4089 1026 4151; x_wconf 83' lang='lat' dir='ltr'>reliqui.</span> <span class='ocrx_word' id='word_1_326' title='bbox 1068 4086 1091 4135; x_wconf 90' lang='grc'>2.</span> <span class='ocrx_word' id='word_1_327' title='bbox 1110 4087 1218 4135; x_wconf 78' lang='lat' dir='ltr'>suntrlll.</span> <span class='ocrx_word' id='word_1_328' title='bbox 1249 4087 1399 4149; x_wconf 86' lang='lat' dir='ltr'>sintreliqsss&#39;.</span> 
     </span>
     <span class='ocr_line' id='line_1_37' title="bbox 230 4153 1400 4220; baseline -0.003 -16"><span class='ocrx_word' id='word_1_329' title='bbox 230 4157 359 4209; x_wconf 73' lang='lat' dir='ltr'>llossum</span> <span class='ocrx_word' id='word_1_330' title='bbox 377 4164 405 4210; x_wconf 74' lang='lat' dir='ltr'>A.</span> <span class='ocrx_word' id='word_1_331' title='bbox 443 4160 551 4207; x_wconf 82' lang='lat' dir='ltr'>Possunt</span> <span class='ocrx_word' id='word_1_332' title='bbox 570 4159 596 4206; x_wconf 80' lang='lat' dir='ltr'>B.</span> <span class='ocrx_word' id='word_1_333' title='bbox 634 4157 766 4206; x_wconf 82' lang='lat' dir='ltr'>Possumus</span> <span class='ocrx_word' id='word_1_334' title='bbox 784 4159 877 4220; x_wconf 83' lang='lat' dir='ltr'>reliqui.</span> <span class='ocrx_word' id='word_1_335' title='bbox 913 4155 1024 4203; x_wconf 64' lang='lat' dir='ltr'>tute</span> <span class='ocrx_word' id='word_1_336' title='bbox 1060 4155 1093 4203; x_wconf 88' lang='lat' dir='ltr'>uti</span> <span class='ocrx_word' id='word_1_337' title='bbox 1112 4155 1205 4216; x_wconf 85' lang='lat' dir='ltr'>reliqui.</span> <span class='ocrx_word' id='word_1_338' title='bbox 1246 4153 1268 4201; x_wconf 87' lang='grc'>5.</span> <span class='ocrx_word' id='word_1_339' title='bbox 1288 4154 1400 4216; x_wconf 73' lang='lat' dir='ltr'>quatinus</span> 
     </span>
     <span class='ocr_line' id='line_1_38' title="bbox 229 4220 1400 4291; baseline -0.005 -18"><span class='ocrx_word' id='word_1_340' title='bbox 229 4230 253 4278; x_wconf 82' lang='lat' dir='ltr'>l..</span> <span class='ocrx_word' id='word_1_341' title='bbox 267 4247 307 4291; x_wconf 62' lang='lat' dir='ltr'>pro</span> <span class='ocrx_word' id='word_1_342' title='bbox 327 4246 398 4277; x_wconf 82' lang='lat' dir='ltr'>nore.</span> <span class='ocrx_word' id='word_1_343' title='bbox 455 4226 480 4274; x_wconf 87' lang='grc'>6.</span> <span class='ocrx_word' id='word_1_344' title='bbox 500 4229 521 4273; x_wconf 88' lang='lat' dir='ltr'>si</span> <span class='ocrx_word' id='word_1_345' title='bbox 541 4228 594 4289; x_wconf 88' lang='lat' dir='ltr'>ipse</span> <span class='ocrx_word' id='word_1_346' title='bbox 613 4226 669 4288; x_wconf 88' lang='lat' dir='ltr'>(ipsi</span> <span class='ocrx_word' id='word_1_347' title='bbox 688 4227 758 4288; x_wconf 69' lang='lat' dir='ltr'>orire.)</span> <span class='ocrx_word' id='word_1_348' title='bbox 783 4240 809 4272; x_wconf 89' lang='lat' dir='ltr'>se</span> <span class='ocrx_word' id='word_1_349' title='bbox 833 4222 970 4288; x_wconf 87' lang='lat' dir='ltr'>apostolum</span> <span class='ocrx_word' id='word_1_350' title='bbox 989 4223 1110 4283; x_wconf 78' lang='lat' dir='ltr'>lomglcd.</span> <span class='ocrx_word' id='word_1_351' title='bbox 1153 4221 1197 4268; x_wconf 87' lang='lat' dir='ltr'>snb</span> <span class='ocrx_word' id='word_1_352' title='bbox 1216 4234 1242 4268; x_wconf 90' lang='lat' dir='ltr'>se</span> <span class='ocrx_word' id='word_1_353' title='bbox 1260 4220 1400 4282; x_wconf 78' lang='lat' dir='ltr'>apostolum</span> 
     </span>
     <span class='ocr_line' id='line_1_39' title="bbox 229 4285 1400 4359; baseline -0.006 -16"><span class='ocrx_word' id='word_1_354' title='bbox 229 4298 299 4345; x_wconf 76' lang='lat' dir='ltr'>ets.</span> <span class='ocrx_word' id='word_1_355' title='bbox 335 4294 579 4359; x_wconf 80' lang='lat' dir='ltr'>pseudoapostolum</span> <span class='ocrx_word' id='word_1_356' title='bbox 598 4308 625 4341; x_wconf 84' lang='lat' dir='ltr'>se</span> <span class='ocrx_word' id='word_1_357' title='bbox 645 4293 683 4341; x_wconf 81' lang='lat' dir='ltr'>Uo.</span> <span class='ocrx_word' id='word_1_358' title='bbox 736 4292 838 4342; x_wconf 72' lang='lat' dir='ltr'>&#39;ldees</span> <span class='ocrx_word' id='word_1_359' title='bbox 859 4291 897 4340; x_wconf 84' lang='lat' dir='ltr'>Uo.</span> <span class='ocrx_word' id='word_1_360' title='bbox 949 4286 1329 4350; x_wconf 68' lang='lat' dir='ltr'>ddeeonstimoniumanp.</span> <span class='ocrx_word' id='word_1_361' title='bbox 1374 4285 1400 4337; x_wconf 79' lang='grc'>9.</span> 
     </span>
     <span class='ocr_line' id='line_1_40' title="bbox 228 4355 1119 4415; baseline -0.008 -5"><span class='ocrx_word' id='word_1_362' title='bbox 228 4366 313 4415; x_wconf 61' lang='lat' dir='ltr'>odunt</span> <span class='ocrx_word' id='word_1_363' title='bbox 331 4381 391 4413; x_wconf 77' lang='lat' dir='ltr'>saue</span> <span class='ocrx_word' id='word_1_364' title='bbox 412 4364 479 4412; x_wconf 77' lang='lat' dir='ltr'>fuls.</span> <span class='ocrx_word' id='word_1_365' title='bbox 493 4362 603 4409; x_wconf 77' lang='lat' dir='ltr'>Ursinus.</span> <span class='ocrx_word' id='word_1_366' title='bbox 639 4360 736 4409; x_wconf 76' lang='lat' dir='ltr'>medant</span> <span class='ocrx_word' id='word_1_367' title='bbox 754 4375 812 4409; x_wconf 87' lang='lat' dir='ltr'>sene</span> <span class='ocrx_word' id='word_1_368' title='bbox 831 4377 853 4409; x_wconf 82' lang='lat' dir='ltr'>o.</span> <span class='ocrx_word' id='word_1_369' title='bbox 890 4357 989 4407; x_wconf 88' lang='lat' dir='ltr'>credent</span> <span class='ocrx_word' id='word_1_370' title='bbox 1005 4356 1058 4405; x_wconf 88' lang='lat' dir='ltr'>sine</span> <span class='ocrx_word' id='word_1_371' title='bbox 1076 4355 1119 4404; x_wconf 84' lang='lat' dir='ltr'>BC.</span> 
     </span>
    </p>
   </div>
   <div class='ocr_carea' id='block_1_7' title="bbox 221 4518 1402 4930">
    <p class='ocr_par' dir='ltr' id='par_1_8' title="bbox 221 4518 1402 4930">
     <span class='ocr_line' id='line_1_41' title="bbox 248 4518 1400 4599; baseline -0.01 -20"><span class='ocrx_word' id='word_1_372' title='bbox 248 4534 268 4580; x_wconf 84' lang='lat' dir='ltr'>l.</span> <span class='ocrx_word' id='word_1_373' title='bbox 286 4530 337 4599; x_wconf 72' lang='lat' dir='ltr'>qui]</span> <span class='ocrx_word' id='word_1_374' title='bbox 355 4533 437 4583; x_wconf 85' lang='lat' dir='ltr'>llslim</span> <span class='ocrx_word' id='word_1_375' title='bbox 458 4542 485 4581; x_wconf 80' lang='lat' dir='ltr'>ct</span> <span class='ocrx_word' id='word_1_376' title='bbox 506 4532 559 4594; x_wconf 77' lang='lat' dir='ltr'>qui.</span> <span class='ocrx_word' id='word_1_377' title='bbox 838 4529 988 4581; x_wconf 79' lang='lat' dir='ltr'>convincere.</span> <span class='ocrx_word' id='word_1_378' title='bbox 1007 4525 1137 4584; x_wconf 74' lang='lat' dir='ltr'>revincere,</span> <span class='ocrx_word' id='word_1_379' title='bbox 1151 4523 1284 4573; x_wconf 76' lang='lat' dir='ltr'>confutare.</span> <span class='ocrx_word' id='word_1_380' title='bbox 1311 4518 1400 4570; x_wconf 76' lang='lat' dir='ltr'>Clsd-</span> 
     </span>
     <span class='ocr_line' id='line_1_42' title="bbox 248 4585 1401 4664; baseline -0.014 -14"><span class='ocrx_word' id='word_1_381' title='bbox 248 4617 266 4649; x_wconf 88' lang='lat' dir='ltr'>t.</span> <span class='ocrx_word' id='word_1_382' title='bbox 285 4617 311 4650; x_wconf 84' lang='lat' dir='ltr'>ue</span> <span class='ocrx_word' id='word_1_383' title='bbox 331 4611 423 4664; x_wconf 75' lang='lat' dir='ltr'>pariter</span> <span class='ocrx_word' id='word_1_384' title='bbox 442 4601 612 4648; x_wconf 82' lang='lat' dir='ltr'>admittantur</span> <span class='ocrx_word' id='word_1_385' title='bbox 625 4597 786 4646; x_wconf 84' lang='lat' dir='ltr'>traductiones</span> <span class='ocrx_word' id='word_1_386' title='bbox 839 4605 898 4644; x_wconf 90' lang='lat' dir='ltr'>nott.</span> <span class='ocrx_word' id='word_1_387' title='bbox 927 4594 966 4642; x_wconf 82' lang='lat' dir='ltr'>ed&#39;</span> <span class='ocrx_word' id='word_1_388' title='bbox 984 4593 1017 4642; x_wconf 88' lang='lat' dir='ltr'>Ue</span> <span class='ocrx_word' id='word_1_389' title='bbox 1036 4593 1098 4652; x_wconf 82' lang='lat' dir='ltr'>Fuga</span> <span class='ocrx_word' id='word_1_390' title='bbox 1124 4592 1147 4639; x_wconf 93' lang='lat' dir='ltr'>in</span> <span class='ocrx_word' id='word_1_391' title='bbox 1166 4592 1287 4639; x_wconf 85' lang='lat' dir='ltr'>Persecut.</span> <span class='ocrx_word' id='word_1_392' title='bbox 1312 4601 1364 4664; x_wconf 62' lang='lat' dir='ltr'>cap.</span> <span class='ocrx_word' id='word_1_393' title='bbox 1375 4585 1401 4634; x_wconf 87' lang='lat'>2.</span> 
     </span>
     <span class='ocr_line' id='line_1_43' title="bbox 222 4656 1402 4733; baseline -0.009 -20"><span class='ocrx_word' id='word_1_394' title='bbox 222 4684 292 4717; x_wconf 71' lang='lat' dir='ltr'>soron</span> <span class='ocrx_word' id='word_1_395' title='bbox 322 4688 384 4733; x_wconf 79' lang='lat' dir='ltr'>quae</span> <span class='ocrx_word' id='word_1_396' title='bbox 416 4662 603 4724; x_wconf 61' lang='lat' dir='ltr'>menticulos]</span> <span class='ocrx_word' id='word_1_397' title='bbox 639 4664 672 4712; x_wconf 79' lang='lat' dir='ltr'>tte</span> <span class='ocrx_word' id='word_1_398' title='bbox 697 4667 788 4728; x_wconf 85' lang='lat' dir='ltr'>pariter</span> <span class='ocrx_word' id='word_1_399' title='bbox 840 4664 877 4712; x_wconf 82' lang='lat' dir='ltr'>Cl.</span> <span class='ocrx_word' id='word_1_400' title='bbox 897 4663 1005 4711; x_wconf 85' lang='lat' dir='ltr'>Glosssr.</span> <span class='ocrx_word' id='word_1_401' title='bbox 1024 4659 1115 4708; x_wconf 87' lang='lat' dir='ltr'>lrenuei</span> <span class='ocrx_word' id='word_1_402' title='bbox 1141 4659 1163 4708; x_wconf 90' lang='lat' dir='ltr'>in</span> <span class='ocrx_word' id='word_1_403' title='bbox 1189 4658 1225 4705; x_wconf 91' lang='lat' dir='ltr'>ed.</span> <span class='ocrx_word' id='word_1_404' title='bbox 1246 4656 1326 4731; x_wconf 78' lang='lat' dir='ltr'>Grsbn</span> <span class='ocrx_word' id='word_1_405' title='bbox 1345 4667 1402 4726; x_wconf 68' lang='lat' dir='ltr'>sy.</span> 
     </span>
     <span class='ocr_line' id='line_1_44' title="bbox 223 4724 1402 4799; baseline -0.015 -18"><span class='ocrx_word' id='word_1_406' title='bbox 223 4739 331 4786; x_wconf 69' lang='lat' dir='ltr'>sanium</span> <span class='ocrx_word' id='word_1_407' title='bbox 356 4747 480 4799; x_wconf 70' lang='grc' dir='ltr'>ωμῃιω·</span> <span class='ocrx_word' id='word_1_408' title='bbox 514 4732 584 4794; x_wconf 79' lang='lat' dir='ltr'>qsrod</span> <span class='ocrx_word' id='word_1_409' title='bbox 603 4733 724 4780; x_wconf 77' lang='lat' dir='ltr'>meridicin</span> <span class='ocrx_word' id='word_1_410' title='bbox 743 4747 787 4780; x_wconf 83' lang='lat' dir='ltr'>sua</span> <span class='ocrx_word' id='word_1_411' title='bbox 874 4728 1024 4792; x_wconf 85' lang='lat' dir='ltr'>Caplllllll.</span> <span class='ocrx_word' id='word_1_412' title='bbox 1050 4742 1071 4775; x_wconf 93' lang='lat' dir='ltr'>s.</span> <span class='ocrx_word' id='word_1_413' title='bbox 1090 4726 1137 4775; x_wconf 85' lang='lat' dir='ltr'>Sed</span> <span class='ocrx_word' id='word_1_414' title='bbox 1157 4724 1256 4774; x_wconf 86' lang='lat' dir='ltr'>credent</span> <span class='ocrx_word' id='word_1_415' title='bbox 1273 4731 1402 4770; x_wconf 86' lang='lat' dir='ltr'>ssnsscri·</span> 
     </span>
     <span class='ocr_line' id='line_1_45' title="bbox 222 4789 1401 4868; baseline -0.021 -14"><span class='ocrx_word' id='word_1_416' title='bbox 222 4810 314 4853; x_wconf 59' lang='lat' dir='ltr'>umores</span> <span class='ocrx_word' id='word_1_417' title='bbox 339 4811 362 4855; x_wconf 88' lang='lat' dir='ltr'>in</span> <span class='ocrx_word' id='word_1_418' title='bbox 388 4808 488 4868; x_wconf 77' lang='lat' dir='ltr'>uulgus.</span> <span class='ocrx_word' id='word_1_419' title='bbox 514 4798 626 4858; x_wconf 74' lang='lat' dir='ltr'>(Rigalt.)</span> <span class='ocrx_word' id='word_1_420' title='bbox 661 4801 788 4850; x_wconf 80' lang='lat' dir='ltr'>lroducrre</span> <span class='ocrx_word' id='word_1_421' title='bbox 840 4795 929 4860; x_wconf 87' lang='lat' dir='ltr'>pturisl</span> <span class='ocrx_word' id='word_1_422' title='bbox 955 4797 1000 4854; x_wconf 81' lang='lat' dir='ltr'>Qui</span> <span class='ocrx_word' id='word_1_423' title='bbox 1019 4809 1066 4843; x_wconf 93' lang='lat' dir='ltr'>non</span> <span class='ocrx_word' id='word_1_424' title='bbox 1085 4794 1204 4854; x_wconf 87' lang='lat' dir='ltr'>recipiunt</span> <span class='ocrx_word' id='word_1_425' title='bbox 1222 4793 1278 4838; x_wconf 77' lang='lat' dir='ltr'>dots</span> <span class='ocrx_word' id='word_1_426' title='bbox 1296 4789 1401 4848; x_wconf 74' lang='lat' dir='ltr'>Aposto-</span> 
     </span>
     <span class='ocr_line' id='line_1_46' title="bbox 221 4853 1402 4930; baseline -0.017 -14"><span class='ocrx_word' id='word_1_427' title='bbox 221 4885 269 4921; x_wconf 80' lang='lat' dir='ltr'>rnu</span> <span class='ocrx_word' id='word_1_428' title='bbox 293 4876 442 4925; x_wconf 71' lang='lat' dir='ltr'>Tertulliano</span> <span class='ocrx_word' id='word_1_429' title='bbox 472 4868 559 4928; x_wconf 73' lang='lat' dir='ltr'>sulse</span> <span class='ocrx_word' id='word_1_430' title='bbox 584 4873 620 4914; x_wconf 78' lang='lat' dir='ltr'>est</span> <span class='ocrx_word' id='word_1_431' title='bbox 642 4870 788 4930; x_wconf 81' lang='lat' dir='ltr'>psselscere,</span> <span class='ocrx_word' id='word_1_432' title='bbox 840 4867 929 4926; x_wconf 89' lang='lat' dir='ltr'>lorum,</span> <span class='ocrx_word' id='word_1_433' title='bbox 952 4863 1055 4913; x_wconf 84' lang='lat' dir='ltr'>eredunt</span> <span class='ocrx_word' id='word_1_434' title='bbox 1079 4870 1158 4912; x_wconf 85' lang='lat' dir='ltr'>temen</span> <span class='ocrx_word' id='word_1_435' title='bbox 1177 4857 1277 4908; x_wconf 81' lang='lat' dir='ltr'>Paulum</span> <span class='ocrx_word' id='word_1_436' title='bbox 1295 4853 1325 4900; x_wconf 88' lang='lat' dir='ltr'>de</span> <span class='ocrx_word' id='word_1_437' title='bbox 1343 4860 1402 4912; x_wconf 89' lang='lat' dir='ltr'>pes·</span> 
     </span>
    </p>
   </div>
   <div class='ocr_carea' id='block_1_8' title="bbox 0 0 1626 5775">
    <p class='ocr_par' dir='ltr' id='par_1_9' title="bbox 0 0 1626 5775">
     <span class='ocr_line' id='line_1_47' title="bbox 0 0 1626 5775; baseline 0 0"><span class='ocrx_word' id='word_1_438' title='bbox 0 0 1626 5775; x_wconf 95' lang='lat' dir='ltr'> </span> 
     </span>
    </p>
   </div>
  </div>
 </body>
</html>
