3242 5775
159 1495 591 1614 ADVERSUS
641 1498 1332 1623 VALENTINIANOS.

223 1967 475 2069 ¹Vaientiniani,
497 1996 771 2076 frequentissimum
793 1998 881 2079 plane
895 1998 1050 2079 collegium
1065 1999 1144 2063 inter
1157 2000 1333 2078 haereticos,
1352 2022 1434 2090 capr.

161 2096 223 2174 quia
251 2094 415 2174 plurimum
443 2113 479 2156 ex
506 2096 651 2175 apostatis
682 2098 816 2159 veritatis
851 2108 882 2161 et
909 2099 945 2160 ad
973 2099 1085 2162 iabuias
1118 2101 1201 2163 iaciie
1228 2112 1277 2164 est
1304 2112 1335 2167 et
1409 2141 1414 2154 ·

161 2194 315 2275 disciplina
344 2212 405 2256 nou
434 2204 589 2271 temetum,
624 2197 698 2259 niirii
726 2198 818 2276 magis
847 2208 951 2261 curant
972 2182 1059 2279 quam
1082 2200 1229 2264 oocrrilare
1251 2202 1332 2282 (prod

157 2296 347 2375 praedicant3
377 2295 404 2355 ai
427 2302 523 2356 tamen
545 2298 717 2375 praedicant
738 2299 787 2376 qui
811 2300 968 2361 occultant.
1013 2300 1173 2362 Custodiae
1203 2301 1333 2363 officium

156 2394 361 2459 eousmentiae
382 2393 530 2459 'cilicium
549 2404 604 2459 ost.
658 2396 800 2459 Confusio
815 2400 1018 2479 praedicatur,
1041 2401 1110 2464 dum
1132 2399 1236 2480 religio
1259 2399 1332 2464 'ad·
1389 2414 1396 2422 ·

154 2504 322 2558 mear.
354 2493 428 2554 Nam
450 2503 480 2555 et
502 2495 550 2555 iiia
571 2497 756 2571 ‘Eleusinia
780 2499 912 2561 haeresis
936 2508 965 2561 et
987 2502 1052 2580 ipsa
1074 2501 1202 2562 ⁵iittioae
1222 2520 1332 2582 super·

152 2596 308 2668 tutionis,
332 2595 412 2673 quod
434 2602 531 2656 tacent
551 2597 648 2675 pudor
670 2606 724 2659 est.
754 2598 867 2662 Idcirco
884 2608 913 2662 ct
927 2600 1055 2664 “aditum
1070 2602 1153 2682 prius
1168 2601 1331 2677 mutauit,

150 2695 266 2759 fluum
290 2694 411 2757 initiant
431 2694 606 2775 ⁷antequam
629 2698 830 2777 corsignano,
853 2699 935 2763 'urim
957 2710 1081 2790 epoptas
1094 2702 1332 2782 quinquennium

221 2880 287 2944 Cap.
306 2878 327 2928 i.
362 2879 385 2927 i.
403 2878 518 2930 Valentini
537 2882 569 2931 io.
580 2882 668 2932 droiiue
687 2883 783 2948 Speeirn.
794 2884 980 2936 Coniecturaranr
997 2895 1018 2937 el
1033 2887 1158 2938 Olaereatl.
1177 2890 1202 2937 in
1220 2890 1333 2953 quaedam
1400 2937 1410 2953 ,

148 2951 203 3000 laea
224 2948 345 3009 Oripenis,
365 2948 462 3009 irenaei,
484 2949 618 2998 Tertulliani
636 2951 798 3015 elEpipiranii,
819 2956 849 3002 ad
867 2955 952 3004 calcem
963 2954 1051 3003 irenaei
1063 2956 1118 3018 Opp.
1137 2956 1193 3004 edil.
1206 2956 1330 3016 io.Grale,

145 3034 170 3081 p.
187 3016 229 3064 tu.
287 3013 312 3061 2.
332 3013 444 3062 edacium
464 3016 507 3064 ios.
523 3017 633 3079 Scaiiqer.
686 3017 710 3066 3.
736 3019 875 3068 adservatur
898 3021 936 3069 Fr.
946 3022 1035 3070 tautae.
1087 3021 1111 3070 t.
1129 3022 1237 3072 cierraine
1256 3023 1332 3084 tl.,er

147 3084 228 3134 cedes
247 3083 350 3144 scriptur
368 3081 426 3130 ilill.
444 3083 611 3133 Lauremianae
628 3085 674 3133 iiii.
691 3085 832 3148 piatriil'i.
885 3087 908 3135 5.
928 3089 1002 3137 actico
1019 3088 1062 3137 tit.
1106 3086 1132 3138 δ.
1151 3089 1215 3138 aditu
1236 3089 1268 3139 Gi.
1279 3088 1334 3140 Sat-

146 3148 242 3199 nasirsd
262 3148 453 3211 inSolin.p.¹l.
490 3150 608 3199 aditurum
627 3153 762 3200 Fniuniua.
804 3152 828 3199 t.
847 3162 973 3216 antequam
992 3169 1042 3216 eoa.
1077 3154 1182 3213 linguam
1202 3157 1225 3204 d.
1261 3169 1332 3219 quem

147 3217 295 3267 enimin.
333 3229 403 3278 quarn
421 3215 525 3265 tutan.
539 3217 716 3266 Laurentianus.
751 3232 805 3266 eum
824 3233 852 3266 os
870 3219 965 3280 signant
982 3222 1100 3282 rescripsit
1108 3220 1140 3268 Cl.
1149 3221 1278 3271 Salmasius
1291 3222 1308 3271 l.
1316 3220 1333 3271 l.

148 3282 176 3333 8.
196 3296 255 3334 turn
275 3290 376 3344 epoptas
395 3283 583 3345 quinquennium
602 3301 651 3347 epo.
692 3299 745 3333 cum
771 3293 872 3348 epoptas
897 3293 951 3334 ante
976 3285 1140 3348 quinquennio
1165 3287 1332 3348 landealiper.

150 3365 208 3400 eum
229 3355 335 3412 epoptas
353 3357 407 3397 ante
426 3351 614 3413 quinquennium
634 3353 666 3413 d,
686 3352 823 3401 Salmasius.
864 3367 918 3401 cum
938 3360 1062 3416 etportaa
1081 3352 1269 3414 quinquennium
1288 3352 1333 3401 ΑΒ.

151 3419 336 3468 horatianos.
372 3430 425 3465 cum
446 3425 468 3465 et
485 3426 568 3481 portas
587 3428 641 3467 aute
659 3419 848 3482 quinquennium
869 3418 935 3469 cole.

190 3583 253 3646 cap.
270 3582 289 3631 i.
314 3596 335 3630 a.
354 3591 377 3631 et
395 3583 522 3645 disciplina
540 3599 587 3634 non
604 3579 720 3650 terretur]
767 3585 853 3647 plenus
871 3581 1026 3633 usmetarf‘
1044 3581 1135 3640 (ilesid.
1147 3581 1333 3633 nescirentur-
1414 3608 1416 3612 Δ

156 3650 295 3708 Quominns
307 3649 395 3698 iabuiis
412 3651 482 3698 iidem
494 3653 605 3708 habeant,
623 3660 662 3700 out
673 3654 718 3700 iam
772 3652 847 3700 madi.
858 3651 887 3699 ad
898 3652 987 3700 Arnob.
1006 3650 1046 3697 iib.
1059 3649 1100 3698 iii.
1119 3647 1221 3712 ptati.)
1238 3649 1332 3699 tuito·

156 3718 261 3765 maeatis
286 3717 422 3775 credendo,
451 3726 491 3767 ant
514 3719 719 3767 comminiscendo
771 3719 880 3767 crucient
901 3711 1103 3783 aelupoeyuye‘qr,
1132 3716 1193 3764 rictu
1217 3715 1332 3776 tristiore,

156 3797 242 3840 mas,
260 3790 285 3830 nt
303 3791 367 3832 recte
379 3784 626 3845 explicatiilreuanus.
651 3786 719 3845 Nam,
770 3786 876 3843 silentio,
896 3786 1100 3841 immolatione,
1114 3782 1333 3833 castimoniaaiiis·

158 3858 185 3898 et
205 3848 282 3914 peuio
305 3857 361 3913 post
385 3851 455 3909 dicet,
486 3852 524 3911 „si
549 3853 639 3916 aliquid
669 3854 721 3901 nori
772 3867 820 3915 qne
846 3852 984 3901 huiusmodi
1008 3851 1162 3913 rigidioribus
1189 3851 1333 3915 tisoipttnae

160 3916 329 3977 adstruxerint,
350 3918 520 3967 revelationem
538 3920 618 3968 statim
636 3920 722 3982 appei-
773 3919 894 3967 institutis.
915 3918 1020 3979 (Rigalt.)

161 3982 208 4033 irat
226 3986 477 4047 praesumptionem.“
807 4002 828 4035 c.
838 3986 927 4035 diutius
938 3987 1031 4033 initiant
1040 3994 1168 4048 autequam
1178 3979 1333 4050 consignant]

191 4052 216 4100 b.
237 4050 325 4100 aditam
344 4053 413 4113 prius
432 4049 549 4117 cruciant]
569 4052 593 4101 id
613 4060 649 4100 est
667 4052 721 4101 inii-
771 4051 806 4101 ita
826 4053 926 4112 correxi,
944 4051 1067 4101 iiiodante
1082 4051 1250 4114 repetendum
1261 4064 1333 4113 prae-

126 4148 128 4153 ·
162 4117 221 4166 adae
246 4118 400 4168 diiiicuitates
425 4120 539 4177 obiciunt,
569 4120 656 4183 quibus
680 4134 720 4168 sa·
772 4134 857 4180 greaeo
886 4121 987 4167 initiant.
1038 4119 1131 4180 Sipnari
1154 4126 1177 4166 et
1201 4119 1334 4180 eomipnart'

163 4185 230 4232 marii
248 4185 327 4234 aditus
346 4186 490 4245 retardatur,
508 4195 579 4249 atque
597 4187 628 4234 ita
641 4187 720 4235 homi·
772 4187 885 4235 dicuntur
903 4187 917 4234 ii
937 4187 976 4248 qui
995 4193 1051 4247 post
1064 4183 1234 4248 sumptainitia
1247 4185 1333 4247 pieriae

161 4263 203 4299 aes
221 4251 295 4315 longo
313 4252 434 4301 desiderio
453 4257 566 4302 cruciant.
591 4255 631 4302 Sic
649 4267 720 4308 „am·
772 4254 818 4303 iam
837 4252 1013 4302 consecrationi
1031 4251 1196 4301 edmiuarrtar.
1232 4251 1334 4315 dpeiog.

162 4316 244 4379 pluas
268 4320 396 4369 cruciare*
426 4320 482 4369 dicit
506 4320 620 4384 Apuleius
643 4320 720 4368 idiies.
770 4320 848 4384 eep.8
867 4320 1258 4381 „Taliaiaitialaeelaaneipnatee
1275 4319 1333 4368 sirie

161 4381 328 4451 tuapte]
347 4387 400 4448 „De
419 4388 464 4436 isto
483 4389 588 4450 quidem,
607 4387 638 4436 mi
656 4388 721 4436 irari-
772 4389 795 4436 iu
815 4387 925 4436 seram.“
968 4385 1028 4434 tuit.
1053 4384 1135 4449 erp-d
1162 4384 1257 4446 „iiedie
1281 4385 1334 4435 istis

161 4450 199 4511 iis.
216 4461 295 4503 tecam
315 4456 366 4518 ipsa
385 4455 482 4515 viderie,
506 4470 577 4519 quem
595 4456 647 4503 aine
667 4468 720 4502 meo
771 4454 886 4504 Bellonae
912 4461 1021 4502 samatus
1054 4451 1153 4513 sanguis
1183 4452 1213 4500 de
1241 4451 1334 4501 temore

106 4530 107 4551 ¹
161 4520 260 4571 coasilio
278 4524 374 4585 pigrum
400 4530 423 4570 et
446 4521 631 4571 toruidotoaom
651 4521 721 4569 lami·
772 4523 896 4584 proscisso
915 4520 939 4569 irr
956 4519 1088 4584 palmariam
1106 4528 1220 4583 exceptus
1239 4525 1264 4567 et
1281 4517 1333 4567 esai
1379 4542 1382 4551 ·

161 4584 241 4636 darem
260 4590 333 4638 istum
352 4590 437 4637 sortita
456 4604 491 4648 ea,
518 4590 557 4653 qui
577 4591 722 4638 incurriset
772 4584 958 4650 datossiqnat.“
980 4583 1334 4647 Ci.idr.iiare.i‚28„aipnat

106 4650 107 4701 i
161 4656 234 4704 odiosi
253 4657 333 4705 mariti
352 4656 388 4704 toi
407 4664 543 4718 asperatum
564 4656 720 4719 supercilium
772 4655 845 4716 igitur
863 4655 993 4714 hominem,
1021 4667 1141 4718 nonquam
1167 4652 1231 4716 epod
1248 4664 1276 4698 aa
1294 4663 1334 4697 re-

106 4716 107 4769 i
160 4722 272 4783 writer
289 4724 465 4788 perhorrescit,
485 4738 511 4772 ac
528 4738 573 4789 per
590 4725 721 4772 hoaamo-
771 4722 919 4783 signatum.⁸‘
954 4721 1044 4772 Contra
1063 4721 1165 4770 iudans
1184 4715 1262 4781 eapd
1279 4715 1335 4776 „si-

158 4790 190 4839 νὴ
212 4791 320 4855 languidi
347 4790 441 4840 desidia
464 4799 518 4840 tuos
542 4790 648 4840 retentes
673 4805 721 4840 anr-
772 4797 856 4852 ocante
878 4789 993 4839 visionem
1018 4797 1043 4839 et
1072 4785 1214 4852 prophetias
1241 4795 1335 4842 omues,
