3242 5775
614 626 654 671 ua
674 627 779 672 rame
1219 619 1286 686 m

109 773 183 836 ailad
203 772 299 855 mame
321 793 429 838 eurana
450 793 538 856 quam
560 775 619 839 hoo
645 776 745 859 ipsum
772 777 929 844 uendere
956 779 1038 860 qnod
1065 782 1283 863 praedieamua,

108 894 146 938 ne
166 874 252 938 laesio
273 876 429 939 mdamm
451 877 566 940 animas
587 877 743 942 universas
764 880 801 942 ad
824 880 939 943 interos
958 880 1070 962 refigi,
1092 890 1169 946 utet
1183 884 1285 950 iudioii

108 985 138 1040 et
158 977 390 1040 resurrectionis
417 977 505 1040 tidem
537 973 696 1042 ”ument-
745 980 784 1043 Et
809 988 910 1043 umen
936 981 986 1045 ille
1013 982 1158 1060 daemon,
1193 994 1285 1068 poet·
1308 997 1313 1004 “

108 1095 196 1158 qmm
217 1077 444 1144 circumstantes
465 1079 678 1143 oireumaeniro
693 1081 864 1163 temptavit,
884 1082 1026 1145 instantia
1040 1083 1158 1150 divinae
1173 1087 1286 1167 mnae

109 1179 205 1241 rietus
226 1178 258 1241 id
279 1179 359 1259 quod
381 1179 412 1242 in
434 1198 506 1242 vero
528 1190 577 1244 est
601 1181 715 1244 insitus
735 1182 909 1256 ‚mutuose
958 1183 1010 1247 Sie
1036 1192 1068 1247 et
1093 1184 1126 1248 in
1151 1185 1201 1248 illa
1227 1185 1286 1250 alia
1310 1185 1313 1196 '

106 1280 211 1361 speeie
232 1280 361 1360 magiae,
383 1298 459 1360 quae
479 1281 538 1344 iam
560 1282 750 1363 quieseantea
772 1283 888 1346 animas
901 1283 1029 1348 evellere
1042 1284 1080 1347 ab
1095 1286 1199 1352 inieris
1213 1305 1285 1350 ere·

109 1381 189 1444 ditur
209 1390 240 1444 et
260 1381 434 1462 oonspeetui
456 1382 612 1458 uuidere,
634 1401 697 1446 non
712 1383 768 1447 alia
782 1385 913 1448 lallaoiae
927 1384 972 1448 rie
987 1393 1035 1449 eet
1053 1385 1285 1468 '‘openntior.

108 1482 216 1557 Plane,
238 1483 306 1563 qnia
328 1490 360 1544 et
378 1482 552 1562 phantasma
573 1493 759 1565 praestatur,
780 1485 849 1565 quia
870 1494 902 1548 et
915 1504 1026 1568 comm
1041 1485 1208 1569 aldng'ltnn
1227 1505 1307 1556 neo.

108 1583 276 1664 ¹¹magnum
298 1583 339 1645 illi
362 1584 525 1646 exteriores
548 1585 652 1648 oorlos
674 1586 920 1650 drwmseribere
940 1587 988 1650 uari
1009 1587 1183 1652 interiorem
1196 1605 1285 1658 utut-

108 1684 147 1748 tis
168 1664 262 1746 a'eiem
285 1703 441 1747 moaooare
462 1685 601 1767 perlaoile
622 1694 680 1749 est.
717 1687 851 1770 Corpora
872 1687 1000 1769 denique
1014 1688 1191 1752 ridebantur
1202 1689 1285 1754 Plra·

108 1784 195 1848 raoni
223 1795 255 1848 et
281 1786 429 1866 Aegyptiis
457 1787 637 1868 modestum
663 1788 811 1869 virgarum
841 1788 1000 1852 dracones.
1056 1788 1118 1852 iled
1144 1787 1435 1871 'llaeadfflmss

108 1886 218 1949 veritas
239 1887 425 1949 mendacium
446 1885 637 1950 ”devoravit
680 1888 769 1952 ldulta
791 1889 893 1971 ntique
914 1898 946 1951 et
965 1888 1107 1953 adversor
1128 1887 1283 1971 apostolos
1294 1901 1424 1998 amastrae

109 1986 243 2050 ¹‘Simon
263 1995 296 2050 et
315 1988 433 2069 Elymas
462 1988 556 2069 mapi3
589 1990 643 2051 sed
670 1990 755 2072 plaga
782 1990 932 2053 uocitatie
959 1990 998 2052 de
1023 1990 1192 2071 praestigiis
1217 2007 1283 2054 uon
1294 1959 1424 2058 nrrssaffll

109 2090 172 2151 luit
205 2088 284 2162 Quid
304 2089 373 2151 novi
396 2089 554 2151 aemulatio
575 2091 709 2153 ver-iulis
730 2108 747 2152 a
770 2090 877 2170 spirito
898 2087 1077 2153 immundo?
1104 2090 1285 2156 Euoelrodie

109 2189 244 2254 omnem
266 2190 397 2256 Simonis
418 2189 614 2256 ¹‘haereticos
638 2199 716 2254 tenu
736 2191 942 2273 praesumptio
970 2189 1071 2254 ¹'artie
1092 2191 1223 2267 extollit,
1250 2200 1286 2256 nt

110 2291 197 2353 etiam
227 2291 440 2372 prophetarum
467 2292 583 2354 animas
612 2292 650 2355 ab
676 2291 781 2355 inieris
807 2309 930 2355 morere
957 2310 993 2356 se
1021 2291 1198 2373 spondeant.
1246 2291 1286 2356 lit

110 2392 199 2455 eredo
222 2391 313 2472 quiak
334 2392 488 2456 mendacio
510 2402 649 2474 possunt.
691 2392 753 2455 Nee
773 2393 853 2456 enim
874 2393 1035 2476 pythonieo
1056 2401 1130 2456 tuno
1149 2373 1386 2480 spiaitni¹1¹¹⁸v⁸ffl2
1475 2391 1478 2398 '

109 2493 208 2556 ninus
230 2493 313 2556 liorait
333 2494 461 2556 animam
483 2494 630 2557 Samuelis
653 2494 810 2574 attingere,
837 2501 910 2575 post
936 2494 1025 2557 deum
1046 2501 1183 2556 mortuos
1205 2511 1282 2558 eoa·
1307 2477 1376 2532 Μ·

109 2594 225 2657 edente
245 2594 344 2656 Saule.
386 2593 472 2656 absit
492 2594 623 2675 alioquin
645 2603 679 2657 ut
698 2595 826 2658 animam
848 2594 1139 2667 montesancto,
1171 2594 1283 2660 aedon

108 2695 288 2775 prophetae,
310 2694 500 2758 adaemonio
521 2696 677 2758 eradamus
692 2703 868 2771 armatam,
890 2695 988 2758 edocti
1008 2695 1089 2776 quod
1110 2693 1178 2777 ipse
1199 2703 1281 2760 aata-
1295 2692 1372 2788 ''ffi-

109 2791 168 2858 nae'
184 2796 411 2876 transfiguretur
432 2797 462 2857 in
484 2797 620 2878 angelum
641 2796 726 2871 lueis,
747 2796 857 2859 nedmn
872 2797 904 2859 in
921 2795 1071 2859 hominem
1086 2795 1172 2870 luoia.
1192 2797 1282 2860 etiam
1294 2743 1401 2899 ᾖ*

110 2897 197 2960 deum
219 2916 252 2960 se
273 2897 500 2961 adseveraturus
522 2898 582 2961 ‘'in
603 2901 677 2975 line,
696 2898 883 2979 ,¹⁸signaqne
903 2897 1126 2980 portentosiora
1147 2898 1283 2965 edituros
1296 2896 1405 2993 ἦῆ

109 2998 144 3060 ad
165 2994 361 3073 evertendos,
385 2999 412 3060 si
436 3000 498 3060 fieri
521 3000 634 3080 possit,
656 3001 780 3063 eleetos.
822 2998 989 3074 llubitavit,
1021 2999 1049 3061 si
1071 3000 1184 3074 torte·‚
1213 3008 1286 3089 tuno
1358 2978 1366 3001 ⁹

109 3101 285 3181 prophetam
313 3118 347 3163 se
375 3099 424 3161 dei
452 3100 645 3174 adseverare,
679 3108 709 3163 et
730 3102 835 3181 utique
855 3099 953 3174 Sauli,
984 3099 1017 3163 in
1044 3118 1105 3181 quo
1132 3099 1193 3163 iam
1219 3100 1287 3183 lp'ee

111 3200 292 3263 morabatur.
335 3201 379 3263 Ne
401 3210 489 3281 putes
511 3200 599 3263 alium
628 3202 724 3264 inisse
750 3201 802 3281 qui
823 3200 1026 3282 ”phantasma
1048 3201 1285 3277 administrabat,

110 3301 198 3364 alium
219 3301 270 3383 qni
292 3303 534 3373 commendabat,
556 3301 610 3364 sed
631 3300 788 3363 ”eandm
809 3299 949 3381 spiritrun
970 3311 1003 3363 et
1015 3300 1046 3363 in
1063 3299 1284 3382 ”pseudopro-

111 3402 229 3482 phetide
252 3412 283 3465 et
304 3404 335 3466 iu
357 3411 492 3483 apostata
514 3401 596 3463 laeile
619 3400 737 3463 mentiri
760 3400 841 3481 quod
862 3400 973 3462 learnt
993 3398 1090 3475 eredi,
1118 3417 1283 3480 perquem

111 3500 236 3567 ¹'Saulis
257 3503 444 3566 ”thesanrns
467 3503 527 3565 illie
547 3511 611 3564 erat
631 3501 683 3565 ubi
704 3508 736 3562 et
762 3518 816 3563 our
846 3500 959 3581 ipsius,
989 3498 1041 3562 unt
1070 3499 1183 3563 soilieet
1208 3500 1285 3563 dns

110 3622 170 3667 non
191 3614 265 3668 erat.
307 3605 345 3666 lit
366 3604 433 3666 ideo
455 3622 618 3684 perquem
640 3603 772 3666 neuram
794 3619 829 3663 se
850 3599 992 3674 eredidit,
1021 3600 1111 3675 vidit,
1138 3600 1208 3681 «paria
1228 3618 1286 3682 per

110 3724 197 3786 quem
218 3707 306 3781 vidit,
334 3715 366 3768 et
386 3705 522 3768 eredidit.
572 3705 605 3767 Si
627 3712 658 3766 et
678 3703 717 3765 de
737 3701 892 3765 noetumde
919 3699 1098 3781 imaginibus
1121 3701 1286 3783 opponitur
1396 3692 1405 3702 ”
1454 3742 1463 3749 -

110 3825 201 3890 saepe
221 3826 282 3873 non
304 3806 445 3869 “frustra
465 3815 603 3871 mortuos
624 3805 736 3867 “visos
757 3808 840 3881 (nam
860 3811 891 3866 et
910 3801 1142 3867 “Nosnouu-
1161 3802 1286 3886 propria

108 3960 147 4013 ld.
164 3961 247 4013 turbet
264 3964 295 4024 2.,
315 3977 365 4013 oasa
383 3962 464 4011 latoio
478 3961 569 4011 maro.
627 3958 693 4010 tob.
715 3958 858 4023 operantior
874 3972 925 4022 epo.
968 3956 1094 4020 operatior
1115 3956 1173 4009 lllrl
1193 3970 1283 4008 mee.

109 4028 148 4080 21.
165 4031 298 4092 imaginum
317 4030 342 4079 B.
385 4027 426 4077 22.
445 4028 519 4078 lloaei
536 4028 612 4079 Addo.
647 4026 734 4090 llopeis
752 4027 774 4077 l.
815 4022 1007 4076 to.rteroraes.
1047 4022 1089 4075 24.
1107 4024 1283 4077 studendi.

110 4097 192 4148 Simon
215 4098 282 4148 dedit
304 4104 328 4146 et
345 4097 403 4147 dGo.
447 4095 531 4145 Simon
554 4095 630 4145 edidit
652 4103 676 4145 et
693 4094 864 4156 loe-&oliam
920 4091 964 4143 ld.
985 4091 1099 4143 lamdel
1114 4091 1197 4157 enea.
1239 4090 1283 4143 26.

110 4166 165 4216 artis
189 4165 282 4215 extollit
300 4165 410 4228 aaran
445 4177 472 4212 ee
490 4165 549 4213 artis
567 4163 658 4213 extollit
675 4163 701 4214 t.
744 4161 830 4210 araitsx
846 4159 952 4210 tollite.
1003 4157 1045 4210 t't.
1062 4159 1086 4209 io
1104 4159 1209 4210 mett
1242 4159 1284 4210 ia·

111 4233 176 4297 rigua
194 4233 220 4282 B.
248 4234 339 4295 llrliqui
355 4235 470 4282 omittant.
517 4230 557 4282 ts.
576 4231 644 4294 signa
661 4229 683 4281 ei
700 4229 753 4279 deri
770 4229 849 4293 possit
866 4226 960 4278 eleetos
974 4227 1001 4277 d.
1061 4224 1102 4277 29.
1120 4225 1239 4277 lautam
1253 4231 1283 4279 Δ.

111 4297 150 4350 to.
173 4301 259 4350 eodem
278 4296 325 4363 spui
343 4300 405 4363 drap.
444 4298 530 4348 eodem
553 4300 640 4362 spiritu
656 4299 707 4363 tp.
759 4295 800 4347 31.
819 4292 1026 4361 pseudopmpletl
1043 4294 1070 4345 d.
1113 4290 1153 4345 82
1172 4294 1240 4347 ssaali
1255 4295 1283 4346 Δ.

113 4365 150 4417 32.
173 4369 320 4419 thensaurus
338 4369 387 4431 Αφ.
445 4365 486 4416 at.
511 4368 599 4416 trustra
617 4366 675 4416 ldd.
716 4364 827 4414 lruetrari
848 4363 943 4428 reliqui.
1003 4358 1044 4411 dd.
1068 4360 1139 4412 uiuos
1154 4360 1198 4425 Δρ.
1239 4358 1281 4411 ἢ

112 4433 258 4486 llasamonas
274 4437 318 4497 dd.
352 4434 470 4485 Nasamon
486 4436 536 4500 tp.
571 4434 747 4484 llaeanamoaaa
762 4432 858 4497 reliqal.

144 4569 159 4619 i.
176 4565 264 4636 llosei]
291 4569 326 4619 lle
350 4570 395 4619 liae
413 4569 490 4619 torma
509 4567 603 4632 genitivi
622 4567 669 4617 dixi
754 4564 771 4615 l.
789 4562 919 4630 pythonico
943 4570 1000 4613 tuno
1016 4556 1126 4628 spiritui]
1153 4560 1191 4615 cl.
1207 4572 1284 4625 supra

117 4635 266 4754 ιάὶωεηῗῐῖ
278 4701 346 4769 quia]
365 4704 399 4753 lle
413 4706 468 4768 poio
486 4718 531 4766 pro
540 4704 611 4768 qaod,
630 4707 673 4751 ant
721 4629 923 4765 arxititssm]
940 4696 977 4748 ct.
995 4710 1069 4762 supra
1088 4710 1159 4763 eapp.
1171 4693 1189 4745 0
1201 4699 1226 4761 et
1239 4690 1283 4742 ld.

120 4772 243 4822 tumeatiro
261 4788 283 4822 e.
301 4773 366 4822 inssn.
385 4774 465 4836 posito
484 4771 515 4822 oi.
532 4772 623 4821 adnott.
641 4769 672 4819 ad
757 4781 780 4816 n.
805 4760 967 4829 Nasamonas]
993 4763 1082 4815 llarod.
1099 4762 1138 4827 ll,
1152 4759 1209 4813 172
1244 4759 1294 4810 ct·-

121 4831 155 4885 lil.
171 4840 204 4889 td
222 4840 290 4890 llart.
309 4854 363 4905 eap.
379 4839 403 4888 4.
723 4834 827 4886 Salmas.
845 4833 870 4885 in
887 4833 965 4886 Solia.
983 4831 1079 4898 prat.
