3242 5775
298 641 360 704 548
433 680 436 686 -
551 657 652 707 onmrr
676 655 806 699 seoriam
829 655 994 698 rcoasurrs
1018 653 1214 697 ranrncmaru

298 805 421 868 artificio
445 812 474 864 et
495 804 616 865 arbitrio
638 812 668 865 et
689 804 753 865 iure
777 803 973 882 torquemur?
1008 803 1103 864 Porro
1124 803 1149 863 si
1172 802 1256 863 dives
1278 803 1417 865 dominus
1451 810 1475 860 tt

298 906 429 967 liberalis
452 904 577 966 adfectui
600 912 650 965 aut
671 905 781 982 gloriae
805 924 877 966 stiae
897 913 1051 982 praestans
1079 903 1173 963 solam
1196 903 1278 963 navis
1301 904 1466 965 restitutio-

298 1024 367 1066 nem
390 1007 531 1066 lractenus
554 1023 618 1065 eam
640 1004 793 1066 ”voluerit
816 1006 950 1083 operari,
974 1004 1083 1064 idcireo
1106 1003 1127 1034 ²¹
1138 1012 1169 1064 tu
1187 1004 1312 1081 negabis
1329 1021 1460 1066 necessa·

297 1108 372 1167 riam
401 1107 443 1166 illi
472 1106 674 1184 compaginem
702 1104 873 1183 pristinam,
907 1115 938 1164 ut
965 1104 1071 1164 exinde
1098 1103 1155 1164 iam
1183 1114 1370 1178 vacaturam,
1405 1120 1459 1165 cunr

297 1206 354 1266 soli
378 1206 464 1266 saluti
485 1207 569 1265 naris
593 1206 658 1265 sine
681 1206 852 1283 operatione
876 1203 1051 1264 conveniat?
1084 1202 1176 1281 Igitur
1192 1204 1249 1265 troc
1264 1205 1459 1267 tantummodo

297 1305 411 1366 discere
433 1306 555 1376 sufficit,
578 1323 615 1365 an
637 1305 776 1365 dominus
799 1306 949 1366 bominem
973 1305 1058 1364 saluti
1074 1303 1249 1364 destinando
1273 1324 1393 1366 earnem
1416 1306 1459 1366 de·

297 1406 428 1476 stinarit‚
466 1424 501 1465 an
532 1405 655 1465 eandem
682 1405 778 1464 ²‘uelit
810 1405 908 1465 denuo
942 1397 1131 1482 essequam
1159 1422 1220 1464 non
1250 1404 1375 1467 debebis
1405 1405 1461 1464 ”er

298 1506 396 1566 sutura
417 1505 619 1566 membrorum
641 1505 792 1566 vacatione
820 1504 1024 1583 praescribere
1052 1504 1149 1563 denuo
1180 1523 1247 1564 esse
1276 1523 1337 1564 non
1368 1523 1463 1584 posse.

299 1605 382 1666 Licet
404 1606 481 1667 enim
504 1606 600 1666 ²‘esse
629 1605 699 1683 quid
728 1605 825 1665 denuo
854 1612 884 1665 et
911 1604 1104 1664 nibilominus
1134 1622 1251 1678 recare;
1285 1624 1342 1665 nec
1370 1613 1468 1684 potest

298 1713 395 1765 alitem
418 1706 474 1766 dici
497 1724 615 1776 vacare,
639 1706 664 1764 si
686 1723 748 1772 non
770 1704 819 1764 sit.
862 1706 897 1764 At
920 1705 997 1765 enim
1020 1704 1047 1764 si
1070 1704 1125 1778 sit,
1147 1705 1258 1782 poterit
1281 1713 1311 1765 et
1333 1724 1395 1766 non
1417 1725 1466 1764 va·

298 1822 381 1877 care3
404 1805 476 1867 nibil
498 1807 576 1867 enim
599 1805 676 1884 apud
699 1804 786 1864 deum
809 1804 932 1864 vacabit.

163 1913 278 1969 Ceam·
383 1905 442 1966 Sed
464 1904 619 1984 accepisti,
648 1905 755 1975 homo,
785 1921 820 1963 os
843 1905 878 1964 ad
901 1905 1063 1965 rorandum
1087 1913 1175 1982 atque
1204 1906 1384 1983 potandum:
1418 1921 1468 1965 eur

297 2021 357 2063 non
381 2006 480 2083 potius
504 2005 556 2065 ¹ad
579 2003 793 2083 eloquendum,
828 2013 860 2063 ut
881 2023 898 2063 a
924 2005 1032 2065 ceteris
1061 2004 1235 2066 animalibus
1263 2002 1385 2065 distes?
1418 2023 1469 2065 cur

296 2122 358 2164 non
380 2106 481 2183 potius
502 2104 538 2164 ad
560 2103 787 2183 praedicandum
811 2103 915 2175 deum,
944 2113 976 2164 ut
998 2104 1084 2164 etiam
1107 2104 1277 2165 bominibus
1299 2102 1469 2166 ²antistes?

296 2202 430 2284 Denique
451 2204 542 2266 Adam
565 2212 632 2265 ante
653 2204 774 2265 nomina
801 2203 975 2265 animalibus
1003 2205 1165 2266 enuntiavit
1192 2223 1278 2283 quam
1303 2205 1339 2265 de
1363 2205 1469 2265 arbore

297 2303 460 2383 decerpsit,
493 2312 561 2366 ante
593 2305 679 2365 etiam
708 2304 898 2383 prophetavit
931 2322 1018 2382 quam
1046 2304 1187 2365 ³voravit.
1238 2305 1298 2365 Sed
1327 2304 1468 2384 accepisti

297 2402 400 2465 dentes
421 2404 474 2464 ‘ad
496 2404 648 2466 macellum
670 2403 922 2464 ‘corrodendumz
946 2423 998 2465 eur
1020 2423 1078 2464 non
1098 2404 1197 2483 potius
1213 2404 1250 2465 ad
1266 2423 1387 2465 omnem
1403 2404 1469 2464 bia·

249 2573 251 2580 ¹
295 2511 359 2565 turn
374 2511 404 2564 et
418 2504 523 2565 rictum
539 2504 639 2564 ‘tuum
654 2501 896 2565 ⁷coronandum?
918 2521 971 2564 cur
990 2522 1051 2563 non
1066 2505 1165 2583 potius
1181 2505 1216 2564 ad
1231 2504 1337 2583 pulsus
1352 2505 1469 2582 linguae

295 2602 538 2681 'temperandns,
562 2603 597 2665 ad
620 2604 700 2663 vocis
722 2602 863 2663 articulos
886 2604 1052 2663 ofsensione
1075 2601 1261 2681 signandos?
1288 2604 1418 2683 denique
1440 2613 1471 2665 et

294 2699 467 2763 ‘edentulos
488 2720 556 2762 esse
578 2701 674 2773 audi·,
697 2709 727 2761 et
749 2701 815 2761 ride
837 2710 869 2761 ut
891 2702 1026 2762 ¹⁰honori
1050 2703 1111 2763 oris
1128 2711 1157 2763 et
1173 2720 1317 2781 organum
1334 2703 1467 2764 dentium

296 2819 431 2880 quaeras.
474 2800 582 2861 Forata
604 2810 674 2860 sunt
695 2800 810 2861 interna
837 2802 867 2862 in
896 2801 960 2861 viro
989 2810 1019 2862 et
1040 2802 1070 2862 in
1094 2803 1218 2874 semina,
1246 2803 1467 2881 nimirumque

295 2900 434 2963 libidines
457 2901 476 2932 ¹¹
484 2901 614 2962 fluitent:
636 2901 688 2961 cur'
709 2918 769 2961 non
786 2902 878 2981 magis
895 2901 1094 2963 ¹¹defluxurab
1116 2901 1274 2964 colentur?
1303 2904 1358 2964 Est
1372 2903 1470 2965 adbuc

298 2998 444 3061 ¹³leminis
466 3000 546 3062 intus
568 3019 627 3079 qun
655 3001 768 3061 semina
796 3012 1005 3081 congerantur:
1038 3021 1075 3063 an
1106 3020 1163 3081 quo
1193 3003 1346 3080 sanguinis
1375 3020 1468 3064 onera

298 3099 480 3173 ¹⁴secedant,
514 3119 600 3179 quem
627 3099 741 3178 pigrior
768 3120 857 3163 sexus
886 3103 1034 3164 discutere
1062 3121 1123 3163 non
1151 3101 1285 3164 sufficit?
1335 3102 1467 3165 Dicenda

215 3214 217 3221 ·
298 3199 375 3261 enim
398 3209 428 3260 et
449 3201 547 3274 baec‘,
571 3208 715 3279 quatenus
739 3220 814 3281 quae
835 3202 939 3264 volunt
960 3203 1017 3263 ¹‘et
1039 3203 1163 3281 qualiter
1178 3203 1280 3263 volunt
1294 3212 1324 3263 et
1339 3220 1469 3281 quorum

294 3300 398 3362 volunt
419 3301 514 3362 officia
535 3300 735 3362 membrorum
757 3302 921 3364 ludibriose
943 3303 980 3364 de
997 3303 1141 3364 industria
1158 3302 1394 3365 suffundendae*¹
1416 3322 1468 3366 re-

292 3485 333 3536 20.
352 3487 494 3536 relueritd.
529 3486 723 3537 21.tuneilld.
765 3485 805 3536 22.
824 3487 902 3537 denuo
920 3486 975 3536 velit
991 3489 1016 3537 Λ.
1057 3487 1098 3536 23.
1119 3496 1142 3536 et
1158 3488 1234 3538 roeo
1276 3484 1318 3537 24.
1336 3489 1464 3538 essesdll.

360 3555 418 3618 Cap.
436 3555 493 3603 ill.
536 3557 558 3604 l.
577 3555 606 3603 ad
624 3554 787 3618 eloquendum
804 3579 890 3590 --
908 3570 955 3602 aon
975 3556 1115 3617 potiosom.
1132 3557 1158 3604 Α.
1211 3555 1233 3604 2.
1253 3557 1353 3603 antistes
1372 3556 1466 3606 rouo.

293 3622 344 3670 eod.
363 3622 395 3670 lo.
411 3623 538 3672 Clementia.
579 3629 685 3671 antestes
702 3622 794 3685 reliqui.
857 3621 880 3670 3.
905 3622 1024 3670 decorarit
1040 3624 1066 3670 Α.
1125 3622 1150 3670 4.
1174 3623 1332 3671 demacellom
1351 3624 1397 3671 AB.
1441 3624 1467 3672 5.

292 3689 456 3737 coemendum
475 3705 494 3737 c.
529 3691 608 3749 Error,
634 3692 659 3739 ni
676 3690 755 3752 fallor,
780 3691 924 3752 typographi.
976 3688 1000 3737 6.
1024 3697 1090 3737 tuom
1109 3705 1152 3738 om.
1169 3707 1191 3739 o.
1243 3690 1266 3738 Ἰ.
1294 3690 1464 3739 coornandnrn

292 3758 366 3803 coclea
383 3757 415 3804 lo.
428 3756 553 3804 Clementia.
606 3755 630 3804 8.
650 3756 822 3818 temperandos
840 3772 870 3816 a,
890 3771 920 3804 er
936 3757 1026 3807 duobos
1046 3757 1167 3805 Vaticanis.
1219 3757 1242 3806 9.
1262 3756 1392 3805 edentulos
1411 3771 1469 3806 esse

292 3821 347 3869 audi
366 3836 414 3882 eqo.
458 3821 584 3869 edentulos
603 3822 657 3870 audi
676 3825 728 3873 bed.
773 3823 909 3872 edentulos.
942 3822 989 3871 Sed
1014 3824 1069 3871 audi
1087 3823 1148 3873 ABG.
1195 3819 1392 3873 edentuluses?
1416 3823 1467 3872 Sed

292 3888 348 3935 andi
365 3904 387 3936 o„
422 3886 549 3936 edentulus
567 3885 657 3937 audis?
675 3890 807 3940 Falerios.
850 3890 889 3940 10.
908 3890 994 3940 bonori
1012 3893 1047 3941 bc.
1084 3892 1199 3939 bonorem
1212 3893 1305 3954 reliqui.
1349 3890 1390 3939 ll.
1408 3892 1466 3940 dai·

292 3960 343 4002 tart
359 3956 384 4002 Α.
428 3951 467 4000 12.
486 3953 606 4003 deltarura
624 3955 684 4004 ABG.
704 3958 778 4006 codex
785 3958 882 4018 Pitboei,
895 3958 1021 4007 feronio
1037 3965 1057 4007 et
1069 3957 1247 4020 Nieltrgoltior.
1283 3959 1313 4006 de
1333 3958 1427 4007 fluxura
1441 3975 1466 4008 a.

292 4033 338 4082 qun
357 4028 456 4082 potuum
474 4020 567 4069 delruta
586 4025 637 4072 bed.
698 4022 734 4071 13.
754 4025 939 4086 intentatae,
965 4026 1257 4075 excodlodlementla.
1310 4023 1350 4072 id.
1377 4040 1469 4075 sucee-

291 4086 349 4135 daot
367 4088 391 4135 o.
445 4086 484 4136 lb.
503 4096 527 4137 et
545 4104 646 4152 quorum
665 4091 747 4139 volunt
759 4089 789 4140 'et
806 4092 910 4156 qualiter
927 4091 1010 4141 rolant
1027 4092 1090 4142 ΛΜ.
1144 4141 1146 4144 ,

326 4219 384 4284 Cap.
403 4221 461 4270 Lxl.
502 4238 523 4270 a.
548 4222 652 4286 denique
676 4231 700 4273 et
723 4224 850 4274 edentulos
935 4241 956 4275 e.
975 4226 1078 4275 [licenda
1098 4227 1160 4274 enim
1175 4234 1198 4274 et
1208 4221 1277 4288 baec]
1296 4225 1366 4274 Circa
1379 4226 1469 4276 baius·

291 4300 346 4336 esee
371 4283 438 4352 audi]
465 4289 497 4337 lta
525 4290 668 4339 emendasse
695 4291 754 4341 haee
778 4294 849 4341 rerba
901 4294 966 4342 modi
984 4296 1065 4346 ollieia
1082 4296 1244 4342 membrorum
1273 4295 1332 4340 mira
1351 4293 1470 4345 libertate

292 4353 349 4401 milri
367 4355 456 4404 videor.
491 4357 565 4414 Adeo,
589 4357 674 4419 inquit,
700 4367 722 4406 et
740 4359 804 4418 sodi,
829 4361 849 4407 si
900 4360 957 4409 lusit
987 4363 1144 4423 Hieronymus
1171 4360 1259 4409 librol
1284 4361 1340 4409 adv.
1359 4362 1469 4412 lorinia-

290 4421 380 4479 nescia,
404 4430 426 4470 et
444 4422 570 4472 edentulos
588 4438 662 4486 posse
680 4425 751 4473 edere
770 4426 849 4475 homi·
900 4434 965 4476 dum.
984 4429 1089 4490 litigatur
1124 4428 1147 4475 ll.
1168 4430 1265 4477 Hieron.
1283 4428 1339 4476 tdr.
1352 4428 1428 4478 loriu.
1445 4431 1465 4480 l.

290 4502 343 4544 nes,
371 4489 473 4552 indeque
497 4491 563 4539 disce
587 4505 634 4539 non
659 4493 850 4542 comminuendis
901 4495 1031 4559 pilisq.
1050 4495 1155 4544 tomlll.
1174 4496 1236 4558 Opp.
1256 4495 1293 4543 ed.
1313 4496 1404 4545 bened.

288 4561 380 4603 tantum
400 4556 468 4613 cibis,
495 4558 569 4606 immo
587 4558 674 4606 bonori
693 4561 774 4623 potios
798 4563 849 4609 oris
935 4564 958 4612 d.
977 4559 1162 4627 suffundendae]
1181 4564 1206 4612 ld
1225 4570 1263 4610 est
1280 4565 1349 4626 qnasi
1368 4565 1469 4626 pudore

287 4622 394 4672 dentium
414 4638 529 4684 organum
548 4639 603 4672 esse
621 4627 751 4686 provisum.
901 4632 1064 4679 contlciendae
1082 4639 1105 4679 et
1118 4631 1267 4680 refutandae.
1292 4632 1329 4680 cr.
1344 4631 1376 4679 de
1389 4633 1467 4682 verbo

321 4689 345 4739 b.
372 4687 506 4756 defluxura]
534 4691 658 4740 beborna
684 4702 749 4742 recte
772 4695 848 4745 inter·
899 4701 1039 4761 suffundere,
1064 4699 1127 4762 qood
1153 4698 1300 4747 Tertulliano
1330 4700 1466 4749 usitatissi-

284 4766 395 4874 prettator
413 4759 529 4821 Rigaltius
553 4773 614 4822 quae
641 4760 670 4808 de
687 4769 745 4823 poto
764 4777 848 4812 ereer-
900 4778 964 4813 mum
984 4774 1029 4827 est,
1048 4767 1078 4815 ci.
1097 4768 1187 4815 adnott.
1206 4767 1234 4815 ad
1248 4766 1334 4830 Scorp.
1353 4782 1410 4831 cap.
1424 4768 1468 4820 lb,

283 4839 335 4875 noo
348 4841 383 4874 ur.
