3242 5775
195 730 197 734 Ι
255 689 262 699 -
313 663 381 731 aaa
570 672 674 726 comm
697 635 829 716 seernm
850 665 1016 713 ruoseurrs
1038 665 1238 712 πιιιιιιιιιιιιι

315 845 372 914 per
393 826 482 907 quem
504 831 594 892 erant
609 822 735 903 cogitata
749 829 837 900 atque
854 817 1016 899 disposita,
1037 816 1130 879 immo
1153 825 1184 879 et
1203 816 1280 879 lacta
1301 813 1375 892 iam,
1395 831 1471 897 qum·
1525 804 1529 834 ³

231 929 239 938 “
314 941 379 995 tum
400 928 432 989 in
454 926 502 988 dei
524 941 628 987 sensu.
671 924 737 985 lloc
758 922 837 984 enim
860 920 905 983 eis
927 919 1045 992 deerat,
1067 927 1101 981 ut
1121 936 1223 981 coram
1244 917 1472 998 quoqneinsnit

316 1028 476 1113 speciebus
499 1034 587 1106 atque
610 1023 786 1087 substantiis
806 1029 1063 1102 ,cognoscerentur
1085 1028 1116 1083 et
1132 1027 1322 1083 tenerentur.
1407 1050 1410 1053 ·

197 1153 306 1212 capon.
401 1130 486 1193 Tunc
506 1128 596 1208 igitur
618 1127 706 1189 etiarn
729 1125 794 1205 ipse
817 1142 917 1186 sermo
940 1122 1071 1203 speciem
1093 1130 1124 1185 et
1139 1128 1276 1184 ornatum
1291 1137 1379 1183 sunm
1392 1118 1474 1193 sunit,

198 1249 425 1300 oon.1,o.sonum
448 1239 479 1291 et
498 1229 617 1300 vocem,
641 1246 708 1290 cum
723 1226 794 1288 dicit
808 1224 901 1298 dens,
922 1223 987 1285 Fiat
1000 1222 1059 1285 lux.
1093 1222 1173 1284 llaec
1194 1232 1242 1285 est
1261 1222 1399 1284 nadritas
1417 1237 1472 1301 per·

201 1364 208 1375 ·
316 1335 391 1396 lecta
412 1329 578 1403 sermonis,
609 1327 680 1389 dum
702 1332 737 1389 ‘ex
759 1326 816 1389 deo
839 1323 988 1407 procedit3
1022 1313 1160 1386 conditus
1188 1322 1226 1385 ab
1248 1342 1286 1386 eo
1306 1322 1430 1404 pn‘mnm
1447 1318 1475 1382 al

208 1416 304 1518 iffi
317 1434 478 1514 cogita'tum
500 1431 532 1491 iu
552 1429 673 1491 nomine
695 1428 836 1507 sophiae,
858 1426 1005 1488 Dominus
1020 1425 1152 1516 condidit
1169 1443 1218 1487 me
1232 1424 1351 1506 initium
1365 1423 1474 1496 viarum

208 1518 300 1618 ηῆἷῗῖἢ,
316 1534 424 1597 dehinc
445 1539 604 1612 generatus
627 1529 841 1603 adeliectum,
865 1527 938 1590 Cum
962 1528 971 1559 ¹
978 1535 1098 1608 pararet
1118 1526 1246 1602 caelum,
1278 1527 1398 1589 aderam
1415 1523 1475 1596 'illi3

201 1668 219 1719 1,
227 1619 303 1723 &¹44
317 1621 423 1697 exinde
445 1650 512 1695 eum
534 1649 636 1711 parem
659 1629 717 1692 sibi
739 1631 851 1693 taciens
874 1630 992 1709 dequo
1014 1627 1204 1708 procedendo
1227 1627 1308 1691 lilios
1330 1629 1423 1690 lactus
1441 1630 1475 1689 eo

315 1733 546 1816 primogenitus,
579 1740 703 1795 utente
725 1731 825 1793 omnia
853 1730 987 1811 genitus,
1020 1739 1050 1791 et
1076 1729 1263 1810 unigenitus,
1296 1736 1331 1792 ut
1352 1728 1432 1790 solus
1450 1741 1476 1789 ιι

315 1837 372 1900 deo
401 1834 536 1915 genitus3
572 1831 754 1912 propriede
774 1831 859 1892 vulva
882 1830 983 1892 cordis
1010 1831 1122 1910 ipsius,
1157 1830 1322 1892 secundum
1345 1828 1423 1910 qnod
1441 1826 1478 1889 'et
1528 1859 1529 1864 ι

175 1935 486 2017 n,ruv‚1.pateripse
507 1940 648 1995 testatur:
681 1931 848 1994 ‘Eructavit
863 1949 922 1993 cor
944 1949 1043 1992 meum
1065 1949 1236 1993 sermonem
1259 1931 1414 2012 optimum.
1445 1926 1479 1990 tt

205 2052 301 2105 nerra.
316 2054 405 2118 quem
426 2034 566 2115 deinceps
588 2033 719 2113 gaudens
741 2032 869 2113 proinde
886 2032 1077 2112 ⁵gaudentem
1093 2033 1123 2094 in
1138 2050 1268 2111 persona
1283 2032 1381 2126 illinet
1400 2029 1480 2093 Filius

316 2154 401 2200 meus
424 2153 457 2197 es
480 2143 528 2208 tu,
551 2152 606 2213 ego
629 2133 718 2195 hodie
740 2133 829 2213 genui
851 2142 897 2207 te,
919 2133 969 2195 ‘et
989 2141 1058 2195 ante
1079 2133 1233 2196 lucilerum
1255 2135 1345 2214 genui
1367 2142 1407 2198 te.
1440 2131 1483 2194 Sic

210 2219 304 2321 vfflf'it,
319 2246 351 2300 et
372 2236 509 2316 lilius‘ex
532 2236 590 2297 sna
607 2252 737 2314 persona
758 2233 918 2314 profitetur
938 2243 1053 2315 patrem
1075 2234 1106 2295 in
1129 2234 1251 2297 nomine
1266 2236 1409 2316 sophiae:
1429 2231 1485 2296 no·

315 2339 415 2431 prinus
437 2336 570 2398 condidit
591 2353 639 2397 me
659 2335 775 2397 initium
797 2336 911 2398 viarum
933 2335 963 2397 in
987 2351 1078 2416 opera
1097 2353 1167 2410 sue3
1188 2344 1257 2398 ante
1273 2353 1382 2398 omnes
1396 2346 1489 2399 annm

316 2439 407 2503 colles
430 2437 580 2518 generavit
601 2455 659 2498 me.
692 2436 767 2498 Nam
788 2436 815 2498 si
834 2436 886 2497 hic
907 2435 1025 2515 quidem
1046 2437 1152 2518 sophia
1166 2436 1283 2499 videtur
1297 2437 1399 2501 dicere
1420 2455 1490 2501 con·

316 2540 406 2602 ditem
430 2557 464 2599 se
485 2556 502 2599 a
524 2537 646 2599 domino
669 2538 700 2598 in
723 2556 814 2617 opera
837 2537 950 2599 etuias
971 2538 1054 2612 eius,
1082 2537 1151 2600 alibi
1174 2546 1273 2600 autem
1295 2557 1353 2620 per
1374 2557 1490 2603 sermo·

225 2653 386 2706 tatanem
409 2637 577 2701 ostenditur
599 2638 699 2700 omnia
721 2639 795 2699 lacta
818 2656 888 2700 esse
909 2646 940 2699 et
960 2634 1026 2701 sibe
1047 2638 1098 2700 illo
1118 2639 1191 2727 nihil
1213 2641 1342 2715 lactum,
1365 2641 1445 2705 sicut
1463 2647 1493 2703 et

183 2739 301 2841 usam
315 2756 453 2801 nusum:
487 2738 633 2800 Sermone
654 2738 720 2799 eius
742 2739 815 2800 caeli
836 2737 1002 2801 confirmati
1024 2750 1096 2802 sunt
1117 2749 1148 2803 et
1169 2740 1277 2823 spiritu
1300 2742 1368 2805 eins
1391 2760 1493 2805 omnes

316 2840 394 2903 vires
416 2856 536 2913 eorum,
563 2839 667 2919 utique
689 2857 725 2901 eo
748 2840 856 2920 spiritu
878 2840 928 2922 qui
951 2841 1085 2904 sermoni
1107 2843 1219 2917 inerat,
1252 2851 1379 2929 apparet
1404 2861 1493 2908 unam

225 2976 289 3019 pm,
317 2941 499 3019 eandemque
519 2940 579 3001 nm
601 2958 671 3003 esse
692 2958 773 3003 nunc
793 2942 823 3003 in
845 2941 968 3005 nomine
989 2943 1127 3023 sophiae,
1150 2962 1231 3007 nunc
1251 2944 1282 3007 in
1296 2944 1496 3026 appellatione

213 3026 304 3120 oppda.
320 3042 486 3113 sermonis,
509 3059 584 3119 quae
606 3041 721 3103 initium
744 3043 858 3123 accepit
878 3043 991 3106 riarum
1014 3046 1045 3113 in
1067 3044 1114 3106 dci
1138 3063 1245 3127 opera,
1273 3053 1305 3109 et
1325 3064 1404 3127 quae
1425 3066 1494 3110 cae·

184 3127 303 3233 ”32:33
317 3141 377 3203 lum
399 3142 600 3217 confirmavit,
632 3161 688 3222 per
708 3143 816 3222 'qnam
838 3146 937 3207 omnia
965 3147 1039 3208 lacta
1067 3155 1153 3222 sunt,
1183 3155 1214 3210 et
1234 3148 1300 3210 sine
1321 3147 1399 3228 'qna
1420 3148 1495 3212 nibil

314 3243 423 3305 iactum
447 3251 502 3304 est.
545 3242 607 3305 Nec
628 3242 740 3306 diutius
762 3245 800 3307 de
822 3245 899 3320 isto,
937 3248 1021 3326 quasi
1048 3265 1110 3309 non
1137 3248 1202 3327 ipse
1224 3249 1265 3310 sit
1286 3265 1389 3311 sermo
1412 3257 1443 3311 et
1463 3248 1495 3312 in

314 3344 440 3424 sophiae
462 3353 493 3407 et
513 3345 544 3406 in
565 3345 690 3408 rationis
714 3355 744 3408 et
764 3346 795 3408 in
819 3347 917 3409 omnis
940 3347 1031 3410 divini
1053 3348 1143 3410 animi
1165 3357 1196 3411 et
1217 3349 1340 3430 spiritns
1356 3351 1495 3426 nomine,

313 3447 364 3525 qui
385 3444 464 3508 tilius
486 3447 581 3510 lactus
604 3455 652 3509 est
671 3447 750 3521 dei,
768 3447 806 3512 de
834 3465 894 3527 quo
922 3448 1097 3528 prodeundo
1119 3460 1278 3537 generatus
1301 3458 1356 3513 est.
1399 3449 1494 3531 Ergo,

313 3546 423 3625 inquis,
445 3547 499 3608 das
522 3547 647 3628 aliquam
670 3548 868 3611 substantiam
890 3567 960 3612 esse
981 3568 1161 3625 sermonem,
1185 3552 1293 3632 spiritu
1315 3559 1346 3614 et
1368 3550 1495 3634 sophiae

313 3647 473 3709 traditione
494 3648 721 3712 constructam?
756 3649 858 3713 Plane.
900 3649 984 3712 ⁹Non
1006 3650 1050 3712 vis
1072 3652 1152 3715 enirn
1174 3671 1243 3715 eum
1270 3652 1494 3735 substantivum

311 3746 422 3809 habere
445 3748 475 3806 in
496 3766 531 3808 re
551 3768 607 3828 per
629 3749 814 3813 substantiae
835 3752 1064 3832 proprietatem,
1087 3761 1121 3815 ut
1142 3771 1192 3816 res
1208 3760 1238 3817 et
1251 3771 1384 3834 persona
1398 3772 1493 3838 qnae·

313 3845 381 3908 dam
401 3846 496 3908 rideri
518 3848 632 3925 possit,
665 3859 696 3912 et
723 3850 763 3931 ita
792 3853 888 3933 capiat
914 3853 1062 3916 secundus
1090 3854 1185 3917 adeo
1208 3855 1394 3939 constitutus
1417 3855 1494 3918 duos

311 3944 448 4020 elflcere,
470 3954 583 4025 patrem
613 3956 643 4010 et
664 3949 773 4026 filium,
807 3953 897 4016 deum
924 3961 955 4015 et
982 3971 1163 4017 sermonem.
1218 3955 1297 4030 Quid
1327 3965 1374 4020 est
1403 3956 1493 4032 enim,

311 4043 410 4119 dices,
433 4063 550 4120 sumo,
572 4048 631 4111 nisi
653 4070 710 4113 vox
732 4062 762 4114 et
783 4071 878 4116 sonus
901 4054 981 4129 oris,
1003 4064 1034 4117 et
1056 4057 1134 4118 sicut
1154 4058 1337 4138 grammatici
1358 4058 1492 4133 naduut,

311 4147 537 4221 attollemus,
565 4149 763 4232 intellegibilis
785 4155 903 4229 auditu,
937 4164 1068 4221 ceterum
1096 4175 1221 4221 vacnum
1242 4159 1345 4221 nescio
1368 4159 1442 4241 quiid
1463 4167 1495 4223 et

309 4245 396 4307 inane
419 4257 449 4309 et
470 4248 682 4332 incorporale?
711 4255 761 4336 ¹ht
783 4275 838 4335 ego
861 4257 935 4319 nihil
957 4258 1022 4321 dico
1053 4257 1090 4321 de
1117 4259 1174 4321 deo
1203 4260 1290 4323 inane
1313 4269 1343 4323 et
1365 4279 1492 4324 vacuum

309 4345 458 4424 ¹⁰prodire
479 4351 631 4431 potuisse,
654 4364 770 4418 utnon
793 4357 830 4418 de
852 4357 933 4421 inani
955 4368 985 4422 et
1005 4377 1098 4423 vacuo
1118 4361 1285 4442 prolatum,
1309 4379 1367 4425 nec
1389 4380 1493 4426 carere

308 4443 476 4515 substantia
497 4455 577 4571 quod
599 4455 738 4519 detenta
761 4456 929 4550 substantie
949 4444 1100 4541 prooessit
1126 4472 1156 4525 et
1183 4470 1281 4526 tantm
1303 4462 1492 4528 snbstantias

375 4581 434 4665 Cap.
452 4601 501 4652 llll.
538 4580 563 4654 1ss
580 4610 720 4670 pareretll.
737 4611 803 4662 leid.
851 4612 875 4662 2.
894 4613 929 4665 illi
948 4614 1029 4664 simul.
1053 4615 1144 4667 Exinde
1162 4619 1199 4669 cd.
1239 4616 1265 4668 3.
1284 4624 1308 4669 et
1325 4620 1406 4670 οιιι.Λ.
1423 4617 1491 4672 heiti.

304 4666 330 4716 4.
350 4667 468 4731 eruptarit
483 4671 508 4719 b
527 4673 591 4724 leid.
634 4675 658 4724 5.
676 4678 820 4738 gaudentem
840 4679 864 4730 in
883 4683 919 4731 cd.
954 4682 1067 4745 pendenti
1081 4686 1105 4734 in
1122 4685 1167 4736 AB.
1185 4687 1250 4737 leid.
1286 4685 1434 4749 gaudentem
1451 4688 1491 4739 ab.

304 4735 329 4784 6.
348 4743 373 4784 et
389 4741 445 4785 ιιιῑιι
462 4735 592 4790 lucilerum
611 4745 682 4803 genui
706 4753 730 4794 te
754 4748 840 4798 omn
857 4749 923 4799 leid.
981 4750 1005 4799 t.
1031 4766 1102 4815 quem
1126 4758 1166 4805 le.
1187 4753 1349 4806 Vmieooomm
1367 4755 1423 4805 duo.
1464 4753 1490 4805 8.

305 4815 353 4864 qno
371 4801 435 4862 Atos.
451 4802 516 4865 aec).
576 4807 602 4858 9.
625 4809 679 4860 Non
704 4813 738 4863 vir
761 4814 995 4882 tenendorum.
1021 4819 1087 4871 Gora.
1113 4821 1178 4872 Leid.
1218 4820 1335 4875 Novimus
1358 4822 1490 4877 Potentiae.

306 4867 347 4918 lt).
364 4869 472 4932 prodere
486 4872 514 4924 A.
530 4873 596 4926 leid.
