3242 5775
501 676 539 720 nn
560 675 804 720 assumserrous
826 672 939 719 esuum.
1150 667 1152 669 ’
1246 657 1310 721 stt

152 827 228 899 citur,
251 823 277 887 si
301 823 513 899 ¹·detratratur,
543 825 601 886 boc
622 823 677 887 luit
698 822 919 893 indumentum,
947 841 1013 884 curn
1036 821 1309 901 superstruebatur.

152 927 212 989 ltine
232 935 262 988 st
290 926 445 1006 apostolus
472 925 728 988 circumcisionem
757 924 1004 1005 despoliationem
1033 924 1132 986 earnis
1160 922 1440 1003 appellanscstmar.

152 1029 265 1089 tunicam
288 1026 413 1087 ¹”cutem
436 1026 657 1088 ”ladlirmarit
693 1026 773 1088 llaec
792 1026 887 1087 ”cum
903 1025 942 1086 ita
958 1025 1035 1099 sint,
1057 1024 1148 1087 babes
1163 1023 1309 1087 etlimum

153 1126 180 1187 de
201 1146 289 1189 manu
311 1126 387 1188 ¹'dei
416 1127 580 1205 gloriosum
609 1139 640 1189 et
666 1146 785 1189 carnem
815 1127 852 1188 de
879 1126 986 1187 adllatu
1014 1126 1062 1187 dei
1089 1124 1308 1204 gloriosiorem,

153 1245 198 1306 qno
217 1227 331 1308 pariter
352 1245 421 1289 caro
444 1235 475 1289 et
494 1227 557 1289 limi
578 1228 745 1289 rudimenta
767 1226 907 1306 deposuit
935 1235 965 1288 et
991 1227 1106 1288 animae
1128 1222 1308 1289 'ornamenta

153 1328 282 1412 suscepit.
312 1326 380 1388 Non
402 1346 435 1389 es
457 1329 626 1407 diligentior
647 1329 721 1399 deo,
745 1329 785 1390 uti
802 1337 833 1389 tu
849 1327 968 1406 quidem
983 1328 1132 1407 Scythicas
1148 1337 1177 1390 et
1191 1328 1308 1389 Indicas

153 1443 267 1504 gemmas
291 1436 321 1488 et
334 1426 480 1489 Rubentis
495 1430 583 1490 blaris
605 1448 693 1508 grana
717 1428 890 1490 candentia·
910 1446 971 1489 non
991 1428 1129 1508 plumbo,
1152 1447 1213 1490 non
1228 1447 1307 1504 aere,

153 1544 198 1591 non
217 1532 318 1603 terro,
347 1549 385 1590 ne
407 1538 529 1609 argento
551 1550 669 1610 quoque
690 1531 896 1609 ”oblaquees
927 1530 980 1591 sed
1003 1530 1183 1592 electissimo
1206 1537 1236 1591 ct
1257 1529 1307 1591 in·

151 1646 226 1710 snper
258 1630 474 1709 operosissimo
502 1631 690 1692 ”descrobes
723 1620 827 1704 auro¹,
859 1630 963 1691 ²⁵einis
992 1630 1062 1692 item
1092 1638 1122 1693 et
1150 1630 1308 1710 unguentis

150 1730 363 1807 pretiosissimis
399 1732 565 1810 quibusque
600 1732 787 1793 vasculorum
829 1732 913 1811 prius
949 1732 1171 1812 congruentium
1196 1739 1307 1805 cures,

106 1866 107 1914 3
150 1828 288 1911 'proinde
309 1831 484 1911 ”perlectae
505 1831 691 1912 ”ferruginis
712 1831 836 1912 gladiis·
857 1832 1027 1911 reginarum
1045 1833 1193 1911 adaeques
1208 1830 1306 1912 digni-
1360 1823 1363 1829 ’
1435 1872 1441 1897 r

106 1919 107 1976 ἶ
150 1938 235 2005 tatem,
250 1964 293 1979 -
314 1932 388 1993 deus
409 1952 480 1994 vero
502 1933 617 1995 animae
641 1953 712 1996 suae
735 1933 881 2007 umbram,
903 1933 1027 2014 spiritus
1046 1934 1092 1994 sui
1109 1951 1220 2006 auram,
1243 1933 1306 1997 oris

106 2024 108 2101 ᾖ
150 2032 182 2093 sui
202 2051 323 2115 operam
346 2032 491 2094 vilissimo
514 2035 599 2096 alicui
615 2035 799 2097 commiserit
812 2035 933 2114 capulo,
956 2044 985 2096 et
999 2034 1119 2113 indigne
1133 2031 1306 2096 collocando
1376 2053 1380 2059 ’

150 2132 235 2213 ntique
258 2134 451 2195 damnaverit.
494 2135 656 2196 Collocavit
676 2145 789 2210 autem,
822 2155 859 2208 an
882 2135 982 2215 potius
1004 2136 1132 2197 inseruit
1154 2143 1184 2196 et
1205 2134 1305 2197 immi·
1360 2200 1363 2209 ‚

106 2261 107 2288 ;
151 2231 213 2297 scuit
232 2233 340 2297 carni?
373 2243 453 2295 tanta
475 2237 594 2314 quidem
608 2237 823 2309 ¹concretione,
858 2244 890 2296 ut
911 2236 1056 2297 incertum
1084 2235 1187 2297 baberi
1208 2234 1308 2316 possit

106 2331 121 2383 l'
150 2342 272 2397 utmmne
295 2353 364 2396 caro
386 2337 532 2411 animam,
555 2356 591 2396 an
615 2355 733 2398 carnem
748 2337 846 2398 anima
861 2334 1061 2408 circumierat,
1084 2344 1223 2397 utrumne
1237 2334 1304 2396 ani-

106 2427 107 2444 *
149 2450 199 2498 uae
219 2455 307 2509 caro,
329 2454 366 2497 an
389 2436 485 2497 anima
507 2436 679 2523 ”appareat
698 2437 788 2498 carni.
828 2436 887 2498 Sed
908 2436 969 2498 ”et
989 2436 1083 2516 magis
1105 2426 1232 2505 animam
1254 2436 1304 2498 in-

149 2535 199 2596 rebi
219 2547 308 2615 atque
329 2536 477 2598 dominari
498 2538 678 2599 credendum
700 2548 762 2610 est,
785 2545 819 2599 ut
840 2537 932 2617 magis
954 2538 1010 2599 deo
1032 2538 1207 2618 proximam.
1240 2538 1306 2600 Hoc

149 2651 249 2716 tuoque
271 2636 308 2699 ad
330 2636 453 2714 gloriam
476 2638 573 2698 carnis
595 2637 752 2711 exuberat,
774 2638 855 2717 quod
877 2639 1042 2718 proximam
1057 2639 1114 2700 deo
1128 2647 1159 2701 et
1172 2638 1305 2701 continet
1375 2650 1379 2656 “

149 2736 284 2818 etipsius
312 2736 523 2798 dominationis
553 2747 722 2817 compotem
749 2748 891 2818 praestat.
947 2740 1043 2814 Quem
1076 2739 1154 2801 enim
1181 2748 1305 2803 naturas

149 2851 234 2912 usum,
256 2828 344 2919 quem
367 2838 467 2901 mundi
492 2839 634 2913 fructum,
658 2858 745 2919 quern
769 2839 983 2903 elementorum
1007 2860 1145 2922 saporem
1167 2859 1229 2903 uon
1249 2859 1304 2922 per

148 2954 247 3002 tarnem
270 2939 368 3001 anima
383 2939 580 3018 depascitur?
602 2940 726 3018 quidni?
748 2960 801 3020 per
816 2961 903 3021 quam
919 2943 1000 3004 omni
1015 2943 1212 3006 instrumento
1229 2961 1303 3005 seu·
1355 3022 1357 3029 .

146 3054 215 3103 snum
237 3040 415 3113 ⁸‘fulciatum
438 3041 512 3113 visu,
536 3041 647 3115 auditu,
670 3051 769 3120 gustu,
793 3044 930 3118 odoratu,
953 3043 1114 3105 contactu?
1135 3063 1190 3123 per
1214 3063 1303 3124 quarn
1344 3038 1346 3042 ⁴
1399 3116 1404 3122 ,

146 3137 226 3219 divina
248 3148 399 3222 potestate
427 3160 565 3219 respersa
594 3150 656 3213 est,
692 3143 763 3203 nibil
793 3162 855 3205 non
883 3163 1022 3206 sermone
1050 3145 1225 3223 perficiens,
1257 3144 1305 3206 vel

145 3243 217 3303 tacite
238 3240 432 3322 praemisso?
461 3241 498 3301 Et
519 3261 619 3303 sermo
642 3243 720 3303 enim
742 3242 780 3303 de
803 3262 915 3323 organo
939 3246 1035 3305 carnis
1058 3254 1113 3304 est.
1146 3244 1233 3306 Artes
1249 3262 1303 3324 per

144 3358 257 3416 ornem,
274 3343 382 3415 studia,
398 3342 514 3420 ingenia
528 3362 583 3422 per
595 3361 722 3415 carnem,
738 3362 840 3423 opera,
858 3345 984 3422 negotia,
1001 3343 1096 3404 officia
1107 3362 1161 3423 per
1172 3339 1314 3417 carnem,

106 3432 107 3458 ¹
142 3452 216 3523 alque
231 3444 306 3505 adeo
323 3451 417 3504 totum
433 3444 531 3504 viuere
547 3445 662 3504 animae
677 3444 774 3504 carnis
789 3452 844 3516 est,
869 3452 975 3505 utnon
990 3444 1088 3504 viuere
1103 3443 1218 3503 animae
1229 3442 1301 3504 ”nil

142 3560 170 3611 ll.
187 3564 322 3613 detrahitur
339 3564 383 3612 AB.
436 3562 477 3611 20.
496 3564 567 3611 entim
587 3565 612 3612 R.
664 3562 727 3611 2011.
746 3563 878 3611 adllrmavit
895 3562 971 3612 snos.
990 3570 1036 3612 tres
1057 3562 1167 3611 Vaticani.
1211 3563 1301 3612 contir-

139 3633 198 3681 uarit
216 3633 269 3681 ted.
316 3629 357 3678 st.
376 3638 459 3678 cuncta
478 3630 526 3678 siut
544 3636 569 3680 l.
621 3627 661 3678 22.
681 3630 814 3679 dominil.
859 3626 898 3678 23.
918 3628 1097 3691 oblaqueaaset,
1115 3630 1158 3678 sed
1177 3629 1220 3678 RG.
1255 3630 1301 3678 ob·

137 3694 270 3761 laqueasses
288 3696 331 3746 sed
350 3702 390 3746 la
428 3697 467 3746 24.
487 3698 610 3746 describes
628 3699 653 3746 t.
707 3694 748 3746 ts.
766 3697 826 3746 riuis
845 3697 900 3745 item
920 3695 1054 3746 om.dRCu.
1096 3695 1136 3744 26.
1157 3696 1300 3759 periudsd.

136 3761 168 3812 li.
186 3767 309 3829 perlectae
328 3766 361 3824 d,
381 3766 454 3813 codes
465 3766 559 3814 Pitlroei.
597 3767 702 3826 perlecto
722 3765 759 3814 Cu.
796 3772 938 3826 perspectae
956 3766 1052 3825 cangio,
1071 3764 1206 3827 etR.ru.pr.
1242 3777 1300 3826 pru·
1380 3793 1390 3806 -

133 3833 280 3893 epactam.
317 3829 358 3879 28.
374 3832 604 3893 lerrugiuisomqbd.
641 3833 770 3892 lerroginis
788 3848 818 3890 e„
838 3847 868 3880 eu
885 3832 1120 3881 rod.lo.Clerneuta's.
1157 3831 1300 3891 ferrugineis

131 3900 218 3963 reliqui.
254 3898 478 3961 bilsppareatbcd.
506 3908 590 3962 pareat
601 3899 694 3961 reliqui,
710 3907 731 3947 et
741 3906 786 3947 tres
798 3899 907 3949 Vaticani.
943 3898 983 3947 30.
1003 3899 1047 3947 etsi
1064 3900 1099 3947 be.
1134 3895 1301 3947 3l.lulciatur

130 3967 202 4017 AR&-
220 3973 266 4016 tm
279 3967 391 4019 Vaticani.
426 3968 483 4014 lulta
503 3974 539 4014 est
558 3968 610 4015 bed.
651 3965 692 4014 32.
709 3966 740 4014 nil
760 3966 875 4027 (nitito.)
893 3965 1089 4027 aliudCurpubed.
1125 3964 1189 4015 alind
1207 3966 1300 4029 reliqui.

160 4082 181 4116 t.
207 4067 325 4115 Rubentis
353 4066 423 4115 birris
450 4082 522 4128 grana
551 4064 689 4128 candentia]
740 4065 820 4126 6,18.
856 4063 959 4114 Casaub.
983 4065 1012 4113 ad
1040 4065 1138 4128 Scriptt.
1164 4065 1223 4114 Hist.
1241 4065 1300 4126 bug.

128 4135 264 4196 Margaritas
290 4134 362 4183 ilaris
386 4133 508 4196 Erythraei
533 4135 581 4182 sive
607 4134 688 4191 Rubri,
740 4132 843 4196 pilai..
1005 4141 1013 4148 “

127 4211 150 4251 ut
174 4201 283 4266 appellat
306 4201 362 4249 Adv.
382 4201 452 4250 blare.
479 4203 497 4261 Ι,
515 4200 591 4259 13.[.,
616 4215 687 4263 quem
774 4200 797 4249 d.
817 4199 991 4262 operosissimo
1010 4198 1141 4262 desrrobes
1160 4191 1232 4260 auro]
1256 4195 1301 4245 ne-

126 4269 204 4318 loeom
234 4269 265 4317 el.
284 4267 314 4317 ad
334 4268 393 4317 baec
411 4269 488 4317 verba.
531 4269 588 4316 Eius
613 4269 688 4316 maris
738 4269 847 4317 serobore
865 4275 902 4314 est
920 4275 1033 4328 tanquam
1049 4265 1071 4313 in
1084 4265 1170 4315 scrobe
1184 4264 1300 4313 inserere.

125 4335 308 4398 margaritarum
335 4336 405 4383 etiam
431 4336 588 4398 Hieronymus
612 4335 687 4398 Epist.
740 4335 931 4398 operosissimum
956 4334 1014 4381 dicit
1037 4347 1121 4381 surum
1146 4331 1238 4381 artificii
1263 4329 1299 4378 rel

122 4406 150 4453 sd
171 4403 349 4452 Remetriadem
369 4404 477 4451 meminit
491 4410 559 4462 (tom.
569 4403 603 4451 tv.
623 4403 686 4466 Opp.
737 4403 796 4450 artis
815 4401 1010 4465 operosissimae.
1053 4399 1090 4449 (Il.
1108 4399 1198 4448 adnott.
1216 4398 1246 4447 ad
1264 4396 1299 4446 Ad

121 4473 158 4521 ed.
178 4470 282 4527 Benedl
300 4468 396 4532 poss:
424 4471 471 4527 „Ut
490 4479 580 4519 luceam
599 4470 629 4518 de
648 4471 685 4517 in·
737 4469 799 4518 Natt.
820 4467 872 4527 tt.

120 4539 216 4588 aurium
242 4537 337 4601 pretiis,
364 4537 468 4585 candore
494 4539 686 4598 margaritarum,
771 4550 791 4584 e.
811 4536 933 4598 perlectae
958 4533 1087 4596 ferruginis
1113 4526 1212 4598 gladiis]
1241 4531 1299 4579 Per-

119 4607 194 4656 Rubri
216 4604 289 4653 ilaris
308 4604 427 4667 prolundu
447 4607 592 4663 testantium,
620 4619 686 4652 sma-
737 4603 824 4652 lectam
844 4601 988 4662 ferruginem
1014 4602 1071 4650 dicit
1088 4601 1209 4664 perlectas
1227 4597 1298 4646 boui·

118 4673 253 4736 ragdornm
273 4673 360 4730 virore,
386 4674 553 4721 cerauniorum
574 4672 685 4731 flammis,
737 4670 911 4727 tatislerrnm,
937 4668 1141 4718 euiusestacies
1160 4680 1235 4723 mera,
1254 4677 1299 4712 nec
1361 4709 1369 4721 ,

116 4740 307 4804 hyacinthorum
328 4738 422 4800 pelago,
442 4739 470 4787 ad
489 4739 645 4802 qnaeurdent
663 4745 687 4786 ct
736 4737 816 4785 solum
836 4736 930 4796 ingenio
950 4745 1084 4798 praestans,
1102 4735 1182 4784 sedet
1197 4733 1300 4797 lactura,

115 4811 244 4858 insaniunt
262 4806 343 4855 studia
358 4806 547 4856 matronarum.“
573 4806 608 4855 Cl.
624 4805 686 4854 llar-
737 4804 779 4853 sed
799 4813 823 4853 et
834 4816 909 4867 aquae
924 4804 1057 4863 nobilitate,
1076 4803 1114 4853 cui
1126 4797 1228 4852 subinde
1239 4808 1298 4845 can-

115 4876 167 4928 tial.
185 4876 272 4940 Epigr.
291 4874 321 4934 X,
335 4871 371 4921 to.
391 4873 415 4933 t,
427 4872 468 4923 38.
496 4875 555 4923 Stat.
574 4873 630 4921 Sile.
649 4873 692 4933 lv,
737 4873 797 4922 dens
816 4869 1097 4934 immergitur.‘(Rigalt.l
1164 4901 1170 4910 ,
