3242 5775
324 632 386 696 232
577 652 677 701 unrurr
701 651 832 694 serriuu
856 652 1020 696 reoneurrs
1045 652 1242 698 rennuentem

320 799 443 860 validior
463 798 511 859 illc
540 800 614 860 deus
643 799 818 875 Marcionis,
855 801 880 863 si
909 820 971 862 non
1000 803 1162 865 secundum
1188 803 1285 882 legem
1316 804 1383 865 eius

320 900 509 962 Marcionitae
531 910 735 975 morerentur,
758 902 919 964 interram
943 903 1133 979 delluendol,
1156 922 1246 984 saepe
1268 914 1298 967 et
1320 925 1337 967 a
1360 925 1408 967 scr

320 1001 398 1064 docti
422 1021 483 1062 non
506 1020 575 1062 csse
597 1012 770 1081 superatum
793 1003 984 1066 creatorem?
1015 1004 1194 1066 ”Exclamat
1215 1005 1322 1068 mulier
1344 1007 1383 1068 de
1404 1021 1408 1064 r

207 1087 439 1182 Lgfssf'sseatum
462 1111 595 1175 uterum,
618 1105 668 1183 qui
690 1104 772 1166 illum
794 1111 964 1184 portasset,
988 1104 1144 1178 elabere,
1168 1124 1242 1184 quae
1265 1105 1348 1168 illum
1372 1108 1409 1170 ed

319 1210 395 1264 sent.
439 1203 477 1264 Et
498 1204 655 1276 domiuus,
679 1206 773 1267 lmmo
795 1206 890 1278 beati,
920 1205 969 1284 qui
992 1224 1160 1267 sermonem
1183 1205 1232 1267 dei
1254 1208 1408 1277 audiunt«

320 1303 409 1366 ciunt.
454 1303 530 1376 Quia
552 1314 581 1366 et
603 1315 684 1367 retro
708 1306 752 1367 sic
774 1306 917 1368 reiecerat
945 1314 1069 1367 matrem
1091 1314 1143 1368 aut
1163 1308 1287 1380 tratres,
1315 1309 1389 1371 dum

319 1413 401 1465 tores
424 1414 454 1466 et
476 1404 669 1468 obsecutores
692 1407 738 1468 dei
761 1409 900 1487 praefert.
952 1406 1025 1468 Nam
1046 1407 1130 1468 ”neo
1151 1408 1200 1468 bic
1222 1418 1317 1469 mater
1339 1412 1408 1472 assir

318 1503 397 1565 ”illi
441 1505 522 1566 Adeo
545 1526 601 1567 nec
622 1517 703 1569 retro
727 1517 883 1587 negaverat
904 1508 1063 1570 ²⁸natum¹.
1101 1508 1173 1570 Cum
1196 1509 1226 1570 id
1249 1528 1356 1571 rursus
1379 1511 1408 1568 ²⁹.

316 1623 422 1666 rursus
443 1606 570 1685 proinde
591 1608 757 1670 felicitatem
780 1609 817 1669 ab
833 1618 916 1670 utero
932 1617 962 1670 et
977 1609 1120 1670 uberibus
1139 1611 1330 1672 matrissuae
1347 1621 1408 1674 bau

318 1705 348 1765 in
371 1706 548 1786 discipulos,
571 1728 587 1769 a
611 1728 667 1788 qua
690 1728 751 1769 non
774 1709 976 1771 transtulisset
998 1711 1024 1771 si
1046 1729 1111 1771 eam
1134 1730 1194 1772 non
1217 1711 1352 1773 baberet.

166 1845 308 1903 Qum
401 1812 477 1872 dlibi
499 1811 577 1872 rnalo
596 1823 740 1891 purgare·
763 1830 839 1890 quae
860 1811 1083 1890 reprehendunt
1098 1812 1289 1874 Marcionitae
1304 1813 1335 1873 iu
1351 1832 1408 1876 crer

318 1913 372 1974 llic
394 1914 473 1974 enim
496 1912 604 1974 suflicit
626 1912 652 1973 si
676 1912 724 1973 ¹ea
747 1912 778 1974 in
793 1912 914 1974 Cbristo
936 1912 1135 1991 reperiuntur.
1182 1913 1257 1975 Ecce
1279 1914 1408 1994 inaequa

317 2017 397 2096 ipse,
421 2016 609 2086 inconstans,
633 2014 720 2086 levis,
744 2011 822 2073 aliud
845 2013 956 2074 docens
979 2014 1058 2075 aliud
1082 2015 1208 2086 faciens,
1232 2014 1313 2075 iubet
1336 2034 1407 2077 omn

165 2117 303 2193 tuentio.
318 2116 390 2178 tenti
413 2117 500 2188 dare,
524 2125 553 2177 et
575 2115 639 2194 ipse
663 2115 780 2193 signum
802 2114 973 2193 petentibus
996 2135 1056 2176 non
1080 2116 1138 2176 dat.
1184 2115 1280 2204 Tanto
1304 2134 1376 2176 aero
1399 2117 1408 2178 1

167 2239 303 2291 caerem.
318 2237 402 2280 suam
425 2217 646 2279 abdominibus
664 2215 888 2292 obsecundet
908 2225 996 2294 negat
1018 2217 1167 2279 lucernam
1189 2216 1401 2279 abstruendam

317 2320 472 2381 coufirmat
493 2338 583 2398 super
604 2317 811 2379 caudelabrum
835 2318 1074 2396 proponendam,
1097 2325 1130 2377 ut
1145 2317 1283 2378 omnibus
1298 2318 1406 2380 luceat.

164 2408 359 2512 Llffi„{·,ffi·tat
386 2421 612 2493 remaledicere,
645 2419 737 2482 multo
766 2417 860 2497 magis
889 2417 990 2496 utique
1018 2418 1210 2491 maledicere,
1243 2427 1273 2479 ct
1300 2420 1360 2479 l'ae
1388 2419 1408 2482 ir

216 2515 295 2567 ³⁷⁸ll·
315 2522 481 2602 pharisaeis
504 2529 533 2582 et
555 2518 727 2581 doctoribus
750 2518 833 2596 legis.
872 2517 947 2590 Quis
971 2527 1017 2580 est
1038 2530 1097 2580 tam
1121 2519 1227 2579 similis
1251 2520 1299 2580 dei
1322 2520 1380 2580 mci
1403 2531 1408 2574 t

317 2631 383 2683 stus
405 2622 463 2683 nisi
487 2618 606 2700 ipsius?
650 2620 745 2699 Saepe
767 2619 826 2680 iam
853 2618 1007 2680 ’linimusl
1036 2620 1116 2681 nullo
1140 2620 1230 2681 modo
1253 2620 1391 2698 potuisse

316 2724 532 2784 destructorem
556 2720 629 2799 legis
652 2720 787 2781 denotari
808 2720 834 2781 si
857 2720 946 2781 alium
969 2720 1056 2781 deum
1078 2721 1325 2801 ³promulgasset.
1369 2722 1408 2783 ldr

315 2823 404 2886 ⁴tunc
424 2823 608 2903 pharisaeus,
632 2821 682 2901 qui
698 2821 779 2881 illum
795 2821 932 2882 ‘vocaret
953 2821 988 2881 ad
1011 2822 1179 2902 prandium,
1202 2823 1380 2883 retractabat
1400 2842 1409 2903 p

316 2943 350 2984 se
372 2942 425 2984 cur
447 2942 507 2983 non
529 2923 612 3003 prius
636 2924 744 2984 tinctus
767 2931 851 2983 essct
871 2942 958 3002 quarn
974 2924 1174 2992 recubuisset,
1198 2924 1363 2986 secundum
1383 2925 1408 2987 le

317 3024 365 3104 qui
390 3025 478 3085 deum
500 3025 572 3104 legis
595 3025 806 3086 circumferret.
850 3023 936 3085 lesus
958 3033 1055 3085 autem
1077 3024 1183 3086 lctiam
1211 3026 1407 3105 interpretatu

316 3126 343 3187 ei
366 3126 477 3205 legem,
501 3126 602 3186 dicens
626 3125 693 3186 illos
715 3109 815 3188 calicis
831 3135 858 3186 et
874 3124 960 3185 catini
977 3125 1125 3186 exteriora
1148 3125 1326 3201 emundare,
1348 3128 1408 3190 inte

315 3235 412 3288 autern
436 3227 570 3306 ipsorum
592 3226 680 3305 plena
702 3245 769 3288 esse
791 3225 893 3306 rapina
909 3235 938 3287 et
953 3225 1119 3305 iniquitate,
1143 3235 1175 3287 ut
1189 3226 1408 3306 significaretur

314 3327 411 3390 lorum
434 3329 593 3390 munditias
616 3327 769 3413 hominum
798 3345 866 3387 esse
894 3326 1106 3406 intellegendas
1129 3328 1207 3407 apud
1230 3329 1335 3403 deum;
1369 3349 1409 3409 qu

314 3431 488 3509 pharisaeus
511 3431 548 3492 de
570 3429 706 3502 bomine,
740 3445 801 3488 non
824 3427 860 3488 de
887 3427 976 3489 calice
1005 3427 1104 3501 illoto,
1136 3431 1213 3509 apud
1242 3449 1277 3491 se
1305 3418 1408 3491 tractat

314 3532 384 3593 ldeo
407 3533 569 3605 exteriora,
593 3531 704 3610 inquit,
727 3527 827 3590 calicis
849 3528 970 3619 lavatis,
992 3528 1022 3589 id
1045 3536 1092 3590 est
1110 3548 1245 3604 carnem,
1269 3531 1408 3593 interiora

225 3758 229 3769 ,
315 3714 355 3764 25.
374 3715 526 3765 Exclumebat
544 3717 567 3764 d.
609 3714 742 3765 acmen.
783 3711 824 3762 27.
845 3712 979 3764 illiont.
1022 3713 1062 3763 28.
1082 3723 1162 3763 notum
1182 3715 1226 3765 BG.
1261 3725 1403 3767 utuetuui

315 3791 340 3831 ut
359 3798 403 3831 nec
421 3791 469 3832 turn
489 3783 628 3832 Fulcinius.
680 3781 720 3832 29.
739 3781 805 3830 audit
822 3796 908 3830 rursus
926 3783 992 3832 died.
1028 3783 1153 3831 habiturus
1172 3782 1214 3832 BG.

382 3850 441 3915 Cap.
460 3849 546 3899 xxvlt.
594 3849 616 3900 l.
640 3864 667 3898 ee
694 3848 780 3900 emb,
838 3846 862 3897 2.
889 3850 982 3898 oximus
1008 3851 1041 3911 d,
1062 3865 1091 3899 ee
1108 3853 1221 3900 emendet.
1239 3850 1335 3903 tuturo
1377 3852 1408 3903 flu

315 3917 400 3967 Bt'obc
452 3916 476 3966 3.
494 3916 661 3980 provulgaseet
681 3918 703 3967 G.
755 3914 779 3965 4.
799 3923 855 3966 tunc
873 3917 960 3966 BGacd.
982 3917 1085 3967 Vaticani
1101 3919 1157 3967 duo.
1193 3932 1256 3967 nunc
1274 3920 1295 3968 b.
1350 3918 1408 3970 bn

314 3983 383 4033 noea.
406 3985 526 4035 Vaticanus
543 3990 645 4049 oreque.
681 3991 777 4034 vocarat
796 3983 820 4033 0.
872 3982 897 4033 6.
916 3985 987 4034 etiam
1006 4000 1050 4034 om.
1059 3985 1085 4036 B.

348 4117 371 4166 d.
390 4118 413 4167 iu
437 4126 526 4167 terrem
550 4113 691 4183 defluendo]
719 4118 828 4167 Redeunt
851 4118 876 4167 in
927 4118 978 4180 ld„
995 4126 1021 4167 ut
1038 4119 1350 4183 „persererarepuellaru“
1368 4121 1402 4173 lle

312 4180 411 4245 terrani,
430 4186 511 4248 ntique
522 4186 647 4244 creatoris,
666 4185 808 4248 primitivam
820 4200 876 4235 cor·
926 4186 1014 4249 capi.
1041 4187 1108 4236 dlios
1128 4188 1195 4237 locos
1214 4186 1314 4237 indicavi
1333 4188 1363 4239 ed
1382 4188 1408 4239 br

311 4268 398 4316 porum
418 4268 517 4302 suorum
536 4254 704 4301 substantiam.
926 4253 1022 4302 l'eland.
1041 4255 1146 4318 oaplb.
1183 4254 1252 4314 Quod
1276 4256 1306 4304 ed
1330 4256 1408 4309 relect.

347 4336 367 4369 e.
386 4318 495 4384 scorpiol
524 4321 696 4369 Vilissimorum
715 4320 873 4370 bestiolarum
925 4321 1009 4370 metris
1027 4330 1068 4370 aut
1086 4323 1187 4373 fratrum
1205 4324 1236 4373 cl.
1254 4338 1328 4387 supro
1347 4340 1401 4391 cap.

311 4387 872 4516 lltlittttotfflsgll.tl?'tlld,
923 4421 1016 4538 „pp
1029 4422 1408 4553 pgpfimg-vpgfppppp

312 4523 416 4586 ΜΠ·
921 4556 1023 4619 Apolog.
1050 4557 1138 4621 copi
1167 4558 1232 4617 „Sed
1257 4559 1403 4611 Christiania

345 4591 362 4638 i·
380 4589 446 4639 ⁸⁶0⁰
470 4604 515 4639 ¹¹0⁰
539 4597 604 4639 ‘⁸¹¹⁰
624 4596 750 4650 ”mmm
768 4583 871 4653 ΝΜ]
922 4624 981 4673 nibil
1002 4626 1149 4688 permittitur
1161 4626 1226 4691 loqui
1237 4627 1301 4689 quod
1313 4642 1408 4679 cauum

1361 4704 1408 4749 o..

311 4790 673 4852 „manilestareadversarium‘
688 4790 749 4840 inira
760 4792 871 4856 capit„
956 4792 980 4842 b.
998 4789 1105 4859 linimus]
1124 4795 1170 4845 l’ro
1184 4797 1229 4857 llio
1247 4796 1385 4849 sutrinus.
1402 4796 1408 4823 ¹

310 4868 337 4909 ut
353 4860 468 4923 „mentiri
485 4857 647 4927 prophetam·
671 4857 705 4907 lle
722 4859 797 4909 leion.
817 4875 870 4923 cap.
921 4859 983 4911 eima
1001 4860 1281 4925 inpudentiorem,
