3242 5775
435 644 586 689 manneus
609 647 781 693 maerorum
804 652 861 695 nra.
878 653 915 696 iv.
1149 678 1154 684 ·
1209 649 1273 716 207

197 813 245 856 rere
262 795 440 875 potuissent
483 795 578 888 noea,
593 797 675 859 nullo
698 799 789 861 modo
811 804 946 865 constitit
966 806 1044 868 ratio
1068 783 1271 891 temptationis

197 894 274 967 ,¹¹et
292 916 361 958 rere
382 904 478 958 mater
499 906 531 957 et
552 899 659 960 iratres
682 899 748 961 eius
771 902 846 964 loris
867 904 995 968 stabant.
1047 908 1218 998 ¹fSuperest
1239 926 1270 978 et

197 1015 237 1059 ere
255 1016 373 1060 sensum
396 1015 457 1059 non
481 998 657 1078 simpliciter
683 1003 923 1080 pronuntiantis,
959 1006 1042 1079 Quae
1072 1012 1144 1072 mibi
1173 1023 1269 1078 mater

197 1107 278 1173 rtres,
311 1098 395 1178 quasi
417 1098 454 1159 ad
476 1099 596 1177 generis
618 1108 648 1161 et
670 1102 832 1165 nativitatis
862 1108 1068 1185 negationem,
1101 1113 1154 1173 sed
1179 1122 1266 1177 etex

213 1199 396 1262 necessitate
412 1208 442 1261 et
464 1201 640 1263 condicione
655 1202 805 1265 rationali.
839 1205 911 1267 Tam
927 1208 1079 1285 proximas
1097 1213 1175 1274 enim
1192 1233 1264 1293 per·

200 1300 270 1362 loris
294 1309 374 1362 stare
397 1300 543 1362 extraneis
566 1301 649 1363 intus
671 1302 774 1365 defixis
796 1305 832 1366 ad
854 1301 1011 1368 sermones
1030 1309 1112 1385 eius,
1135 1315 1262 1394 amplius

197 1420 253 1462 are
276 1420 346 1463 eum
368 1420 385 1463 a
407 1402 544 1464 sollemni
567 1421 660 1481 opere
682 1413 859 1484 quaerentes
879 1407 986 1469 merito
1009 1408 1179 1489 indignatus
1202 1423 1260 1478 est

199 1522 226 1563 m
249 1502 432 1582 ”abnegavit
454 1522 541 1582 qnam
564 1504 739 1566 abdimus
779 1507 970 1586 usqueadeo
994 1528 1060 1570 cum
1083 1512 1258 1589 praemisis-

197 1603 277 1675 Qnae
299 1604 373 1664 rnibi
395 1612 490 1665 mater
512 1613 542 1666 et
564 1605 617 1684 qui·
636 1605 709 1667 mibi
732 1606 865 1669 tratres?
896 1608 1097 1687 subiungens,
1120 1612 1183 1673 Nisi
1206 1614 1412 1694 quieuevmm,

197 1714 203 1764 t
229 1703 319 1765 rerba
349 1723 416 1765 mea
444 1714 475 1765 et
502 1706 692 1777 faciuntea,
725 1708 873 1770 transtulit
900 1710 1053 1788 sanguinis
1081 1711 1203 1773 nomina
1228 1713 1259 1774 in
1324 1733 1328 1740 ·

208 1824 284 1884 quos
308 1805 402 1884 magis
423 1806 577 1885 proximos
599 1825 655 1886 pro
671 1807 728 1868 lide
743 1808 896 1870 iudicaret.
930 1809 1025 1871 Nemo
1041 1820 1140 1872 antem
1156 1820 1257 1874 maus·

198 1905 228 1966 id
249 1905 308 1967 nisi
329 1904 367 1966 ab
390 1925 426 1967 eo
452 1906 502 1986 qui
522 1907 613 1968 babet
634 1908 663 1968 id
686 1910 765 1987 quod
789 1911 939 1971 translert.
984 1910 1016 1971 Si
1038 1920 1408 1992 ergo-matremmfflm,

197 2026 237 2067 res
259 2025 314 2068 eos
336 2007 407 2068 lecit
427 2008 477 2085 qni
499 2026 559 2068 non
582 2019 682 2083 erant,
705 2011 855 2088 quomodo
872 2011 989 2089 negavit
1006 2011 1127 2090 eosqui
1150 2012 1257 2075 erant?

198 2125 279 2169 orum
308 2107 423 2169 scilicet
450 2108 639 2183 condicione,
674 2129 736 2171 non
766 2111 829 2172 ¹⁸ex
857 2112 1062 2191 proximorum
1089 2112 1256 2191 negatione,

198 2207 322 2288 metipso
346 2209 529 2288 docens·qui
551 2217 665 2289 patrem
688 2220 739 2273 aut
766 2219 893 2273 matrem
922 2220 972 2273 aut
999 2213 1105 2280 iratres
1125 2231 1256 2293 praepo-

197 2309 275 2369 rerbo
297 2310 345 2371 dei
370 2328 431 2370 non
453 2329 521 2371 esse
543 2311 663 2389 dignum
687 2312 872 2392 discipulum.
914 2312 1052 2374 Ceterum
1068 2331 1103 2374 er
1119 2313 1177 2374 boe
1191 2332 1256 2375 ma.-

197 2420 275 2470 rtrem
304 2418 335 2470 et
363 2411 470 2471 lratres
498 2411 692 2474 confitebatur
723 2413 801 2492 qnod
835 2413 901 2474 illos
931 2413 1051 2474 nolebat
1082 2432 1255 2492 agnoscere.

197 2510 258 2571 ilios
274 2511 444 2590 adoptabat,
466 2511 658 2574 confirmabat
673 2512 778 2592 ²‘'quos
792 2512 812 2544 ²¹
822 2532 857 2575 ex
873 2514 987 2574 ollensa
1005 2515 1131 2592 negavit,
1147 2514 1256 2594 quibus

197 2628 201 2671 ι
218 2612 346 2674 seriores
363 2611 533 2685 substituit,
556 2612 610 2675 sed
627 2622 657 2674 ut
672 2613 832 2691 digniores.
869 2612 1003 2694 Denique
1016 2615 1090 2676 nibil
1105 2634 1254 2695 magnum,

197 2729 221 2773 n
240 2713 376 2791 sanguini
398 2713 587 2793 praeposuit,
609 2713 726 2793 ²’quam
748 2731 809 2774 non
831 2713 980 2776 habebut

198 2813 241 2874 uis
261 2823 360 2875 autem
383 2814 441 2875 iste
464 2813 580 2893 estqui
605 2814 651 2875 ¹et
671 2814 766 2875 ventis
789 2822 820 2874 et
841 2817 914 2876 mari
936 2814 1084 2896 imperati
1114 2815 1252 2879 nimirum
1271 2841 1380 2898 capax.

204 2914 366 2977 dominator
386 2924 474 2993 atque
496 2934 657 2994 possessor
677 2916 892 2977 elementorum
920 2917 1033 2978 subacti
1061 2917 1118 2979 iam
1147 2927 1177 2979 et
1199 2904 1405 2980 ex-L'¹⁰·'¹¹¹¹²⁵·

198 3015 342 3077 rectoris?
386 3015 453 3074 Non
482 3015 521 3075 ita
550 3026 604 3077 est.
649 3016 707 3077 Sed
731 3026 874 3094 agnorant
896 3017 1079 3079 substantiae
1101 3028 1252 3081 auctorem

198 3165 199 3174 ,
223 3136 291 3197 qnae
318 3116 438 3179 lamulis
461 3135 579 3196 quoque
602 3117 666 3178 eius
691 3117 833 3178 obaudire
855 3127 1078 3181 consueverant.
1135 3118 1252 3199 Inspice

197 3303 220 3361 l,
236 3304 295 3352 fair.
307 3303 416 3352 Ursinus.
465 3302 503 3351 ll.
521 3303 639 3366 Superest
657 3312 680 3353 et
698 3306 734 3353 cd.
756 3305 877 3355 Vaticanus
895 3311 997 3368 uterque.
1033 3304 1150 3367 Superest
1167 3307 1189 3354 b.
1224 3305 1254 3354 Et

197 3370 265 3420 cru.
319 3372 359 3419 15.
380 3370 505 3430 abnegarit
529 3373 574 3431 cd,
600 3387 630 3422 ec
647 3373 719 3420 altero
742 3373 857 3420 Vaticano.
899 3373 991 3431 negarit
1013 3371 1107 3433 reliqui,
1135 3377 1156 3419 et
1180 3373 1255 3420 eadee

197 3440 214 3484 i.
260 3438 295 3487 lb.
315 3454 379 3501 qnae
398 3439 434 3486 cd.
458 3438 560 3487 Vaticani
578 3441 633 3486 dno.
677 3440 730 3502 quis
754 3439 848 3501 reliqui.
908 3437 947 3485 l'l.
971 3450 998 3484 ex
1023 3438 1163 3484 meritorum
1188 3438 1253 3486 Fule.

232 3505 266 3554 18.
284 3515 305 3554 et
325 3507 364 3555 fr.
373 3506 462 3553 lunius.
511 3505 548 3554 19.
571 3507 641 3554 Verbo
658 3507 680 3553 in
699 3507 832 3565 semetipso
851 3510 873 3552 et
891 3519 949 3568 quoe
966 3505 1021 3552 inde
1038 3510 1165 3565 sequuntur
1182 3519 1255 3567 usque

198 3572 240 3619 rin
256 3575 410 3621 testationem
431 3572 506 3632 redigi
526 3574 592 3620 iubet
610 3589 659 3636 cup.
673 3573 728 3622 llll.
753 3573 916 3621 desiderantur
933 3573 957 3619 io
975 3570 1000 3618 B.
1053 3568 1093 3617 20.
1119 3570 1182 3633 quod
1202 3573 1253 3620 edd.

203 3640 339 3704 etlaeopoldi
358 3640 451 3688 citiore.
503 3639 542 3688 21.
562 3648 585 3688 et
606 3640 628 3688 G.
680 3640 721 3688 22.
740 3653 811 3702 quam
832 3639 969 3689 fuluuius.
1005 3651 1076 3700 quem
1098 3637 1179 3688 Gobcd.

197 3718 214 3766 p.
228 3706 269 3756 tl,
305 3709 327 3756 1.
347 3715 373 3756 et
390 3721 437 3756 om.
449 3707 481 3769 0.,
502 3715 522 3756 et
540 3709 614 3756 codes
630 3707 864 3770 Montispessulouus,
882 3707 938 3755 olim
954 3707 977 3755 P.
986 3706 1082 3755 Pitboei.

197 3851 260 3889 tunm
278 3841 347 3890 illam
366 3841 391 3888 in
412 3847 463 3888 loto
482 3840 641 3902 imperiola·
693 3840 1254 3901 nnsllie.itigaltioerat,anootarerat·„llurrc,

197 3907 299 3957 .Seatrus
317 3909 476 3965 Saturninus,
501 3910 534 3955 rir
552 3922 641 3956 consu·
693 3908 739 3955 boe
757 3915 793 3955 est
811 3922 865 3955 curn
893 3907 934 3955 illa
953 3907 1063 3956 Christus
1082 3907 1173 3955 diceret
1191 3921 1254 3956 nun-

197 3986 275 4034 uqurrn
294 3978 414 4040 princeps
433 3976 457 4022 in
472 3977 641 4034 magistrorum
693 3975 807 4023 tiantibus
826 3974 911 4023 adesse
931 3982 1031 4022 matrem
1050 3980 1073 4022 et
1092 3974 1205 4022 iratres.“

197 4053 359 4104 annumero,
379 4057 435 4091 narn
454 4041 577 4102 religionis
595 4041 641 4090 ali·
727 4056 749 4102 g.
760 4056 831 4105 quam
846 4036 982 4103 abdicarit}
1002 4040 1061 4098 Quis
1073 4041 1103 4088 ita
1116 4040 1253 4104 loquentem

197 4112 403 4172 menlugnslns
431 4111 535 4172 praetexi
559 4110 642 4157 statuit
695 4109 765 4157 bodie
785 4104 866 4157 leratl
901 4108 959 4156 Nam
979 4115 1002 4155 et
1021 4103 1254 4157 morrenscnrrubs

198 4173 245 4223 'tate
261 4192 311 4226 sno.
337 4178 404 4226 Fecit
423 4177 641 4225 auteminludaes
694 4178 828 4225 adstantem
849 4175 945 4224 diarium
964 4174 1121 4224 nibilominus
1141 4176 1254 4223 consola-

214 4242 312 4302 praesrde
341 4246 455 4307 Cyrenis.
480 4245 535 4292 luc.
554 4243 641 4306 capi.
694 4252 741 4301 tur,
759 4251 783 4292 el
800 4251 857 4305 post
875 4242 983 4290 mulieris
1000 4241 1188 4304 appellationem
1204 4252 1253 4291 sta-

197 4306 244 4365 ml
274 4313 358 4362 Census
377 4314 418 4360 isti
438 4319 601 4360 memorantur
620 4319 643 4360 et
694 4312 736 4358 tirn
755 4309 998 4358 bonorificentissime
1016 4309 1058 4356 lllii
1068 4311 1184 4358 relatione
1203 4323 1254 4357 ma·

197 4376 275 4435 mid..
299 4389 324 4428 ut
349 4389 373 4429 et
391 4393 467 4441 supra
485 4379 571 4440 espl.
610 4379 643 4426 lle
695 4386 755 4426 trem
775 4380 901 4440 profitetur
919 4384 943 4424 et
962 4376 1042 4424 loanni
1061 4377 1162 4436 delegor.
1182 4374 1256 4435 (big.)

197 4438 303 4494 &mino
322 4449 354 4496 el.
373 4448 467 4495 adnott.
486 4448 514 4493 ad
527 4445 643 4493 llel‘allio
729 4446 752 4495 b.
771 4444 892 4493 transtulit
905 4445 1029 4503 sauguinis
1039 4445 1135 4492 nomina
1146 4443 1169 4490 iu
1181 4436 1255 4505 alios]

217 4508 254 4559 iro
270 4530 335 4574 esre,
355 4529 419 4578 qnae
439 4513 556 4561 librorum
579 4523 644 4562 rete·
695 4513 747 4561 lloc
765 4518 802 4560 est
826 4512 989 4578 metaphorice
1012 4514 1102 4558 vocavit
1127 4511 1213 4557 iratres
1232 4514 1257 4557 et

197 4576 276 4638 mre
299 4591 343 4641 ert,
372 4582 472 4645 qnidam
496 4582 644 4642 rescripsere
695 4588 797 4627 matrem
816 4592 859 4626 eos
882 4579 922 4641 qui
948 4579 1018 4627 rerba
1042 4592 1085 4626 sua
1104 4577 1215 4625 audirent
1232 4581 1256 4622 et

198 4639 238 4693 den
258 4661 315 4709 opos
341 4658 405 4698 eret.
441 4648 593 4696 l'.0uderrd.
613 4647 643 4695 ad
694 4648 810 4695 lacerent.
828 4645 935 4704 (Rigalt.)

197 4705 288 4763 labella
306 4717 367 4766 Gall.
387 4714 478 4774 Vl,40.
515 4715 592 4763 dorm.
614 4716 644 4764 ad
729 4715 745 4762 i.
763 4727 835 4776 quarn
860 4727 906 4760 non
932 4708 1054 4773 babebat]
1079 4708 1182 4769 Sanguis
1206 4705 1256 4754 sci-

197 4786 215 4824 Ι.
227 4778 295 4831 flacc.
312 4784 348 4844 ll,
362 4781 427 4834 606.
464 4782 642 4832 Etl‘etrusl'i·
695 4781 757 4830 licet.
784 4779 1035 4828 Verissimalr.lunii
1055 4777 1190 4825 emendatio
1209 4783 1255 4836 qur

202 4842 331 4911 burgiae
347 4852 389 4902 sni
410 4850 574 4912 libris-quiad
590 4864 643 4898 ma·
694 4848 819 4898 substituit
836 4863 903 4913 qoem
920 4862 966 4913 pro
984 4846 1079 4906 rnlgsts
1096 4855 1171 4907 quera.
