3242 5775
304 625 368 688 504
563 632 666 685 oman
689 630 821 675 snerxun
842 628 1008 672 ruonsnrrs
1030 627 1228 673 amanteum

128 848 131 856 ,
305 782 500 856 circumduxit
520 799 569 844 me
591 798 683 861 super
704 798 738 841 ea
759 797 815 858 per
836 778 1007 851 circuitum,
1031 785 1060 839 et
1081 794 1149 838 ecoe
1163 776 1256 838 multa
1272 794 1369 857 super
1383 776 1484 838 taciem

306 886 411 964 campi,
449 883 487 944 Et
508 900 576 944 ecce
599 880 679 942 arida
704 880 785 942 satis.
818 879 855 940 Et
877 879 919 940 ait
939 879 977 940 ad
999 897 1063 952 nie,
1087 876 1142 938 Fili
1164 876 1313 951 bominis,
1337 878 1365 939 si
1388 877 1484 940 vivent

307 1002 379 1046 ossa
401 982 483 1045 ista?
516 982 554 1043 Et
574 982 651 1053 dixi,
673 978 803 1053 Adonai,
827 979 961 1053 domine,
986 990 1017 1040 tu
1039 978 1109 1039 scis.
1142 977 1180 1039 tn
1201 979 1244 1039 ait
1264 978 1387 1052 adme,
1411 979 1483 1040 Pro·

305 1083 395 1164 pheta
417 1083 447 1144 in
470 1101 540 1144 ossa
560 1084 634 1144 haec
655 1092 685 1144 et
706 1057 804 1153 oties,
829 1080 908 1142 Ossa
929 1080 1028 1154 arida,
1052 1079 1151 1141 audite
1172 1097 1345 1142 sermonem
1362 1080 1480 1141 domini.

307 1184 404 1245 ‘llaec
425 1182 495 1245 dicit
516 1182 654 1244 dominus
670 1181 783 1242 Adonai
806 1180 927 1242 ossibus
950 1180 1032 1241 istis:
1055 1180 1148 1253 Ecce,
1171 1198 1226 1259 ego
1249 1179 1355 1241 adiero
1379 1181 1409 1242 in
1431 1198 1478 1242 vos

310 1284 464 1363 spiritum,
488 1290 519 1344 et
538 1282 660 1355 vivetis,
683 1291 713 1343 et
734 1281 811 1342 dabo
834 1282 865 1343 io
889 1299 941 1341 vos
965 1281 1121 1360 spiritum,
1144 1287 1174 1342 et
1194 1280 1335 1342 reducam
1358 1282 1411 1343 ‘in
1430 1299 1476 1342 vos

308 1403 429 1447 carues:
451 1382 658 1445 'circumdabo
681 1381 783 1442 'vobis
806 1390 921 1455 cutem,
944 1391 973 1443 et
996 1381 1072 1442 dabo
1095 1381 1125 1442 iu
1148 1380 1252 1441 ⁹vobis
1275 1382 1475 1461 spiritumet

307 1484 428 1558 vivetis,
452 1493 483 1545 et
504 1482 690 1562 cognoscetis
713 1482 791 1561 quod
816 1500 871 1559 ego
887 1482 1037 1543 dominus.
1076 1481 1113 1542 Et
1127 1482 1302 1561 prophetavi
1319 1483 1473 1544 secundun

306 1591 514 1664 praeceptum,
538 1593 568 1644 et
589 1602 657 1644 ecce
678 1601 750 1656 vox,
774 1583 844 1644 dum
867 1583 1032 1663 propheto,
1062 1592 1092 1643 et
1113 1601 1182 1643 ecce
1203 1590 1322 1656 motus,
1346 1592 1378 1644 et
1399 1601 1472 1644 acce·

307 1684 417 1748 debant
438 1702 508 1745 ossa
530 1683 567 1744 ad
590 1701 669 1744 ossa.
720 1683 759 1743 Et
785 1682 860 1756 vidi,
896 1692 926 1744 et
953 1702 1021 1744 ecce
1051 1701 1142 1762 super
1165 1701 1235 1744 ossa
1257 1684 1342 1744 nervi
1365 1692 1397 1746 et
1416 1700 1473 1745 caro

307 1784 456 1858 ascendit,
479 1792 509 1845 et
530 1782 759 1862 circumpositae
781 1791 853 1843 sunt
874 1784 919 1843 eis
943 1783 1094 1854 ¹⁰carnes,
1119 1790 1148 1842 et
1169 1782 1294 1862 spiritus
1316 1783 1348 1843 in
1365 1784 1410 1844 eis
1424 1800 1473 1845 uon

307 1893 381 1946 erat.
424 1884 463 1946 Et
483 1884 525 1945 ait
545 1883 582 1945 ad
605 1902 667 1957 me,
688 1883 840 1962 Propheta
862 1883 898 1944 ad
920 1880 1075 1962 spiritum,
1098 1883 1139 1942 lili
1162 1883 1309 1956 hominis,
1339 1884 1474 1964 propbeta

308 1992 338 2046 et
359 1984 441 2047 dices
464 1983 500 2044 ad
523 1984 677 2064 spiritum,
702 1983 781 2045 llaec
803 1984 876 2045 dicit
897 1982 1037 2043 domiuus
1053 1982 1182 2044 hdonai:
1204 1983 1374 2063 hquatuor
1391 1982 1474 2045 ventis

309 2083 419 2157 ¹¹veni,
448 2083 589 2163 spiritus,
620 2091 649 2145 et
670 2073 750 2162 spira
773 2082 803 2143 in
826 2083 893 2143 istis
916 2083 1119 2161 interemptis,
1148 2095 1178 2144 et
1200 2083 1307 2145 vivant.
1351 2083 1389 2145 Et
1411 2102 1474 2164 pro·

307 2184 424 2263 phetavi
445 2185 482 2246 ad
504 2183 642 2263 spiritum
663 2184 739 2244 sicut
760 2182 912 2261 praecepit
933 2183 1022 2258 mihi,
1045 2193 1076 2244 et
1099 2183 1259 2244 ¹²introivit
1280 2184 1312 2244 in
1335 2204 1371 2246 ea
1394 2183 1474 2265 spiri·

308 2295 374 2358 tus,
397 2292 427 2345 et
448 2284 585 2346 vixerunt
607 2291 637 2344 et
659 2282 887 2345 ”constiterunt
908 2302 998 2364 super
1018 2284 1112 2364 podes
1136 2303 1209 2346 suos
1230 2284 1359 2347 valentia
1381 2301 1476 2364 magna

308 2385 392 2447 satis.
425 2385 464 2445 Et
485 2384 527 2445 ait
548 2384 584 2446 ad
606 2403 670 2458 me,
692 2383 748 2445 Fili
769 2382 917 2456 hominis,
942 2403 1009 2445 ossa
1032 2384 1089 2444 ista
1112 2385 1209 2445 omnis
1231 2384 1339 2446 domus
1364 2383 1478 2447 '‘lsrail

308 2493 364 2547 est.
409 2484 471 2565 lpsi
492 2483 609 2555 dicuut,
643 2484 829 2545 Exaruerunt
851 2502 922 2544 ossa
944 2493 1066 2558 nostra,
1088 2493 1129 2546 et
1155 2484 1244 2563 periit
1271 2504 1341 2563 spes
1371 2493 1478 2556 nostra,

264 2615 270 2627 ·
306 2585 399 2648 avulsi
421 2602 525 2645 sumus
548 2583 578 2643 in
602 2584 656 2645 eis.
690 2584 880 2662 ¹³Propterea
902 2585 1048 2664 propheta
1070 2584 1105 2644 ad
1130 2603 1198 2645 eos:
1223 2585 1298 2646 Ecce
1320 2605 1376 2664 ego
1398 2594 1478 2665 pate·

306 2684 382 2747 lucio
405 2682 561 2763 sepulchra
583 2691 696 2757 vestra,
719 2692 749 2744 et
764 2684 884 2745 eveham
906 2702 961 2744 vos
976 2684 1013 2744 de
1029 2685 1193 2763 sepulchris
1209 2684 1333 2759 vestris,
1354 2685 1480 2765 populus

307 2801 411 2858 meus,
434 2792 465 2846 et
484 2782 622 2844 inducam
644 2800 698 2842 vos
720 2783 751 2842 in
774 2792 883 2845 terram
907 2783 1042 2859 ¹⁰lsrail,
1066 2793 1096 2845 et
1116 2786 1305 2863 cognoscetis
1326 2785 1405 2866 quod
1426 2803 1481 2863 ego

308 2886 447 2949 dominus
471 2883 491 2915 ¹⁷
499 2882 665 2963 aperuerim
688 2882 846 2963 sepulchra
868 2894 965 2946 vestra
981 2895 1009 2946 et
1025 2886 1175 2947 eduxerim
1195 2906 1248 2948 vos
1265 2887 1303 2947 de
1318 2886 1482 2966 sepulchris

307 2985 435 3058 vestris,
458 2982 587 3062 populus
610 3002 712 3057 meus,
736 2992 766 3045 et
787 2983 863 3045 dabo
888 2983 999 3045 ¹'vobis
1016 2985 1172 3064 spiritum,
1195 2996 1225 3047 et
1240 2988 1344 3050 vivetis
1360 2999 1392 3049 et
1406 2987 1482 3050 ¹'ve-

308 3085 468 3165 quiescetis
490 3084 520 3145 in
542 3093 622 3146 terra
644 3092 760 3156 vestra,
783 3092 814 3146 et
835 3087 1022 3164 cognoscetis
1045 3086 1124 3165 quod
1141 3105 1195 3166 ego
1212 3087 1353 3149 dominus
1368 3087 1483 3151 locutos

309 3185 396 3248 ”sim
418 3192 448 3246 et
469 3184 607 3257 fecerim,
631 3183 702 3246 dicit
723 3185 872 3247 domiuus.

154 3303 291 3362 ,esum
393 3286 615 3364 huncquoque
637 3284 887 3363 praedicationem
916 3285 979 3346 scio
1008 3285 1132 3363 qualiter
1160 3287 1329 3348 concuu'ant
1357 3287 1391 3349 in
1413 3288 1483 3351 alle·

307 3387 409 3467 goviao
437 3385 740 3466 argumentationem,
774 3386 850 3459 Quia
878 3386 1020 3458 diceudo,
1054 3386 1132 3447 Ossa
1161 3387 1217 3448 ista
1246 3387 1345 3448 omnis
1377 3389 1485 3451 domus

309 3486 419 3550 ¹lsraiel
441 3496 501 3560 est,
523 3485 702 3566 'imaginem
725 3504 758 3547 ea
782 3484 1052 3547 iecerit³lsrairlis·
1075 3495 1105 3546 et
1126 3505 1142 3546 a
1164 3488 1286 3567 propria
1308 3488 1485 3553 condicione

307 3588 506 3651 transtulerit:
529 3596 618 3667 atque
639 3585 681 3648 ita
701 3586 854 3665 figuratam
870 3603 939 3647 esse
954 3605 1015 3647 noo
1030 3604 1130 3647 veram
1146 3587 1380 3649 resurrectionis
1395 3608 1485 3670 prae·

308 3738 332 3787 5.
351 3746 375 3788 et
391 3739 452 3789 baec
468 3739 512 3788 AB.
554 3738 579 3788 6.
597 3739 621 3787 iu
638 3751 681 3787 voa
698 3738 755 3787 lde.
773 3744 821 3786 tres
842 3738 953 3799 Vaticani,
974 3745 995 3787 et
1012 3739 1064 3789 cod.
1077 3739 1110 3787 lo.
1125 3739 1253 3788 Clementia.
1288 3753 1330 3787 vos
1349 3739 1374 3788 io
1392 3741 1486 3805 reliqui.

307 3805 332 3853 ’1.
351 3813 375 3854 et
392 3804 546 3856 circumdabo
564 3805 626 3855 nnc.
678 3803 932 3855 &iniquietent
984 3804 1008 3854 9.
1027 3820 1069 3853 voa
1087 3821 1108 3855 e.
1162 3806 1199 3855 10.
1218 3820 1304 3856 carnea
1322 3806 1416 3858 nume.
1434 3809 1486 3859 sed.

306 3871 401 3921 Pithoea'.
437 3878 505 3920 cutes
523 3873 559 3920 cd.
614 3868 652 3918 11.
673 3871 733 3920 caeli
752 3873 826 3921 codes
844 3872 876 3920 lo.
891 3871 1019 3922 Clementia.
1074 3871 1112 3920 12.
1133 3873 1215 3921 introit
1233 3873 1258 3921 li.
1310 3871 1349 3922 15.
1369 3875 1487 3924 eonstite-

307 3945 365 3985 runt
380 3938 455 3987 died.
474 3944 521 3985 tres
542 3936 653 3996 Vaticani,
673 3944 695 3986 et
713 3939 765 3987 eod.
784 3939 816 3988 lo.
833 3938 961 3988 Clementia.
997 3946 1116 3988 steterunt
1133 3941 1226 4003 reliqui.
1286 3939 1327 3989 14.
1345 3939 1447 3991 israelis
1461 3944 1486 3992 i.

309 4002 348 4051 15.
367 4004 486 4067 prophete
506 4011 633 4066 propterea
651 4004 677 4053 Δ.
732 4004 769 4053 16.
789 4004 887 4053 lsraelie
905 4008 939 4055 ic.
994 4006 1032 4054 l'l.
1051 4007 1188 4068 aperuerim
1206 4008 1252 4066 cd„
1273 4008 1301 4054 de
1319 4009 1372 4056 eod.
1387 4008 1422 4061 le,
1436 4008 1488 4059 dle·

306 4071 398 4121 mestis.
434 4070 517 4134 aperui
535 4070 628 4133 reliqui.
683 4069 723 4119 18.
741 4072 765 4120 in
783 4085 825 4120 voa
844 4087 864 4121 c.
918 4072 956 4122 19.
976 4073 1128 4136 requiescitis
1146 4090 1168 4122 o.
1221 4071 1262 4121 21).
1280 4086 1335 4121 som
1352 4074 1399 4123 AB.

377 4135 435 4200 Cap.
453 4135 519 4186 XXX.
564 4136 586 4187 1.
605 4136 679 4185 laratl
697 4137 806 4197 (israelis
825 4138 877 4198 nt.)
895 4139 1036 4189 estliberi.
1073 4148 1110 4189 eat
1128 4139 1202 4188 lsrael
1222 4141 1260 4190 do.
1313 4138 1338 4188 1.
1357 4141 1383 4189 iu
1402 4140 1489 4202 imad-

309 4216 363 4321 p'ep‘m
389 4204 468 4331 capp.)
521 4201 545 4254 3.
570 4203 668 4253 israelis
693 4212 716 4253 et
734 4207 757 4254 b.
800 4205 899 4266 lsraeli,
923 4206 1067 4256 sediliis.
1092 4208 1258 4257 rodlithoei.
1306 4206 1384 4257 lsrael
1408 4217 1433 4259 at
1450 4208 1489 4261 et.

354 4284 415 4320 usas
470 4307 475 4318 .

343 4400 482 4465 Capilli.
509 4418 530 4451 a.
550 4405 573 4452 in
592 4403 720 4466 imaginem
739 4417 767 4452 ea
786 4403 872 4452 iecerit
923 4405 953 4454 ad
972 4405 1073 4455 Ortbod.
1092 4406 1134 4455 45.
1176 4406 1290 4457 irenaeus
1307 4406 1333 4465 1,
1353 4407 1386 4456 15
1405 4414 1430 4457 et
1445 4406 1489 4458 8&

308 4465 420 4533 israelis]
452 4469 517 4518 llaec
540 4470 673 4533 expositio,
707 4484 778 4534 quam
802 4470 871 4518 reia·
923 4472 1033 4535 Cvpriao.
1052 4472 1151 4522 lesum.
1171 4473 1212 4533 lll,
1229 4473 1270 4523 58.
1306 4472 1414 4536 cyrillae
1431 4474 1492 4525 ilie-

307 4542 343 4584 tat
366 4535 405 4585 bic
425 4535 606 4594 Tertullianus,
639 4545 677 4586 eat
699 4539 770 4585 etiam
795 4536 871 4586 inter·
922 4540 998 4587 roaol.
1024 4540 1120 4589 Catecb.
1141 4539 1181 4589 18.
1223 4541 1415 4603 chrysostomus
1439 4541 1493 4591 llo-

308 4608 403 4665 pretum
422 4603 563 4661 recentium,
591 4616 646 4650 uam
670 4604 761 4667 antiqui
780 4610 871 4666 patres,
924 4605 975 4654 mil.
985 4604 1008 4654 2.
1027 4607 1051 4654 iu
1070 4607 1150 4668 Symb.
1170 4606 1274 4655 Basilius
1292 4608 1316 4656 iu
1335 4606 1494 4671 nastrum,

307 4668 553 4727 sicot'l'ertulliauua,
571 4668 601 4717 de
616 4670 793 4720 resurrectione
805 4685 871 4720 mor·
923 4672 946 4721 in
965 4671 1040 4721 illud:
1058 4673 1187 4732 „Custodit
1205 4673 1317 4725 domiuus
1334 4676 1496 4729 omniaosae

308 4742 404 4784 tuorum
422 4735 487 4784 bunc
502 4734 786 4799 ioeominterpratantur.
814 4737 870 4786 Cle·
923 4739 1034 4788 eorum.“
1053 4739 1095 4796 (La
1115 4738 1213 4800 Cerda.)

309 4803 453 4851 meuallovo.
465 4800 631 4861 construite.
650 4802 870 4861 lustiuueOuaestt.
