3242 5775
305 581 373 650 me·
534 572 667 649 '‘oururr
687 595 820 642 ssermu
840 595 1004 640 suanensis
1026 593 1226 641 munuum

304 742 427 813 naute
471 744 612 822 Qui'hoc
631 763 666 808 se
686 756 717 808 et
737 746 879 825 cognovit
898 754 930 807 et
948 742 1129 824 ²⁴cog'uosti'
1149 745 1187 808 ab
1214 745 1292 807 omni

305 850 394 913 fldem
420 846 551 910 bortrinis
579 845 635 909 etsi
661 846 769 908 melius
797 846 960 920 oculatam,
988 846 1046 908 etsi
1073 846 1136 908 veri
1157 846 1279 909 luminis

215 959 219 967 '
306 950 453 1013 exteriore
474 966 592 1027 quoque
614 945 729 1009 visione
750 947 888 1020 donavit,
912 955 945 1007 ut
966 954 997 1007 et
1018 965 1074 1008 nos
1089 947 1221 1027 regulam
1237 948 1292 1008 sim

305 1052 407 1114 eedem
427 1049 496 1111 fidei
518 1049 714 1112 disceremus.
759 1047 818 1120 Qui
840 1047 901 1109 nur
923 1048 1023 1109 videre
1046 1048 1144 1109 iesum
1165 1049 1258 1110 David
1280 1049 1292 1107 t

306 1152 356 1214 dat
376 1169 432 1232 per
451 1149 574 1229 virginis
594 1147 750 1211 aeneum¹.
788 1148 848 1222 Qui
870 1167 931 1209 non
953 1148 993 1210 ita
1016 1149 1133 1222 credet,
1157 1167 1217 1209 non
1239 1149 1292 1210 aud

305 1251 395 1314 Fides
417 1261 466 1313 tua
489 1260 518 1311 te
541 1249 654 1312 salvum
683 1249 769 1319 iecit,
802 1258 890 1328 atque
918 1249 958 1310 ita
985 1266 1090 1310 meone
1119 1249 1292 1311 remanebit

306 1352 486 1423 antithesim,
509 1360 645 1413 ruentem
668 1359 698 1412 et
719 1351 814 1428 ipsam
836 1349 1017 1412 antithesim.
1062 1349 1113 1411 Sic
1134 1350 1211 1411 enim
1235 1370 1292 1412 chet

191 1433 287 1539 ¹v¹‚{',{¹,'‚
307 1454 453 1515 deducere
468 1451 568 1513 soler.
599 1451 673 1514 Nam
689 1449 716 1512 si
731 1450 887 1530 ahquando
903 1450 1061 1512 Davidemk
1086 1450 1115 1511 in
1139 1458 1292 1529 recuperat

306 1554 493 1616 offenderant
512 1554 592 1615 meci
613 1552 791 1614 resistentes
814 1550 974 1629 quominus
995 1551 1201 1613 admitteretur
1224 1551 1292 1624 (int

304 1655 368 1735 puli
388 1653 515 1736 proinde
528 1653 624 1725 caeci,
648 1650 709 1714 n'on
724 1652 885 1714 admissuri
900 1652 1078 1731 quandoque
1094 1651 1242 1713 Christum
1258 1652 1292 1712 fit

305 1756 373 1818 ideo
388 1753 526 1816 Christus
548 1772 585 1814 ex
605 1754 725 1815 diverso
748 1770 835 1814 caeco
858 1751 1011 1826 subvenit,
1034 1762 1068 1815 ut
1088 1753 1157 1814 hine
1178 1772 1212 1814 se
1233 1761 1292 1814 oste

305 1871 375 1919 esee
396 1855 488 1917 hlium
509 1854 617 1927 Dauid,
652 1854 715 1916 ¹'ut
742 1872 778 1915 ex
810 1852 901 1915 animi
930 1852 1104 1922 diuersitate
1129 1853 1227 1916 bonus
1256 1874 1288 1914 ca

304 1958 354 2019 iiie
374 1957 504 2018 iusserat
531 1956 624 2018 caedi.
677 1954 716 2015 m
736 1973 789 2016 cur
810 1954 879 2015 fidei
905 1953 1070 2032 ”equidem
1097 1973 1204 2034 pravae
1231 1973 1292 2034 praa

306 2055 417 2120 dixit'?
438 2056 548 2137 Atquin
571 2064 601 2117 et
622 2056 681 2117 hoc
702 2054 779 2116 iilius
801 2052 929 2128 Dauid·,
952 2054 1152 2116 ²⁷antithesim
1175 2056 1211 2116 de
1234 2074 1291 2117 suo

305 2160 383 2221 dam.
419 2157 493 2219 Nam
510 2158 575 2219 ’et
595 2157 646 2237 qui
668 2156 759 2218 David
781 2155 985 2228 offenderant,
1008 2156 1103 2230 caeci3
1125 2175 1204 2219 nuuc
1224 2174 1292 2217 vera

305 2260 402 2322 carnis
430 2258 541 2320 homo·
562 2258 726 2339 supplicem
748 2275 783 2318 se
805 2256 953 2318 obtulerat
974 2257 1035 2318 titio
1056 2257 1156 2319 David.
1202 2257 1292 2319 idcirc

303 2360 423 2423 facienti
451 2359 669 2440 quodammodo
696 2358 827 2438 placatus
860 2356 939 2419 tilius
966 2358 1057 2421 David
1088 2358 1215 2420 restituit
1247 2359 1292 2419 tur

304 2461 476 2523 testimonio
498 2459 584 2535 fidei,
616 2478 674 2540 qua
701 2460 760 2520 hoc
786 2458 885 2537 ipsum
913 2459 1096 2533 crediderat,
1128 2459 1292 2521 exorandut

304 2559 396 2622 fliium
416 2559 517 2621 David.
562 2559 599 2622 Et
620 2570 718 2622 tamen
739 2559 830 2621 David
852 2560 973 2622 audacia
994 2559 1163 2633 hominum,
1192 2569 1283 2638 puto,

304 2657 366 2722 uo'n
388 2658 535 2721 valetudo.

198 2766 252 2821 esp.
389 2758 588 2837 Consequitur
608 2766 640 2819 et
654 2758 776 2820 Zachaei
799 2759 907 2821 domus
923 2759 1058 2821 satutem.
1087 2758 1154 2832 Quo
1171 2759 1292 2821 merito*

169 2831 290 2947 mix,
304 2859 357 2937 rel¹
372 2859 419 2922 ille
442 2859 607 2922 crediderat
629 2859 780 2922 Christum
802 2879 820 2924 a
841 2859 990 2923 Marcione
1011 2859 1155 2923 venisse?
1194 2860 1292 2941 Atquin

165 2947 427 3047 Lussssiiqpeuribus
450 2969 514 3023 erat
534 2961 668 3022 omnium
690 2979 747 3022 vox
768 2960 817 3024 illa
838 2963 932 3035 caeci,
956 2962 1098 3023 Miserere
1115 2961 1190 3032 mei,
1213 2961 1292 3023 Iesu,

202 3047 274 3090 Μ·
305 3071 350 3135 et,
374 3062 478 3125 Omnis
500 3061 629 3142 populus
652 3062 753 3124 laudes
778 3063 941 3125 ¹referebat
961 3063 1035 3136 deo,
1063 3080 1124 3123 non
1146 3063 1292 3124 Marcioni

303 3163 362 3225 rid.
398 3161 557 3226 Enimvero
571 3163 719 3225 Zachaeus
742 3164 800 3225 etsi
821 3164 997 3244 allophylus,
1020 3165 1167 3225 sortasse·
1190 3171 1288 3225 tamen

252 3314 254 3319 .
304 3265 367 3328 titia
389 3265 603 3347 scripturarum
626 3283 663 3326 ex
682 3265 862 3326 commercio
884 3265 1003 3327 ludaico
1026 3265 1158 3337 afflatus,
1181 3264 1248 3344 ptus
1267 3284 1292 3326 er

304 3416 345 3466 24.
364 3417 477 3495 ¹cognosci
496 3384 526 3467 ab
543 3419 657 3496 omnibns
683 3417 832 3496 (bominibus
854 3418 975 3470 Vaticanus
993 3416 1061 3474 aiter)
1084 3416 1150 3496 BiJu.¹
1164 3418 1286 3468 Vaticanus

303 3487 801 3631 tererestereres:
816 3484 1007 3630 ,tur
1041 3493 1082 3631 rt
1095 3486 1263 3630 turre

304 3619 615 3749 ‘'“''i,¹,¹i‘ii’iiiij'⁶i.
634 3618 1117 3746 iiiiii'iiii‘'⁸,iisssfii'ihi‘
1129 3619 1292 3738 ,tritt

305 3787 582 3917 baziothmidcrggtmihn
595 3787 866 3918 vh'cst'tohhahih'hah:
917 3788 1283 3917 {iisdesshn'ff“gognch'eec'itautis

303 3920 438 3983 quoderat
455 3929 606 3970 commentus
625 3922 737 3972 biarcion.
760 3922 810 3982 (Fr.
826 3922 866 3972 iu·
916 3923 1007 3986 pectori
1026 3936 1075 3971 non
1085 3922 1197 3979 debebat,
1216 3931 1292 3984 praest

304 3988 379 4043 nius.)
603 4024 605 4029 .
917 3998 955 4039 est
971 3990 1097 4039 sanitatem
1117 3989 1262 4049 restituisse,
1281 3991 1292 4039 d

339 4053 362 4102 b.
381 4049 501 4118 censam}
520 4055 571 4104 iios
580 4063 617 4104 est
629 4056 756 4116 originem,
775 4070 801 4105 er
821 4071 865 4105 usu
917 4057 987 4117 Quod
1006 4065 1074 4107 antes
1093 4057 1260 4120 reperiebatur
1283 4073 1292 4107 e

303 4119 456 4185 Tertnttieni,
480 4122 510 4171 de
533 4136 581 4186 qno
606 4124 653 4172 iam
672 4137 746 4187 saepe
764 4123 865 4173 ednote·
917 4138 1013 4173 omnem
1031 4123 1175 4173 sententiam
1194 4125 1292 4188 perturb

306 4194 357 4235 ιω
376 4193 421 4235 m·
951 4230 982 4265 m.
1001 4217 1086 4280 Atquin
1105 4222 1129 4265 et
1147 4215 1194 4266 hoc
1211 4217 1276 4267 titius

337 4254 353 4302 t.
373 4268 459 4303 caecae
477 4269 574 4304 mecum
593 4254 713 4305 dedocere
726 4252 810 4322 sciet]
829 4258 865 4335 Gt.
917 4282 970 4346 ,ομ
989 4284 1119 4347 praesum·

304 4331 377 4383 snpra
389 4320 430 4369 tib.
441 4321 483 4373 ttt.
496 4322 574 4384 cepi
595 4338 700 4381 „caecus
719 4339 731 4372 e
750 4339 823 4374 caeco
842 4339 866 4374 m
1007 4367 1013 4378 ,
1179 4368 1184 4377 ,

305 4389 405 4437 candent
423 4389 513 4438 decidit
530 4391 650 4437 ioresrn.“
950 4382 974 4418 ¹¹·
992 4367 1100 4418 011]ῦᾶοΜ
1119 4368 1291 4418 61ΓῦΙὸὓοωο

218 4488 224 4495 -
338 4454 438 4504 mrtem
457 4457 478 4506 ei
496 4457 626 4517 aliquando
644 4456 769 4520 Davidem]
790 4459 864 4508 Verba
918 4435 1010 4485 mm
1046 4435 1092 4493 ⁰¹¹¹
1111 4435 1169 4484 Μ’
1189 4449 1278 4485 “²⁰⁰⁸

303 4529 361 4570 snut
369 4522 464 4584 ineptae
476 4525 628 4572 Antitheseos
639 4523 774 4585 Marcionis,
793 4539 865 4589 qnam
950 4526 982 4575 Ca
1002 4525 1124 4576 ,ffliih
1156 4540 1180 4575 a.
1197 4527 1242 4576 etsi
1260 4526 1292 4577 stt

303 4596 388 4638 auctor
410 4589 498 4639 deiude
521 4591 629 4639 confutat
651 4591 734 4641 dicens
760 4595 865 4656 „Atquin
916 4540 1040 4655 tassefln
1058 4593 1126 4655 p'erte
1144 4595 1292 4644 editornmd

303 4663 328 4705 et
346 4657 392 4705 boc
409 4657 474 4706 titius
493 4658 582 4706 hund·
601 4665 655 4707 cett.
674 4660 839 4719 (nutantum
915 4662 1009 4722 peritur
1026 4660 1238 4724 „etsiahopbpius
1251 4662 1291 4711 ior

339 4722 355 4771 Ι.
374 4724 402 4772 tr
420 4738 463 4773 cur
480 4725 535 4773 ddei
553 4726 665 4788 equidem
687 4741 773 4790 prauae
792 4742 864 4791 prse-
915 4736 971 4776 cett.
1006 4728 1042 4778 ct.
1061 4729 1292 4780 etiamSatmes.1h

302 4790 394 4841 stitisse
417 4804 445 4840 se
468 4787 558 4856 diuiti]
591 4794 682 4858 itaque,
708 4796 792 4860 inquit,
822 4808 866 4846 car
916 4808 941 4858 p.
952 4793 1009 4844 386,
1210 4796 1214 4804 '
