3242 5775
656 645 803 691 rorensm
824 647 968 692 rmum.
1026 690 1030 696 ,
1314 607 1401 703 ‘pop

226 802 321 875 parte,
344 812 401 874 qua
423 793 545 874 spiritus
567 802 640 868 erat,
663 793 710 857 tlei
733 793 824 858 fllium
838 796 1051 878 pronuntiarit,
1074 814 1198 862 serram
1212 801 1293 864 oarui
1306 801 1401 868 hhnm

225 894 358 957 hominis
380 893 448 957 (liei.
493 895 543 957 Sir
563 903 593 956 et
614 895 769 975 apostolus
791 898 879 959 etiam
903 897 951 959 dei
979 905 1011 960 et
1035 895 1218 962 “hominum
1248 902 1529 984 eppeheuernmun

224 994 429 1075 sequestrem¹
449 997 604 1074 utriusque
619 996 801 1059 substantiae
816 997 1008 1060 ooutlrmerit.
1043 998 1213 1064 Novissima
1233 1002 1285 1083 qui
1306 1003 1398 1068 lilium

224 1096 273 1158 dol
296 1114 413 1158 earnem
436 1095 658 1176 interpretaris,
682 1097 787 1159 exhibe
809 1098 860 1179 qui
882 1098 923 1159 sit
943 1097 1022 1160 illius
1044 1099 1186 1164 hominis.
1228 1097 1287 1166 Αιιι
1307 1121 1398 1166 uum·

224 1196 296 1275 quid
324 1195 448 1275 spiritus
478 1195 557 1259 erit?
602 1198 660 1259 Sed
689 1197 826 1278 spiritum
853 1208 968 1278 patrem
990 1198 1089 1280 ipsum
1109 1201 1155 1262 ris
1177 1199 1296 1278 heheri,
1329 1202 1398 1284 quia

224 1296 301 1359 deus
323 1297 464 1376 spiritus,
497 1299 582 1378 quasi
611 1317 672 1360 non
702 1308 732 1361 et
758 1299 805 1361 dei
828 1300 965 1379 spiritus,
998 1300 1078 1363 siout
1098 1309 1129 1366 et
1149 1319 1250 1364 sermo
1270 1301 1346 1367 tleue
1367 1313 1399 1368 et

223 1397 273 1458 dei
295 1416 406 1459 sermo.
1272 1397 1280 1410 “

308 1497 411 1577 ltaque
433 1498 582 1560 Christum
604 1500 675 1560 laris
697 1507 828 1580 patrem,
851 1499 1043 1574 stultissime,
1070 1499 1120 1581 qni
1143 1519 1200 1565 nee
1219 1503 1315 1583 ipsam
1336 1504 1529 1582 rimcmnrn

223 1598 365 1677 inspicias
393 1599 523 1660 nominis
552 1600 656 1672 huius,
688 1591 840 1662 si'tamen
869 1619 977 1662 nomen
1008 1601 1071 1663 ¹eet
1091 1601 1243 1678 Christos,
1276 1613 1308 1667 et
1333 1623 1396 1668 non

224 1699 381 1779 appellatio
409 1700 526 1777 potius;
560 1710 665 1763 unctus
693 1701 772 1762 enim
799 1701 1009 1780 'significatum
1048 1701 1174 1776 ,Unctus
1201 1711 1299 1768 autern
1332 1723 1396 1768 non

223 1799 318 1878 magis
341 1818 450 1860 nomen
473 1810 519 1862 est
540 1819 627 1879 quam
651 1802 787 1874 restitus,
810 1820 897 1881 quam
918 1800 1099 1876 ’miceatue,
1121 1801 1259 1865 aoeitiene
1280 1804 1396 1868 nomini

222 1918 284 1961 res.
328 1901 390 1960 ⁴hn
418 1910 465 1972 tu,
501 1902 526 1962 si
555 1921 591 1962 ex
618 1902 716 1981 aliquo
745 1912 919 1981 argumento
947 1903 1071 1965 restitus
1099 1920 1218 1983 quoque
1240 1913 1397 1968 vooeretor

223 2001 328 2072 lesus,
361 2002 512 2080 quomodo
535 2003 670 2064 Christus
698 2003 734 2064 ab
766 2003 916 2064 unctionis
944 2011 1147 2076 sacramento,
1180 2021 1275 2084 aeque
1295 2003 1395 2068 losum

221 2102 314 2163 hlium
337 2102 383 2163 dei
406 2103 531 2176 diceres,
554 2105 692 2165 vestitum
708 2122 779 2164 vero
794 2113 906 2182 patrem
922 2102 1085 2166 crederes?
1112 2103 1393 2168 annotaturum.

221 2204 255 2265 Si
275 2212 361 2282 poter
383 2202 519 2264 Christus
542 2214 605 2278 est,
627 2213 713 2284 pater
734 2216 842 2266 unctus
865 2212 926 2275 est,
950 2214 979 2266 at
1002 2204 1103 2284 utique
1125 2204 1162 2266 ah
1184 2203 1251 2268 alio.
1287 2203 1394 2268 Antei

220 2324 238 2365 a
259 2303 438 2382 semetipso,
461 2303 566 2382 proba.
610 2304 669 2366 Sed
692 2323 752 2368 non
774 2304 814 2367 ita
836 2306 944 2367 docent
963 2306 1033 2366 heta
1054 2304 1266 2384 Apostolorum
1292 2306 1324 2367 iu
1346 2304 1395 2370 ille

217 2405 449 2466 ⁵exelamatione
470 2404 611 2466 ecclesiae
633 2406 668 2467 ad
690 2406 792 2468 deum:
817 2406 1026 2474 Convenerunt
1046 2405 1125 2467 eninr
1142 2405 1273 2467 universi
1288 2406 1318 2467 in
1333 2405 1391 2468 iste
1403 2401 1512 2506 ἤιξ’(

220 2505 338 2567 civitate
360 2505 503 2566 adversus
525 2513 658 2567 sanetum
682 2507 773 2568 lilium
794 2506 912 2579 ‘tuum,
941 2524 1027 2586 quem
1050 2505 1177 2579 unxisti,
1205 2505 1341 2568 Herodes
1362 2513 1395 2570 at

220 2606 331 2667 Pilatus
354 2625 420 2668 oum
442 2605 623 2668 nationibus.
665 2607 708 2669 lta
730 2606 872 2684 etlilium
900 2607 948 2668 dei
969 2606 1068 2668 lasum
1089 2605 1248 2669 contestati
1270 2614 1342 2668 eunt
1362 2614 1394 2669 et

219 2705 312 2767 lilium
334 2725 351 2767 a
371 2714 456 2785 patre
478 2715 608 2769 unctum.
642 2707 721 2786 Ergo
743 2707 844 2769 'lesus
866 2708 944 2769 idern
966 2710 1024 2769 erit
1037 2705 1188 2781 Christus,
1211 2707 1261 2786 qni
1275 2715 1394 2787 epatre

219 2817 327 2869 unctus
350 2809 411 2880 est,
434 2825 495 2868 non
517 2815 617 2888 paler,
640 2808 690 2889 qui
713 2808 803 2869 lilium
827 2808 918 2870 unxit.
950 2807 1183 2871 SiootPetrus:
1204 2804 1510 2901 Firmissinelfflt·

220 2910 319 2988 itaque
342 2919 502 2988 cognoseat
523 2911 619 2972 omnis
642 2911 748 2973 domus
769 2911 879 2984 lsrael,
913 2910 992 2991 quod
1020 2918 1050 2971 et
1076 2908 1229 2971 dominum
1252 2917 1282 2971 et
1303 2907 1391 2971 Chri·
1446 2886 1454 2909 ’
1486 2887 1493 2902 ’

218 3019 315 3080 stum,
343 3010 373 3071 id
397 3021 443 3072 est
465 3019 601 3086 unctum,
635 3013 736 3073 lecerit
763 3030 832 3073 eum
854 3012 945 3085 deus,
978 3011 1057 3072 hunc
1077 3010 1193 3083 lesum,
1226 3026 1315 3090 (ιιιιιι
1337 3026 1392 3071 voe

218 3112 419 3173 cnteihrlstis.
458 3112 584 3173 loannes
607 3123 703 3174 autem
727 3112 815 3175 etiam
838 3108 1529 3218 mentlaoemnotateumquinem-¹¹,f‘p31‘pgh¹

217 3213 294 3273 verit
316 3213 413 3274 lesum
437 3232 505 3274 esse
526 3212 694 3283 Christum,
722 3224 823 3274 contra
846 3212 883 3273 de
905 3214 961 3273 deo
984 3222 1085 3273 netum
1108 3229 1228 3273 omnem
1250 3209 1301 3290 qui
1323 3229 1391 3273 ere-

217 3313 328 3375 ‹liderit
349 3313 446 3375 lesum
469 3332 538 3375 esse
560 3313 718 3376 Christum.
768 3313 896 3391 Propter
917 3311 996 3390 quod
1019 3320 1049 3373 et
1069 3311 1208 3373 hortatur
1229 3318 1264 3371 ιιι
1283 3310 1389 3371 erede-
1403 3325 1500 3381 rtem.

219 3433 286 3475 mus
308 3414 422 3476 nomini
443 3415 495 3476 lilii
518 3415 583 3477 eius
606 3415 675 3476 lesu
697 3412 824 3485 Christi,
853 3419 887 3473 ιιι
914 3410 1028 3472 seilicet
1048 3410 1219 3471 eommunia
1242 3409 1283 3470 sit
1303 3408 1392 3470 nohis

217 3501 285 3577 oum
307 3524 392 3596 patre
413 3524 442 3578 et
464 3516 523 3577 lilio
546 3516 609 3577 eius
632 3515 698 3575 lesu
722 3514 852 3575 Christo.
902 3511 953 3573 Sic
979 3520 1009 3572 et
1030 3508 1138 3570 Paulus
1166 3507 1276 3587 utique
1301 3507 1392 3570 eleum

216 3627 332 3696 patrem
354 3617 440 3696 ponit
460 3626 490 3679 et
511 3617 664 3678 dominum
686 3614 823 3675 nostrum
846 3612 943 3674 lesum
967 3608 1129 3672 Christum.
1172 3607 1245 3669 Cum
1266 3607 1304 3670 etl
1325 3606 1391 3669 llo·

219 3736 324 3779 menos
346 3717 463 3791 scribit,
486 3718 596 3797 gratias
618 3718 679 3795 agit
699 3716 772 3777 ⁸deo
794 3731 850 3794 per
864 3711 1016 3795 dominum
1032 3717 1170 3772 nostrum
1186 3708 1285 3771 lesum
1300 3706 1390 3771 (hrri-
1402 3726 1520 3781 nante.

215 3828 312 3891 stum3
342 3837 408 3880 oum
431 3818 467 3879 ad
491 3818 623 3891 Galatas,
646 3835 707 3878 non
729 3815 765 3878 ab
788 3813 960 3876 homiuibus
983 3830 1017 3874 se
1038 3809 1208 3891 apostolum
1230 3807 1388 3890 'preelerh
1400 3826 1498 3880 onte

218 3938 274 3980 neo
295 3937 350 3998 per
371 3919 537 3991 hominem,
566 3919 617 3980 sed
647 3936 701 3998 per
723 3917 823 3978 lesum
845 3914 996 3977 Christum
1023 3920 1054 3975 et
1074 3911 1310 3991 deumpetrem.
1352 3908 1393 3973 m

217 4021 310 4082 hahes
333 4021 421 4081 ¹⁰tota
444 4020 641 4081 instrumenta
664 4019 756 4090 eius·,
788 4034 863 4096 quae
891 4016 921 4077 in
942 4015 1023 4077 huno
1043 4012 1165 4076 modum
1186 4010 1391 4092 pronuntient,

218 4130 249 4183 et
271 4122 347 4183 duos
369 4129 556 4202 proponunt,
587 4121 674 4183 deum
697 4127 726 4180 et
746 4126 878 4198 patrem,
906 4126 937 4178 et
958 4114 1110 4178 dominum
1131 4122 1270 4175 ausuum
1289 4110 1390 4175 lesum

218 4272 260 4323 ²⁵¹
280 4274 532 4405 'iiiiiinihshilltiiml
552 4348 587 4391 est
605 4356 650 4390 orn.
666 4342 691 4389 Δ.
711 4339 775 4389 heim
835 4335 859 4387 2
884 4334 1003 4415 significet
1024 4335 1051 4385 t.
1064 4331 1171 4453 Ἴ..
1191 4328 1217 4382 3.
1234 4314 1349 4382 miriatos
1362 4314 1393 4382 a.

218 4410 244 4459 t.
262 4409 296 4457 hn
316 4418 341 4458 tu
359 4411 393 4471 rh,
413 4425 462 4460 eum
480 4409 562 4459 Fuluio
581 4409 672 4457 Ursino.
713 4406 741 4455 tt
760 4414 784 4455 tn
801 4405 890 4456 ABolre.
907 4404 973 4455 hard.
1030 4396 1056 4451 h.
1080 4400 1108 4449 bt
1173 4406 1253 4449 tuone
1276 4397 1395 4449 eeclesiae

218 4477 248 4526 ad
268 4476 339 4525 deum
357 4478 412 4528 hed.
431 4478 505 4537 teta,
527 4477 686 4526 latiomorum
703 4489 773 4534 unm,
799 4480 821 4523 et
838 4473 865 4522 B.
882 4474 908 4520 itt
923 4458 1064 4534 moro-feu
1081 4466 1134 4519 tel
1149 4464 1313 4530 Bhtnpieem'
1327 4470 1393 4529 pete.

218 4544 393 4593 exclamatione
417 4544 447 4592 ed
465 4543 536 4593 deum
556 4542 612 4593 Bet.
670 4540 694 4593 6.
714 4549 780 4592 trram
800 4540 880 4589 lesam
898 4550 970 4601 qoem
988 4536 1027 4588 erl.
1081 4532 1116 4586 Ἥ·
1128 4530 1198 4585 terre
1214 4534 1269 4585 Aeti-
1291 4532 1394 4582 Votieoei
1442 4590 1449 4597 Ι

219 4620 274 4672 tres,
295 4619 316 4663 et
334 4612 360 4660 B.
378 4615 403 4661 in
420 4627 503 4675 moro,
523 4626 552 4660 ea
570 4611 739 4674 llirtoupieesi,
757 4614 824 4673 peto,
843 4607 943 4657 codiee·
964 4602 1078 4663 tlomltm
1092 4600 1149 4653 tet.
1167 4599 1253 4661 (tete)
1303 4596 1326 4647 8.
1344 4597 1392 4647 (leo

218 4680 303 4729 dicens
322 4694 365 4744 per
382 4681 406 4729 t.
426 4680 490 4728 held.
542 4678 566 4728 9.
585 4679 720 4742 proiertA.
739 4676 802 4726 heiti.
859 4673 896 4723 to.
914 4679 992 4722 totum
1010 4668 1196 4721 instrumentum
1212 4668 1258 4719 tlt.
1274 4666 1339 4719 heiti·

250 4782 267 4829 l.
293 4777 457 4845 sequestrem]
485 4780 522 4829 cl.
551 4778 643 4828 adnott.
669 4776 699 4828 erl
722 4777 779 4827 hdr.
865 4773 924 4838 Cep.
942 4768 1040 4823 Uilli·
1064 4784 1086 4821 e.
1095 4776 1145 4821 tote
1155 4769 1315 4845 instrumente
1324 4756 1391 4829 moe]

215 4847 335 4900 Valentia.
354 4861 407 4911 cap.
418 4846 462 4896 25.
830 4840 918 4891 Totum
935 4839 1081 4905 scriptorum
1098 4834 1204 4904 epoetoh
1218 4846 1318 4898 eorpus,
1335 4830 1393 4897 qul-
