3242 5775
518 687 532 714 .
578 662 726 705 messem
748 663 963 706 emonensis.
1132 657 1135 662 '
1302 652 1365 716 347

197 815 211 875 i
233 812 409 895 praestitit
440 811 554 891 aliquid
581 813 719 886 materie,
750 820 784 874 ut
805 820 836 874 et
856 812 922 893 ipsa
945 832 1011 875 eum
1034 813 1091 875 deo
1113 815 1211 894 possit
1231 818 1364 895 agnosci,

197 917 333 996 muniis
361 914 448 988 deo,
472 914 565 975 immo
588 921 619 974 et
639 913 782 987 ediutrix3
803 914 862 976 nisi
885 915 963 993 quod
980 914 1063 975 solue
1078 934 1143 976 eam
1157 915 1365 997 Hermogenes

197 1018 318 1097 gonrit,
349 1025 386 1077 et
411 1015 635 1076 baereticorum
657 1014 841 1094 patriarchae
856 1015 1058 1095 philosophie
1091 1016 1267 1097 'Prophetis
1283 1020 1363 1082 enim

207 1118 374 1200 apostolis
400 1134 504 1195 neque
526 1108 622 1176 adhue
641 1114 743 1189 latuit,
766 1124 838 1194 puto
861 1124 891 1177 et
913 1116 1058 1177 'Christo
1217 1195 1220 1206 ι

239 1220 319 1281 Non
347 1224 464 1299 potest
486 1216 585 1277 dicere
607 1216 695 1277 deum
720 1216 767 1277 'ut
788 1216 942 1277 dominum
965 1218 1087 1279 materia
1102 1237 1189 1280 usum
1211 1218 1248 1280 nd
1271 1238 1363 1299 opero
1380 1232 1479 1289 ειμι.

197 1322 280 1393 ndi,
306 1318 486 1380 ²domiuus
509 1316 588 1378 enim
611 1335 672 1378 non
695 1318 793 1398 potuit
807 1336 877 1379 esse
892 1318 1075 1380 substantioe
1091 1319 1267 1398 coaequalis.
1301 1320 1362 1384 Sed

197 1423 299 1483 eurio
327 1419 487 1481 'forsitan
510 1436 582 1480 usus
596 1426 652 1491 est,
675 1427 706 1480 et
727 1418 794 1479 ideo
816 1420 962 1498 precario,
985 1438 1047 1480 uon
1062 1420 1205 1493 dominio,
1228 1428 1270 1493 nt,
1294 1439 1361 1484 cum

216 1523 299 1584 mala
326 1522 456 1591 ⁴esset,
479 1519 612 1581 demde
633 1527 734 1580 umen
755 1519 932 1581 sustinuerit
953 1520 1012 1594 uti,
1035 1520 1147 1605 seilicet
1168 1540 1204 1583 ex
1224 1522 1360 1584 necessi·

197 1633 222 1684 te
242 1620 482 1684 mediocritatis
504 1639 594 1693 eune,
617 1638 674 1699 qus
696 1638 757 1682 nou
780 1621 893 1683 valebat
914 1640 948 1681 ex
972 1620 1063 1682 nihilo
1078 1621 1136 1691 uti,
1159 1641 1221 1683 non
1244 1641 1279 1683 ex
1300 1641 1359 1701 pe-

197 1734 293 1797 state,
320 1740 419 1802 quem
441 1721 484 1782 ‘si
507 1720 661 1782 habuisset
681 1721 820 1793 omnino,
850 1733 881 1783 ut
904 1722 994 1795 deus,
1028 1722 1058 1782 in
1080 1722 1249 1795 materiem,
1273 1741 1362 1801 quam

197 1824 277 1886 nhm
310 1833 424 1895 norat,
457 1830 525 1883 ente
552 1840 617 1883 eum
645 1821 675 1883 in
704 1822 834 1883 ‘bouum
863 1825 1074 1893 convertisset,
1108 1830 1142 1883 ut
1168 1822 1309 1885 dominus
1332 1830 1362 1884 et

197 1943 288 1997 um,
327 1933 363 1985 ut
392 1924 433 1983 ita
461 1922 498 1984 de
525 1922 623 1996 bono,
656 1940 718 1984 non
744 1924 781 1984 de
804 1923 882 1983 meio
906 1933 1046 1984 uteretur.
1091 1923 1149 1983 Sed
1172 1922 1360 2001 quindenus

198 2026 338 2103 pidem,
371 2022 512 2085 dominus
534 2033 632 2084 eutem
654 2042 732 2097 non,
763 2024 831 2085 ideo
855 2024 970 2104 qualem
993 2023 1095 2085 hebuit
1116 2023 1184 2085 'tali
1207 2042 1281 2085 usus
1303 2042 1360 2085 ne-

197 2127 354 2188 neitatem
377 2143 462 2186 suom
485 2124 615 2185 ostendit
636 2126 788 2187 cedentem
817 2126 984 2187 condicioni
1012 2124 1167 2198 materiae,
1201 2144 1305 2204 qoem,
1333 2099 1361 2187 ed

197 2224 324 2288 hirrus
347 2226 469 2299 fuisset,
492 2225 691 2287 emendasset.
743 2226 794 2289 Sic
816 2228 894 2289 enim
916 2226 1097 2305 Hermogeni
1120 2225 1361 2305 respondendum

198 2337 249 2398 ut,
275 2347 345 2389 enm
368 2346 405 2388 ex
427 2326 559 2388 dominio
583 2327 714 2389 defendit
734 2328 822 2389 deum
845 2328 966 2389 materia
991 2346 1093 2400 usum,
1128 2337 1157 2387 et
1186 2326 1277 2388 dere
1298 2344 1361 2388 nou

201 2443 259 2498 tu,
279 2428 397 2490 scilicet
417 2445 478 2513 non
501 2428 576 2488 fecta
598 2427 634 2488 eb
657 2428 733 2508 ipso.
769 2430 827 2490 ium
851 2448 921 2508 ergo
944 2429 1052 2489 melum
1075 2427 1216 2507 abipso,
1241 2427 1362 2508 quiesi

204 2528 272 2598 ndi,
295 2531 323 2590 si
345 2537 550 2601 nommetur,
574 2529 640 2607 quie
662 2532 881 2603 penetremur,
905 2539 984 2591 certe
1005 2529 1189 2608 permissor,
1212 2528 1281 2609 quie
1303 2528 1359 2590 do·

206 2629 327 2692 niaator.
382 2630 413 2691 si
436 2648 506 2690 vero
530 2630 650 2690 materie
671 2648 732 2691 non
755 2641 785 2691 et
812 2631 926 2710 ipsius,
959 2630 1034 2710 ⁹que
1060 2630 1187 2704 maium,
1223 2630 1271 2692 dei
1299 2649 1361 2692 non

210 2728 265 2802 eit,
289 2732 326 2791 de
346 2731 443 2792 alieno
467 2747 538 2808 ergo
562 2748 634 2791 usus
657 2741 707 2792 out
727 2733 864 2810 precario
892 2751 966 2793 usus
995 2741 1057 2804 est,
1091 2751 1148 2812 que
1170 2751 1261 2811 egens
1283 2732 1359 2806 eius,

213 2840 248 2891 nt
264 2842 292 2892 et
313 2832 434 2903 iniuria,
458 2851 515 2912 qua
537 2830 711 2910 praevalens
734 2832 810 2894 eius.
851 2832 904 2894 His
927 2832 1005 2895 euim
1029 2833 1123 2896 tribus
1146 2833 1243 2895 modis
1266 2832 1359 2895 aliene

198 2941 362 3021 *unctum
392 2935 471 3006 iure,
500 2933 662 3006 beneficio,
692 2934 820 3012 impetu,
855 2935 885 2995 id
907 2944 954 2995 est
976 2935 1125 3008 dominio,
1148 2935 1299 3015 precario,
1321 2934 1360 2995 vi.

218 3026 327 3094 intuto
360 3053 421 3095 non
454 3043 631 3113 suppetente
664 3035 752 3113 eliget
783 3035 987 3114 Hermogenes
1025 3036 1094 3115 quid
1116 3036 1178 3096 deo
1208 3043 1361 3114 congruat,

220 3136 323 3204 reneio
346 3154 382 3196 en
405 3135 432 3194 ri
455 3135 492 3195 de
515 3135 635 3195 materia
658 3146 762 3197 cuncte
785 3137 930 3197 ¹⁰seeisse.
975 3137 1041 3197 Non
1064 3155 1134 3214 ergo
1158 3135 1264 3196 meiius
1287 3155 1359 3197 cen-

221 3232 305 3296 meet
323 3237 396 3298 deus
419 3235 491 3297 nihii
521 3235 643 3320 omnino
674 3237 838 3299 iaciendum
861 3255 947 3316 quem
970 3237 1104 3315 precario
1128 3245 1178 3296 eut
1198 3236 1226 3295 vi
1248 3237 1360 3297 iacien-

222 3328 284 3405 ἡ,
304 3346 331 3397 et
351 3336 471 3416 quidem
494 3336 531 3397 de
554 3335 655 3398 meio?

282 3437 378 3499 Nonne
401 3440 489 3499 etiem
512 3438 538 3498 si
561 3437 681 3498 materia
697 3437 807 3515 optima
823 3439 946 3508 suisset,
971 3436 1080 3514 'ecque
1097 3435 1269 3495 indecorum
1285 3434 1361 3497 ’sibi
1379 3454 1466 3511 capr.

227 3534 389 3601 flittimasset
410 3540 447 3600 de
463 3539 581 3611 elmon,
605 3537 672 3600 iicet
694 3537 816 3599 ³bono‘?
849 3539 941 3599 Fatue
956 3537 1029 3597 setis
1045 3536 1144 3614 itaque
1163 3534 1275 3615 gloriae
1291 3555 1363 3598 sune

229 3648 287 3696 neca
311 3641 428 3702 molitus
457 3652 504 3701 est
531 3639 689 3711 mundum,
724 3649 756 3699 ut
783 3639 948 3701 debitorem
975 3657 1008 3697 se
1038 3637 1150 3698 eiienee
1179 3636 1362 3700 substantiae

233 3739 378 3814 uenderet,
402 3751 432 3802 et
453 3740 571 3820 quidem
595 3759 654 3801 uon
677 3739 783 3801 bonae.
819 3741 914 3818 Ergo,
938 3739 1048 3817 inquit,
1072 3759 1107 3801 ex
1130 3738 1221 3800 nihilo
1244 3740 1363 3812 iaceret,

235 3840 326 3901 tnta
346 3861 463 3922 quoque
491 3841 615 3903 arbitrio
644 3841 707 3902 eius
735 3838 975 3922 imputarentur?
1019 3839 1137 3918 Magna,
1171 3839 1249 3900 bona
1278 3839 1362 3912 fide·‚

197 3982 201 4009 ‚
239 3937 322 4001 uttitu
341 3943 556 4005 haereticorum
578 3961 633 4023 pro
657 3941 828 4004 huiusmodi
843 3941 1113 4019 argumentatione,
1136 3959 1202 4002 cum
1224 3939 1293 4003 ideo
1315 3949 1366 4002 eut

198 4086 204 4113 r
243 4075 417 4151 idoptetus-
436 4095 753 4158 apostotos-Christum
772 4096 908 4145 fetentes.
960 4093 985 4141 8.
1004 4101 1027 4142 et
1045 4108 1058 4141 e
1077 4093 1173 4142 Christo
1191 4095 1216 4143 d.
1252 4101 1275 4142 et
1294 4093 1364 4143 Curi-

200 4180 205 4200 ‘
247 4152 283 4199 '¹
295 4155 321 4217 1·.
338 4166 372 4225 gei
389 4167 505 4214 continuet
523 4166 591 4213 umbo
610 4166 693 4226 cepitis
711 4163 747 4212 IX.

287 4219 379 4286 Capu,
413 4233 434 4279 t.
453 4239 476 4280 et
493 4233 519 4280 t.
555 4229 579 4278 2.
599 4229 718 4279 deosdd.
761 4228 784 4278 3.
804 4229 929 4279 torsand.
971 4227 994 4276 d.
1014 4242 1062 4277 non
1081 4228 1187 4277 essetB.
1223 4227 1246 4277 5.
1265 4227 1365 4279 sibidd.

198 4284 210 4371 ζ’
251 4272 365 4344 tkleid.
412 4298 435 4345 ¹i.
454 4299 510 4362 quid
530 4299 594 4347 enim
613 4298 719 4361 (quidem
740 4298 774 4357 B.)
799 4297 870 4345 deum
890 4305 968 4345 eutem
987 4296 1030 4351 AB.
1089 4294 1231 4345 eratne
1275 4294 1365 4345 eliud.

198 4364 212 4391 θ
253 4339 393 4412 *nuatum
410 4366 446 4414 dei
465 4381 512 4414 non
532 4373 577 4426 est,
596 4365 626 4413 de
645 4366 723 4414 oiieno
743 4366 775 4425 d,
796 4380 846 4414 cum
864 4365 944 4413 Fuluio
959 4364 1049 4413 Ursino.
1104 4361 1142 4410 ¹0.
1162 4363 1299 4413 secissete.

198 4430 212 4460 ‘¹
295 4416 372 4483 &HK-
403 4432 545 4497 LquoeH.
596 4431 765 4482 2.sisihid.
811 4430 835 4481 3.
854 4428 940 4480 hono?
963 4432 1036 4480 Fatue
1055 4430 1114 4479 setis
1133 4430 1213 4495 itaque
1231 4431 1366 4480 fedentur.

198 4486 215 4527 θ
258 4469 452 4550 minueretis
470 4502 500 4549 ite
519 4503 567 4560 ete,
587 4516 616 4549 ee
634 4501 791 4549 emendatione
808 4500 918 4549 Hieroni.
965 4500 1028 4547 bono
1047 4499 1124 4550 fectae
1141 4499 1209 4548 setis.
1239 4498 1322 4562 ltsque
1340 4496 1366 4546 B.

207 4618 220 4645 e
260 4534 359 4606 mstis
373 4568 424 4616 nite
440 4569 519 4632 itaque
536 4570 562 4619 A.
598 4563 684 4617 bono?
711 4568 783 4616 Fatue
801 4568 870 4623 satie,
889 4565 909 4614 si
928 4567 960 4614 ite
978 4568 1014 4615 ed.

198 4667 208 4720 ·.'
267 4640 377 4754 2²¹¹ss-
414 4682 433 4716 e.
455 4669 632 4719 haeretieorum
649 4669 755 4733 patrier-
806 4667 998 4729 simpliciterque
1028 4667 1115 4725 dicem,
1148 4665 1290 4715 oissrmuntis
1315 4663 1366 4711 ior·

198 4738 225 4837 σῑ
269 4716 433 4828 dmm]
450 4737 526 4787 etue
537 4738 645 4787 Praescr.
657 4738 752 4787 Haeret.
807 4734 881 4794 mulo,
900 4735 988 4784 ntddr.
1000 4735 1089 4784 Volent
1106 4749 1159 4798 erp.
1169 4734 1190 4782 1.
1209 4726 1366 4793 (Helonius.)

198 4826 211 4859 υ
319 4813 324 4827 .

288 4834 357 4903 Ἣ
376 4875 392 4910 e.
407 4867 461 4920 bene
479 4868 538 4937 tide]
557 4872 639 4933 idest,
654 4873 752 4922 ntserio

805 4803 842 4853 Ct.
861 4804 951 4853 odnctt.
970 4802 1000 4853 nd
1018 4803 1089 4867 Scap.
1109 4816 1161 4865 cop.
1173 4801 1196 4849 Β.
