3242 5775
308 637 371 703 610
415 637 421 648 “
562 655 663 708 ouxurr
687 655 819 698 snnrxxur
841 653 1006 697 exonerans
1030 645 1227 697 rsnrnntxatu

309 815 340 868 et
360 803 516 866 domiciliis
540 813 570 865 et
591 803 695 882 spatiis
718 804 797 876 suis,
821 802 960 882 paulatim
983 811 1013 864 et
1033 804 1098 883 ipsa
1112 803 1240 881 migrare
1255 801 1399 883 compulsa
1414 798 1457 862 dt·
1505 771 1521 874 ⁹,

309 905 426 966 ducitur
447 904 478 965 in
501 903 703 966 diminutionis
727 904 880 979 elligiew,
905 921 964 964 non
988 904 1045 965 alio
1060 905 1152 965 modo
1167 923 1255 984 quam
1270 921 1331 983 quo
1349 911 1377 965 et
1395 892 1465 964 auth
1515 884 1521 924 ¹¹

309 1019 374 1085 gam
397 1005 493 1084 ipsum
517 1023 634 1084 quoque
656 1004 803 1066 deiecisse
826 1006 1040 1083 praesumitur,
1070 1023 1136 1067 cum
1159 1005 1237 1065 vires
1260 1022 1402 1083 equorum
1419 1002 1476 1063 de‘

298 1105 438 1186 ¹fatigatio
461 1106 632 1185 denegavit,
655 1114 797 1184 quantum
820 1104 856 1166 de
878 1104 1075 1184 dispositione
1097 1105 1231 1167 destituti
1251 1103 1397 1178 hominis,
1416 1109 1481 1165 nott

253 1231 256 1236 ’
303 1191 346 1271 ¹de
366 1205 517 1286 passionis
545 1206 677 1268 veritate.
731 1206 858 1267 Perinde
886 1206 986 1284 auriga
1014 1206 1151 1286 corporis
1181 1205 1307 1284 spiritus
1337 1204 1490 1267 animalis,

307 1307 488 1378 ”deficientis
511 1307 651 1368 vectaculi
674 1308 804 1378 nomine,
828 1323 889 1367 uon
912 1326 978 1379 suo,
1001 1307 1109 1379 deficit,
1133 1325 1225 1385 opere
1239 1306 1400 1378 decedens,
1419 1315 1491 1366 nor!

309 1410 428 1489 vigore,
451 1414 517 1469 actu
540 1407 745 1483 ¹⁰elanguens,
769 1425 829 1468 non
853 1415 947 1480 statu,
970 1406 1183 1479 constantiam,
1207 1424 1269 1469 non
1285 1406 1498 1472 substantium

244 1529 248 1536 ·
309 1509 493 1588 decoquens,
516 1506 584 1587 quia
607 1508 806 1587 ¹'comparere
829 1516 942 1580 cessat,
966 1526 1025 1568 non
1049 1507 1116 1587 quia
1135 1501 1216 1569 esse.
1257 1507 1310 1568 Sic
1332 1514 1363 1568 et
1383 1506 1498 1586 rapid-

308 1627 442 1690 queeque
463 1626 562 1681 mors,
585 1617 617 1670 ut
638 1609 783 1670 cervicum
806 1608 934 1680 messis,
957 1608 1048 1670 semel
1071 1608 1133 1670 ¹²ac
1148 1616 1257 1670 tantam
1274 1609 1393 1670 latinam
1407 1623 1498 1687 pan‘

229 1740 232 1748 ·
296 1710 399 1784 dens,
424 1709 504 1770 ¹²¹’ut
527 1708 657 1770 '‘ruinae
680 1709 724 1769 vis
746 1707 838 1770 semel
862 1709 960 1770 omnia
977 1709 1101 1771 ¹*vitalia
1117 1708 1246 1780 elidens,
1269 1716 1304 1769 ut
1318 1708 1488 1788 apoplexia„

307 1811 433 1874 interior
454 1810 558 1883 ruina,
593 1809 700 1870 nullam
723 1810 838 1870 animae
859 1828 973 1871 moram
995 1818 1127 1888 praestat
1149 1828 1205 1870 nec
1225 1808 1396 1871 discessum
1416 1809 1474 1869 eius

308 1914 338 1974 in
360 1919 509 1973 momenta
531 1909 699 1995 discruciat.
732 1910 769 1971 ht
789 1910 840 1970 ubi
855 1910 942 1991 longa
957 1930 1055 1984 mors,
1079 1912 1196 1990 ¹‘prout
1217 1909 1370 1971 deseritur
1390 1909 1478 1970 ¹‘aui-

307 2027 370 2087 ma‚
392 2013 432 2074 ita
455 2019 485 2072 et
507 2010 635 2083 deserit3
663 2028 723 2071 non
748 2018 845 2071 tamen
868 2011 1061 2073 ”conciditur
1083 2011 1137 2073 hac
1159 2010 1250 2085 lacie,
1274 2010 1329 2071 sed
1353 2010 1479 2072 extrahi·

309 2123 374 2186 tur,
406 2120 436 2174 et
457 2112 527 2173 dum
549 2110 727 2184 extrahitur,
760 2111 997 2190 postremitatem
1025 2130 1110 2173 suam
1138 2120 1252 2191 partem
1280 2111 1377 2173 videri
1405 2110 1476 2190 lacit.

308 2213 375 2276 Non
397 2214 495 2276 omnis
517 2221 612 2276 autern
635 2230 705 2292 pars
729 2212 829 2274 statim
857 2192 887 2274 et
916 2212 1057 2274 ¹⁸ahscisa
1086 2221 1148 2284 est,
1181 2212 1250 2292 quia
1277 2222 1401 2291 postera
1425 2219 1476 2283 est,

308 2331 365 2378 nec
386 2315 454 2395 quia
476 2315 580 2393 exigua
602 2320 657 2386 est,
680 2312 779 2374 statim
803 2322 833 2375 et
856 2314 945 2394 ¹⁰ipsa
967 2313 1098 2394 peritura
1121 2322 1178 2374 est
1215 2314 1361 2393 Sequitur
1374 2315 1476 2388 seriem

307 2435 380 2480 suus
402 2416 487 2489 finis,
510 2424 540 2476 et
562 2415 751 2475 mediocritas
773 2415 899 2476 trahitur
919 2414 986 2476 ”ad
1004 2433 1135 2487 summa,
1159 2423 1189 2475 et
1203 2413 1349 2494 reliquiae
1363 2415 1476 2477 uuiver-

308 2515 388 2579 sitati
410 2516 604 2577 cohaerentes
628 2523 820 2594 expectantur
841 2515 877 2576 ab
900 2516 962 2589 illa,
984 2534 1046 2576 non
1067 2515 1088 2547 ²¹
1097 2514 1353 2592 derelinquuntur.
1386 2517 1477 2595 Atque

308 2618 348 2680 ita
370 2616 464 2678 ausim
486 2616 595 2687 dicere,
619 2616 710 2676 totius
734 2615 870 2677 ultimum
893 2625 986 2677 totum
1009 2624 1066 2686 est,
1089 2616 1172 2695 quia,
1189 2615 1259 2676 licet
1279 2615 1477 2694 minusatqne

307 2716 458 2797 posterius
481 2715 535 2787 sit,
569 2715 666 2794 ipsius
689 2723 743 2776 est.
788 2714 864 2776 llinc
886 2716 1013 2795 denique
1034 2715 1164 2777 ²²evenit
1186 2733 1278 2795 saepe
1299 2715 1429 2778 animam
1449 2717 1477 2776 in

307 2818 375 2898 ipso
398 2815 524 2876 divortio
546 2813 699 2895 potentius
722 2816 824 2894 agitari
846 2813 1018 2877 sollicitiore
1034 2816 1155 2889 obtutu,
1179 2816 1414 2879 extraordinaria
1434 2816 1478 2878 lo-

307 2918 467 2998 quacitate,
499 2916 569 2977 dum
592 2932 628 2976 ex
650 2915 763 2976 maiore
786 2925 926 2995 suggestu
955 2917 1013 2977 iam
1044 2919 1074 2978 in
1097 2917 1192 2978 lihero
1214 2919 1379 2980 constituta
1401 2918 1481 2998 ¹'per

247 3033 251 3045 ’
307 3017 508 3096 superfluunt
537 3016 616 3094 qnod
638 3014 734 3076 adhuc
755 3023 908 3077 cunctatur
928 3016 959 3077 in
981 3036 1109 3098 corpore
1139 3019 1273 3080 enuntiat
1292 3037 1370 3099 quae
1392 3020 1478 3090 ridet,

309 3136 383 3198 quae
413 3118 508 3188 audit,
542 3134 617 3195 quae
648 3115 751 3195 incipit
778 3134 880 3179 nosse.
932 3118 963 3178 st
991 3120 1069 3180 enim
1099 3136 1208 3198 corpus
1230 3118 1310 3180 istud
1333 3119 1482 3182 Platonica

308 3217 454 3282 sententia
475 3222 602 3289 carcer⁰‚
625 3225 756 3278 ceterum
778 3217 941 3296 apostolica
964 3219 1010 3279 dei
1035 3219 1192 3297 templum,
1221 3239 1288 3282 cum
1310 3221 1341 3282 in
1362 3221 1481 3282 Christo

307 3329 369 3394 cst,
392 3320 446 3399 sed
468 3319 587 3381 interim
609 3317 735 3379 animam
758 3328 904 3397 consepto
926 3338 982 3380 suo
1005 3319 1135 3381 obstruit
1157 3328 1187 3380 et
1202 3321 1340 3382 obsctuat
1357 3329 1389 3381 et
1403 3340 1481 3382 con·

307 3422 440 3485 cretione
462 3420 560 3482 earnis
582 3419 720 3492 infaecat,
743 3419 822 3481 unde
844 3419 901 3494 illi,
933 3419 1012 3481 velut
1033 3420 1116 3498 ²⁴per
1146 3439 1288 3483 corneum
1314 3422 1481 3500 specular⁴,

308 3521 472 3585 obsoletior
491 3521 542 3582 lux
563 3538 663 3582 rerum
686 3528 742 3581 est.
775 3520 899 3616 sProcul
927 3520 1017 3583 dubio
1040 3540 1105 3582 cum
1129 3521 1155 3582 vi
1178 3523 1284 3583 mortis
1306 3522 1485 3602 exprimitur

308 3622 346 3684 de
368 3622 559 3685 concretione
582 3622 690 3694 carnis,
713 3628 744 3681 et
757 3620 821 3700 ipsa
837 3621 1032 3700 expressione
1047 3622 1175 3695 colatum
1198 3630 1276 3684 certe
1291 3622 1328 3683 de
1344 3643 1482 3706 oppanso

308 3723 445 3802 corporis
467 3723 597 3801 erumpit
617 3722 648 3781 in
671 3731 805 3800 apertum
833 3722 870 3783 ad
897 3739 1010 3783 meram
1039 3732 1067 3783 et
1088 3730 1193 3802 pu‘ram
1215 3733 1246 3783 et
1267 3741 1353 3785 suam
1376 3725 1484 3801 lucem,

307 3906 332 3956 9.
352 3906 486 3956 deliciantis
504 3904 631 3955 vectaculls
648 3906 691 3966 Δβ.
735 3906 850 3956 deficiens
868 3906 997 3957 vectaculis
1013 3909 1063 3971 Αφ.
1119 3907 1156 3957 10.
1175 3906 1387 3970 ammentant.
1428 3911 1485 3961 lan-

308 3987 384 4035 gnens
406 3974 500 4036 reliqui.
560 3971 599 4020 ll.
619 3986 760 4036 comparere
777 3973 907 4037 ABmpdoh.
943 3988 1083 4037 comparare
1101 3975 1125 4023 B.
1186 3973 1225 4023 12.
1244 3989 1272 4024 ae
1290 3991 1375 4026 om.o.
1422 3977 1486 4028 tto.

308 4047 348 4089 ant
366 4042 397 4099 t,
417 4056 468 4090 cum
484 4039 567 4099 fulvio
587 4039 677 4090 lirano.
723 4039 762 4090 13.
779 4043 849 4090 ruina
867 4042 892 4090 Δ.
941 4040 979 4089 14.
997 4042 1076 4090 vitalia
1095 4057 1138 4090 om.
1155 4041 1178 4091 0.
1221 4041 1260 4092 lh.
1278 4051 1352 4106 prout
1371 4043 1486 4109 duellet.

307 4108 394 4171 pronbi
412 4107 455 4156 tu.
501 4107 538 4156 16.
557 4121 623 4156 mors
641 4108 672 4156 ita
689 4109 752 4171 Boas.
799 4109 837 4158 l'l.
856 4109 995 4158 conceditur
1014 4111 1058 4158 hac
1076 4109 1249 4173 untertana,
1283 4111 1421 4161 condicitur
1438 4114 1488 4164 hae

308 4174 369 4223 iacie
388 4174 413 4224 Β.
457 4173 494 4224 18.
514 4174 662 4235 abacistae.
698 4175 952 4292 abscissaldtpllldol.
996 4176 1035 4226 19.
1056 4177 1106 4240 ipsa
1126 4193 1203 4226 omo.
1239 4168 1280 4228 2'0.
1299 4193 1312 4226 a
1331 4183 1486 4243 summust.

307 4239 347 4292 tt.
367 4241 578 4306 relinquuntnrl.
631 4240 671 4292 2².
690 4243 796 4293 xeuitl.
866 4242 889 4292 3.
907 4258 952 4307 per
970 4246 1067 4306 ommi.
1119 4243 1159 4293 24.
1180 4258 1223 4308 per
1240 4247 1320 4294 om.A.

341 4374 400 4438 Cap.
413 4375 475 4425 llll.
500 4390 520 4423 a.
540 4375 563 4423 in
576 4375 740 4426 diminutionis
751 4370 868 4441 atumem]
919 4391 966 4440 quo
985 4378 1063 4427 anima
1082 4385 1194 4442 tanquam
1213 4393 1240 4428 ex
1258 4394 1314 4428 arce
1331 4379 1367 4429 vel
1381 4381 1486 4445 apecula

305 4441 476 4492 Dimlnntionis
506 4443 612 4492 habitum
637 4445 808 4508 interpretatur
834 4443 867 4493 ht
919 4444 1018 4494 liberius
1037 4445 1246 4509 circumspiciendi
1271 4454 1295 4496 et
1312 4447 1426 4498 audiendi
1446 4450 1488 4498 ia·

306 4507 392 4586 Corda.
421 4510 468 4559 Sed
486 4511 578 4592 eiti'gies
596 4512 619 4561 h.
633 4510 649 4560 l.
670 4512 732 4561 idem
751 4510 868 4576 estquod
919 4512 1032 4562 cultatem
1052 4512 1131 4562 habet.

305 4590 408 4641 spectes.

339 4644 363 4692 b.
381 4640 604 4710 persuperfluum]
632 4645 658 4694 ld
683 4654 720 4696 est
743 4647 788 4696 vim
807 4645 867 4696 reli·
917 4614 1267 4748 Phhhdhhhhhfhh.⁸3:¹53?th
1294 4609 1391 4681 ww]
1422 4616 1487 4668 ΡΜ·

304 4725 376 4774 qnam
396 4712 498 4770 animae,
513 4712 592 4761 adhuc
610 4714 748 4762 haerentem
767 4715 790 4762 in
810 4729 866 4763 cor-

303 4792 373 4841 pore,
393 4778 530 4843 utcapdl.
549 4780 598 4839 (Fr.
609 4780 709 4840 lunius.)
731 4780 864 4841 „llaiorem
951 4781 974 4830 d.
993 4796 1037 4846 per
1056 4797 1170 4832 corneum
1185 4780 1311 4848 specular]
1329 4783 1488 4835 CiSalmae.

304 4848 461 4911 suggestum‘
480 4847 547 4913 ‚dicit
570 4847 695 4900 elatiorem
722 4847 811 4912 locum,
837 4862 866 4900 ex
916 4849 941 4900 in
959 4848 1035 4900 Solin.
1054 4864 1078 4915 p.
1093 4850 1148 4901 184.
