3242 5775
315 666 379 729 oto
569 679 672 730 cotnra
694 678 825 723 serrano
845 678 1010 722 rnonnnrrs
1033 677 1233 722 raarunnram

193 830 300 934 „¹⁰34
315 829 419 892 eadem
442 828 482 890 sit
503 837 532 890 et
553 847 642 909 supra
664 828 873 907 intellegenda:
896 828 935 888 Et
955 846 1030 907 quae
1046 827 1210 890 seminetur
1224 845 1336 906 corpus
1351 824 1482 894 animale,-

228 911 235 933 ’
315 938 346 993 et
367 948 441 1009 quae
463 941 601 1008 resurgat
622 947 730 1008 corpus
754 928 904 1007 spiritale,
932 928 1000 1008 quia
1027 947 1088 990 non
1109 928 1268 1007 ”primum
1291 927 1372 1008 quod
1392 924 1464 1007 spiri·

315 1030 389 1103 tale,
412 1030 464 1091 sed
487 1031 566 1108 quod
588 1029 728 1101 animale,
751 1029 819 1108 qaia
841 1029 955 1109 primus
972 1029 1063 1090 Adam
1087 1030 1117 1091 in
1140 1030 1283 1102 animam,
1307 1027 1465 1089 novissimos

313 1131 405 1192 Adam
426 1131 456 1191 in
474 1131 621 1209 spiritum.
655 1130 763 1190 'l'otum
786 1129 823 1190 de
846 1129 982 1203 bomine,
1004 1138 1098 1191 totum
1122 1129 1159 1190 do
1181 1148 1287 1203 carne,
1310 1125 1466 1209 quandodc

314 1231 444 1292 bomine.
477 1230 555 1303 Quid
571 1248 641 1309 ergo
656 1227 814 1291 dicemus?
842 1229 948 1292 Nonne
970 1241 999 1291 et
1019 1248 1099 1292 nunc
1118 1229 1238 1292 ⁸“babet
1259 1249 1329 1292 caro
1352 1228 1465 1310 spiritur

314 1350 350 1393 ex
371 1329 455 1393 lide?
477 1340 510 1392 ut
531 1330 732 1409 quaerendum
754 1330 794 1393 sit
814 1330 964 1410 quomodo
985 1348 1095 1409 corpus
1117 1331 1243 1393 animale
1264 1325 1465 1392 dicaturseni·

314 1433 390 1494 nari.
426 1432 516 1493 Plane
538 1432 650 1510 accepit
672 1439 702 1492 et
726 1430 774 1492 bic
794 1429 962 1510 ”spiritum
978 1450 1064 1503 caro,
1088 1432 1142 1492 sed
1157 1431 1354 1504 arrabonem,
1373 1429 1466 1490 animae

316 1543 497 1594 autemnon
521 1529 712 1604 arrabonem,
742 1531 795 1591 sed
824 1531 1049 1610 plenitudinem.
1094 1532 1195 1610 ltaque
1218 1532 1307 1594 etiam
1330 1538 1466 1611 propterea

315 1632 438 1694 maioris
461 1630 644 1693 substantiae
666 1631 787 1692 nomine
809 1631 934 1692 animale
963 1650 1073 1711 corpus
1097 1643 1263 1712 nuncupata
1288 1639 1352 1704 est,
1377 1630 1405 1692 in
1423 1642 1466 1706 qua

315 1733 495 1805 seminatur,
518 1734 614 1793 lutura
636 1731 763 1809 proinde
783 1730 867 1811 ”per
888 1731 1101 1811 plenitudinem
1117 1732 1241 1811 spiritus
1257 1725 1466 1811 iusuperspiri-

313 1833 386 1906 talo,
409 1833 439 1893 in
463 1851 519 1912 qua
541 1832 743 1893 resuscitatur.
789 1831 866 1904 Quid
890 1832 1013 1903 mirum,
1036 1833 1062 1893 si
1085 1833 1178 1912 magis
1201 1834 1272 1895 inde
1295 1833 1414 1895 vocitata
1432 1833 1467 1888 est

315 1933 394 1995 unde
416 1934 547 1994 coralerta
569 1940 617 1993 est
638 1951 725 2011 quam
748 1931 827 1993 undo
848 1930 1015 2012 ”respersa
1039 1930 1109 1994 esti

181 2089 298 2147 captiv.
400 2067 441 2128 lta
471 2067 506 2127 de
534 2064 745 2127 vocabulorum
775 2066 983 2127 occasionibus
1011 2066 1170 2146 plurimum
1193 2066 1383 2146 quaestiones
1408 2060 1465 2126 sob-

315 2175 475 2241 ornantur,
499 2166 576 2227 sicut
598 2174 628 2227 et
649 2166 685 2227 de
706 2166 865 2227 verborum
881 2166 1149 2228 communionibus.
1181 2166 1254 2227 Nam
1277 2168 1345 2246 quia
1367 2175 1395 2228 et
1412 2157 1466 2225 illud

172 2268 393 2350 occentapud
415 2268 584 2348 apostolum
606 2267 736 2346 positum
759 2275 820 2328 est:
854 2265 903 2327 Uti
925 2266 1084 2328 devoretur
1111 2268 1236 2328 mortale
1264 2286 1280 2327 a
1311 2268 1384 2342 vita,
1413 2276 1466 2327 cart
1496 2307 1511 2320 .·

315 2369 443 2442 scilicet,
478 2366 698 2429 devorationem
722 2385 840 2447 quoque
862 2365 898 2427 ad
920 2365 1118 2446 perditionem
1141 2367 1253 2429 scilicet
1281 2368 1379 2429 caruis
1404 2360 1466 2426 arri·

313 2469 416 2550 piant,
446 2468 531 2547 quasi
554 2486 614 2527 non
636 2467 725 2528 bilem
749 2474 778 2529 et
799 2467 935 2527 dolorem
963 2467 1095 2527 dicamur
1116 2467 1275 2539 devorare,
1305 2468 1337 2527 id
1365 2474 1408 2528 est
1425 2460 1467 2524 ab·

314 2569 461 2631 scandere
484 2569 534 2628 ¹ac
556 2576 655 2646 tegere
676 2575 707 2629 et
727 2568 803 2628 intra
826 2565 1028 2644 nosmetipsos
1057 2568 1219 2628 continere.
1264 2566 1396 2648 Denique
1415 2574 1467 2626 cum
1493 2623 1499 2632 .

163 2676 345 2736 iccaxvsaet
367 2667 436 2729 illud
459 2667 603 2744 scriptum
627 2667 682 2727 sit:
706 2667 834 2746 Oportet
855 2665 979 2726 mortale
998 2665 1074 2727 'boc
1088 2666 1213 2727 induere
1228 2666 1468 2731 immortalitatem

315 2767 484 2829 ostenditur
505 2766 654 2844 quomodo
681 2765 810 2828 mortale
838 2766 997 2828 devoretur
1019 2784 1035 2826 a
1057 2767 1131 2839 vita,
1165 2767 1235 2827 dum
1264 2767 1398 2829 indutum
1423 2765 1466 2827 io

315 2867 493 2929 mortalitate
520 2864 713 2928 absconditur
740 2875 771 2928 et
799 2866 908 2948 tegitur
935 2874 966 2928 et
992 2866 1072 2928 intus
1100 2867 1286 2943 continetur,
1326 2888 1385 2931 noo
1415 2866 1469 2930 dun

315 2966 481 3028 absumitur
502 2974 532 3027 et
561 2967 714 3029 amittitur.
764 2967 842 3046 Ergo
871 2976 900 3030 et
929 2986 1028 3041 mors,
1061 2968 1176 3047 inquis,
1208 2969 1288 3030 salva
1317 2969 1387 3045 orit,
1419 2980 1471 3031 out]

315 3067 405 3128 suerit
425 3067 574 3128 devorata.
619 3067 689 3128 ldeo
712 3067 849 3129 discerno
869 3087 925 3148 pro
948 3068 1088 3130 sensibus
1111 3070 1354 3131 communionem
1378 3068 1471 3132 verbo·

314 3185 397 3242 rum,
429 3176 460 3229 et
486 3167 600 3246 integre
627 3166 800 3247 ’intellegis
851 3168 938 3230 Aliud
967 3168 1045 3230 enim
1075 3187 1157 3230 mors
1185 3178 1216 3231 et
1244 3169 1322 3231 aliud
1351 3168 1475 3233 mortale

314 3268 424 3330 ‘Aliter
445 3267 543 3348 itaque
566 3267 755 3330 devorabitur
776 3287 858 3330 mors
889 3276 919 3329 et
939 3269 1024 3330 aliter
1045 3270 1180 3331 mortale.
1223 3270 1305 3331 ldors
1328 3290 1390 3333 uon
1410 3266 1480 3353 capit

315 3370 581 3444 immortalitatem,
604 3369 729 3431 mortale
751 3376 850 3430 autem
872 3369 960 3449 capit.
992 3369 1126 3448 Denique
1141 3381 1171 3431 et
1186 3370 1329 3450 scriptum
1346 3368 1480 3452 estquod

314 3489 440 3533 necesse
463 3470 502 3532 sit
523 3470 648 3532 mortale
675 3470 733 3530 boc
761 3469 887 3531 induere
915 3470 1175 3531 immortalitatem.
1227 3471 1388 3544 Quomodo
1417 3488 1502 3553 erqo-

315 3573 407 3651 capit,
442 3571 511 3633 duna
540 3572 700 3632 devoratur
726 3567 846 3631 avita?
889 3568 1066 3643 'Quomodo
1090 3569 1248 3632 devoratur
1270 3591 1286 3633 a
1310 3573 1384 3646 vita,
1418 3572 1485 3637 dun

314 3672 456 3751 recipitur
478 3681 507 3732 et
527 3671 672 3750 redigitur
693 3678 722 3731 et
742 3669 902 3731 includitur
923 3669 953 3730 in
976 3669 1097 3751 ipsam?
1129 3671 1266 3733 Ceterum
1282 3692 1365 3735 mora
1380 3674 1486 3737 mento

200 3771 362 3833 nausti„
385 3771 535 3833 interitum
556 3772 731 3843 devoratur,
761 3770 829 3850 quia
858 3779 887 3832 et
908 3770 972 3850 ipsa
1000 3770 1031 3833 in
1059 3771 1117 3833 boo
1139 3773 1270 3834 devorat.
1319 3773 1487 3853 Devoravit,

314 3870 425 3949 inquit,
447 3870 547 3930 'mors
569 3870 795 3942 invalescendo,
828 3879 858 3932 et
879 3871 946 3932 ideo
970 3871 1110 3933 devorata
1133 3880 1180 3933 est
1202 3873 1231 3933 in
1254 3875 1489 3937 contentionem.

313 3968 370 4032 llbi
392 3977 453 4042 est,
476 3987 574 4044 mors,
597 3970 717 4032 aculeus
732 3969 827 4032 tuus?
849 3970 901 4033 ubi
923 3980 985 4044 est,
1008 3990 1108 4047 mors,
1131 3972 1282 4034 contentio
1299 3972 1377 4036 tua?
1411 3974 1489 4037 Pro-

312 4070 381 4132 inde
411 4077 440 4130 et
467 4068 541 4142 vita,
575 4071 681 4132 mortis
709 4071 824 4134 scilicet
845 4071 993 4146 ‘aemula
1025 4091 1081 4154 per
1108 4073 1330 4135 contemionom
1361 4074 1491 4138 devora·

313 4287 354 4338 35.
374 4288 441 4350 prius
458 4289 716 4339 eodealo.dlemeatia.
759 4288 801 4339 36.
821 4304 877 4339 earo
896 4290 968 4341 babet
984 4293 1012 4341 A.
1057 4290 1098 4340 at.
1116 4292 1228 4354 spiritum
1248 4306 1275 4341 ex
1294 4292 1350 4351 tide,
1370 4301 1398 4342 ut
1415 4308 1491 4358 quae·

313 4356 414 4405 rendum
432 4358 464 4405 sit
481 4357 603 4419 quomodo
622 4372 712 4420 corpus
729 4356 833 4406 animala
852 4357 945 4407 dicatur
962 4359 1085 4408 seminari.
1114 4358 1186 4407 Plane
1204 4361 1297 4422 aceepit
1316 4369 1340 4408 et
1358 4360 1400 4410 bic
1417 4361 1493 4425 epiri·

312 4433 362 4472 tom
382 4437 448 4481 caro,
465 4425 508 4472 aad
526 4425 669 4473 arrabonem
688 4424 747 4473 Ado
798 4422 840 4474 38.
858 4439 903 4488 per
920 4441 964 4475 om.
980 4426 1041 4476 ABG.
1075 4427 1172 4476 Addidit
1190 4428 1219 4476 ete
1236 4429 1286 4476 asia
1304 4428 1373 4478 libris
1389 4430 1499 4493 prinam

314 4491 451 4552 Gonqneior.
504 4489 544 4540 39.
564 4505 676 4554 respersa
695 4493 746 4542 ded.
781 4491 892 4555 dispersa
910 4494 1003 4557 reliqui.

380 4589 438 4653 Cap.
457 4589 512 4639 blll.
550 4591 572 4639 l.
590 4606 619 4640 aa
636 4600 717 4654 tegere
736 4592 857 4655 dorpabed.
894 4601 918 4641 et
936 4602 1016 4655 tegere
1033 4594 1058 4643 A.
1094 4601 1200 4654 attegero
1217 4593 1243 4643 a.
1279 4593 1430 4656 adtegered
1466 4595 1492 4648 2

312 4658 359 4707 boe
376 4673 419 4706 orn.
435 4657 460 4706 B.
504 4655 528 4706 d.
548 4658 675 4720 intellegas
692 4662 717 4709 A.
753 4659 873 4721 intelliges
892 4663 927 4710 bo.
975 4661 999 4709 4.
1018 4661 1092 4710 Aliter
1110 4662 1190 4724 itaque
1208 4661 1363 4711 devorabitur
1381 4676 1450 4712 mors
1466 4670 1498 4714 4

312 4725 383 4775 aliter
401 4724 503 4774 mortale
520 4726 638 4776 om.Ab‘d.
673 4728 767 4777 Addidit
783 4729 883 4792 marum
911 4729 940 4777 de
957 4731 1007 4776 auis
1025 4730 1092 4778 libris
1111 4729 1249 4791 Gonqneios.
1308 4729 1333 4778 5.
1360 4730 1492 4788 onomate

311 4793 439 4842 derantur
456 4807 469 4841 a
487 4792 533 4841 rita
551 4807 594 4841 orn.
609 4793 671 4843 ABG.
712 4796 808 4845 Addidit
831 4796 887 4844 boec
905 4796 934 4845 de
953 4798 1002 4845 sois
1020 4797 1087 4845 tibris
1103 4798 1202 4859 primum
1222 4797 1361 4859 Goupseisa.
1422 4797 1447 4847 d.
1466 4797 1491 4849 in

311 4861 433 4911 interitum
452 4862 504 4911 bcd.
539 4860 635 4909 interito
653 4860 747 4925 reliqui.
799 4861 824 4910 ’1.
843 4875 910 4911 mors
927 4864 1008 4912 oan.
1061 4861 1085 4912 8.
1106 4863 1186 4912 evulsa
1203 4865 1230 4913 A.
