3242 5775
655 686 803 730 aaronem
825 687 967 733 emolu.
1331 683 1389 747 691

217 831 396 893 sementiam
413 831 599 912 interpretari
617 844 776 911 conantur,
798 844 832 896 ut
853 855 946 916 acque
966 838 996 899 in
1012 858 1070 901 una
1084 839 1214 921 persona
1236 853 1394 927 utrumque
1444 821 1448 922 l

219 931 419 1010 distinguant,
441 942 555 1011 patrem
578 935 737 1009 etlilium,
759 936 912 999 discentes
935 938 1026 1001 lilium
1049 960 1271 1018 cameracenae,
1294 946 1324 1007 id
1347 957 1393 1010 εει

218 1033 385 1106 bominem,
409 1032 437 1093 id
462 1043 510 1094 εει
531 1033 644 1109 lesum,
666 1045 781 1115 patrem
803 1045 900 1100 auteur
924 1040 1079 1120 spiritum.
1108 1044 1138 1104 id
1161 1044 1333 1117 estonum,
1363 1047 1393 1108 id
1441 1107 1445 1124 ,

217 1142 264 1194 εει
279 1133 440 1195 Christum.
476 1134 512 1195 Et
534 1135 583 1213 qui
606 1154 696 1197 unum
720 1137 905 1219 eundemque
920 1142 1103 1203 contendunt
1116 1153 1230 1222 patrem
1246 1155 1277 1207 ει
1289 1146 1391 1216 lilium,
1441 1127 1444 1132 ¹

216 1234 275 1294 iam
299 1234 443 1313 incipiunt
463 1235 594 1296 dividere
616 1236 683 1297 illos
705 1239 807 1317 potius
830 1258 916 1318 quam
939 1240 1058 1303 *unare
1092 1242 1123 1303 Si
1146 1244 1225 1306 enim
1247 1245 1322 1308 alius
1345 1255 1393 1308 εει
1495 1227 1498 1231 A

217 1333 313 1406 leena,
337 1335 412 1395 alius
428 1335 575 1407 Christus,
598 1338 673 1398 alius
695 1339 753 1400 erit
773 1339 862 1412 lilius,
885 1340 977 1402 ³alius
998 1351 1092 1420 pater,
1115 1344 1183 1422 quia
1203 1345 1280 1407 lilius
1295 1345 1391 1420 lesus,

217 1444 248 1494 ει
270 1445 354 1514 pater
376 1435 522 1498 Christus.
573 1438 673 1499 Talem
702 1439 903 1501 monarchiam
930 1442 1008 1519 apud
1030 1443 1217 1506 Valentinum
1244 1448 1392 1508 fortassel
1453 1458 1473 1487 ⁸

217 1536 399 1610 didicerunt,
423 1537 498 1598 duos
521 1538 633 1610 lacere,
667 1539 766 1601 lesum
790 1547 820 1601 ει
841 1535 1001 1603 Christum.
1046 1543 1105 1604 Sed
1127 1553 1157 1606 ει
1178 1546 1251 1607 baec
1271 1547 1391 1609 iniectio

216 1654 322 1697 corum
346 1657 379 1697 ex
402 1638 625 1717 ⁶praetractatis
647 1640 705 1700 iam
727 1648 830 1702 retusa
853 1650 915 1715 εει,
938 1642 1017 1722 quod
1040 1661 1141 1704 sermo
1163 1645 1210 1706 dei
1232 1647 1278 1707 vel
1299 1647 1391 1727 spiri-

218 1745 267 1797 tus
291 1736 337 1798 dei
361 1747 391 1798 et
412 1738 506 1799 virtus
529 1739 663 1800 altissimi
691 1739 787 1801 dictus
816 1741 870 1814 sit,
904 1761 992 1821 quom
1020 1752 1133 1822 patrem
1164 1745 1282 1807 iaciunt
1325 1747 1392 1808 Non

216 1838 401 1917 enim-ipsae
423 1848 492 1901 sunt
514 1839 597 1908 cuius
619 1840 772 1914 dicuntur,
806 1842 859 1902 sed
889 1861 925 1903 ex
952 1842 1019 1921 ipso
1048 1852 1078 1904 et
1100 1844 1206 1923 ipsius.
1249 1844 1287 1906 Et
1308 1845 1394 1908 alitor
1441 1861 1451 1884 ’

217 1947 316 1998 tameo
340 1940 369 2000 in
392 1941 450 2000 isto
473 1940 599 2019 capitulo
621 1942 820 2002 revincentur.
854 1942 940 2015 Ecce,
962 1942 1108 2021 inquiunt,
1132 1943 1168 2005 ab
1183 1945 1288 2024 angelo
1301 1943 1390 2024 pra'c-

215 2039 344 2099 dicatum
367 2050 427 2101 est:
449 2041 611 2120 Propterea
633 2042 712 2120 quod
735 2050 872 2103 nascetur
894 2052 1043 2117 sanctum,
1066 2044 1218 2107 venabitur
1237 2046 1315 2108 lilius
1330 2045 1388 2108 tloi.
1402 2061 1522 2114 tuamor.

216 2139 292 2199 Caro
315 2140 413 2218 itaque
437 2150 503 2202 nata
527 2151 587 2214 εει,
611 2160 679 2203 caro
701 2143 817 2221 ⁷itaque
840 2143 897 2204 orit
918 2143 995 2204 lilius
1016 2143 1073 2205 dei.
1107 2144 1201 2206 lmmo
1223 2147 1261 2208 tle
1283 2148 1391 2229 spiritu

215 2240 265 2300 dei
288 2241 396 2301 dictum
420 2250 476 2302 est.
521 2242 607 2303 Certe
630 2242 707 2303 euim
731 2243 767 2303 tle
797 2243 904 2321 spiritu
934 2251 1036 2304 sancto
1064 2244 1147 2324 virgo
1178 2248 1327 2326 concepit,
1361 2254 1392 2308 ει
1495 2256 1505 2279 ‘

216 2340 296 2418 quod
319 2342 468 2421 concepit,
502 2342 531 2401 id
559 2342 691 2420 peperit3
722 2341 752 2402 id
781 2360 852 2421 ergo
874 2344 956 2404 nasci
978 2343 1106 2406 babebat
1127 2347 1206 2425 quod
1229 2356 1293 2408 erat
1314 2365 1389 2408 cou-
1458 2427 1461 2432 Ι

215 2450 335 2519 ceptum
359 2451 389 2503 et
409 2442 604 2521 pannulum,
638 2442 667 2501 id
690 2453 736 2503 est
757 2444 895 2521 spiritus,
930 2443 1014 2505 cuius
1044 2455 1074 2506 et
1101 2446 1254 2507 uocabitur
1280 2464 1404 2534 nomeu⁸

214 2541 423 2614 ”Emmanueb
447 2543 525 2622 quod
550 2551 596 2603 est
617 2543 858 2620 interpretatum:
880 2542 1041 2606 Nobiscum
1064 2546 1149 2607 deus.
1193 2546 1268 2607 Caro
1291 2557 1529 2640 amomacum

215 2641 292 2703 dous
314 2662 376 2703 non
399 2653 454 2717 est,
478 2652 510 2704 ut
533 2644 569 2704 de
591 2643 639 2703 illa
658 2643 767 2704 dictum
782 2644 831 2714 sit,
854 2644 1050 2714 ⁰¹’locabitur
1072 2657 1205 2708 sanctum
1228 2648 1306 2709 tilius
1329 2648 1388 2721 dci.

216 2742 271 2802 sed
294 2742 342 2803 ille
364 2744 414 2821 qui
437 2744 466 2804 in
483 2763 516 2804 ea
532 2754 618 2804 uatus
634 2744 780 2816 astulam,
804 2745 916 2824 dequo
933 2755 960 2807 et
975 2747 1126 2825 psalmus:
1151 2748 1298 2821 Quoniam
1314 2749 1529 2847 tleusup'pm³

215 2844 307 2904 bomo
331 2852 416 2906 uatus
440 2854 485 2906 est
506 2844 546 2905 in
561 2844 624 2917 illa,
655 2853 684 2905 et
711 2845 874 2907 aedificavit
902 2865 966 2909 eam
994 2847 1145 2910 voluntate
1166 2848 1270 2928 patris.
1314 2848 1389 2923 Quis

215 2945 291 3006 deus
314 2945 343 3006 in
367 2964 401 3006 ea
423 2944 533 3007 uatus?
566 2951 665 3006 sermo
690 2955 719 3006 et
741 2947 880 3026 spiritus,
909 2948 959 3028 qui
988 2967 1053 3010 cum
1076 2967 1217 3011 sermone
1239 2951 1276 3012 de
1297 2951 1389 3030 patris

214 3046 366 3106 voluntate
389 3054 547 3107 natusest.
585 3046 677 3123 lgitur
699 3065 798 3108 sermo
820 3048 851 3109 in
873 3068 976 3122 muno,
998 3049 1085 3111 ⁹tlttru
1109 3059 1137 3111 ει
1159 3050 1198 3112 tle
1216 3051 1275 3112 hoc
1295 3069 1388 3130 quac-

215 3146 356 3219 rendum‚
380 3148 529 3226 quomodo
553 3165 653 3207 sermo
676 3166 744 3208 caro
767 3148 937 3220 silicolus,
964 3157 1102 3210 utrumne
1125 3152 1209 3229 quasi
1231 3152 1391 3230 transfigu-

216 3258 297 3307 ratus
321 3248 350 3307 in
374 3266 477 3320 carne,
501 3266 537 3307 ao
560 3248 681 3308 indutus
704 3267 833 3310 carnem.
868 3248 961 3310 lmruo
983 3248 1116 3310 indutus.
1151 3250 1288 3312 Ceterum
1303 3238 1391 3311 deum

216 3347 418 3408 inmutabilem
453 3358 483 3409 et
515 3349 731 3409 informabilem
765 3349 845 3409 credi
879 3367 1002 3410 necesse
1036 3360 1097 3421 est,
1135 3350 1195 3410 ¹⁰ut
1228 3361 1391 3410 aeternum.

215 3448 451 3527 Transfiguratio
474 3459 571 3509 autem
595 3450 784 3528 interemptio
814 3457 860 3510 εει
880 3449 1009 3528 pristini.
1055 3449 1151 3509 Omne
1174 3448 1269 3521 enim,
1292 3448 1389 3527 quod-

215 3567 332 3628 cunque
355 3550 582 3628 transfiguratur
610 3552 639 3611 in
670 3550 764 3622 aliud,
799 3548 909 3611 desinit
937 3567 1005 3609 εεεε
1033 3548 1113 3626 quod
1142 3550 1252 3626 luerat,
1285 3557 1315 3608 et
1341 3549 1389 3608 in-

215 3649 287 3726 cipit
309 3669 377 3710 esse
400 3651 478 3728 qu'otl
502 3670 561 3711 non
586 3659 656 3711 erat
712 3650 791 3711 Deus
820 3660 917 3711 autem
939 3667 1035 3727 neque
1065 3648 1174 3710 desiuit
1201 3665 1269 3709 esso
1295 3666 1390 3727 nequo

214 3749 294 3810 aliud
316 3759 417 3829 potest
441 3770 519 3813 esse.
565 3753 671 3812 Sermo
695 3761 792 3812 autem
815 3750 889 3810 deus
919 3758 948 3810 et
969 3767 1069 3810 sermo
1098 3747 1210 3809 domini
1233 3755 1332 3821 manet
1358 3749 1389 3808 iu

214 3869 337 3923 aevum,
370 3852 590 3930 perseverando
615 3852 727 3913 scilicet
755 3852 784 3911 in
808 3869 861 3912 sua
884 3851 989 3912 lorma.
1031 3849 1139 3922 Quem
1171 3849 1197 3911 si
1224 3867 1285 3909 non
1313 3848 1391 3928 capit

215 3951 439 4030 ¹¹contigurari,
470 3971 656 4032 consequens
686 3961 733 4013 est
755 3962 788 4012 ut
809 3951 853 4012 sic
875 3969 943 4011 caro
966 3951 1058 4012 lactus
1087 3951 1288 4030 intellegatur,
1319 3949 1388 4011 dum

215 4052 277 4111 ¹²bt
298 4052 329 4112 in
352 4072 449 4123 carne,
474 4062 504 4113 et
525 4053 729 4113 manifestatur
751 4063 780 4113 et
801 4051 919 4112 videtur
934 4060 965 4112 et
979 4059 1177 4113 contrectatur
1191 4070 1245 4131 per
1259 4068 1388 4125 carnem,

214 4152 283 4230 quia
307 4161 336 4214 et
358 4163 453 4214 cetera
477 4155 521 4214 sic
543 4153 634 4232 accipi
657 4153 786 4231 exigunt.
841 4152 872 4212 Si
902 4151 981 4212 enim
1010 4169 1109 4212 sermo
1138 4171 1174 4212 ex
1194 4151 1389 4230 transfigura-

216 4253 298 4314 tione
322 4263 350 4314 ει
379 4254 580 4314 demutatione
608 4254 790 4315 substantiae
820 4272 888 4314 caro
917 4253 1011 4313 lactus
1040 4259 1102 4324 εει,
1136 4270 1194 4312 una
1224 4251 1281 4314 iam
1305 4251 1391 4312 ιἐείι

214 4372 240 4420 l.
261 4388 334 4422 unare
353 4375 437 4423 ualet.
474 4375 557 4421 iuuare
575 4375 599 4422 l.
619 4374 683 4422 leid.
719 4375 788 4422 unire
807 4381 852 4422 tres
865 4373 976 4433 Vaticani,
995 4377 1051 4419 terte
1064 4371 1170 4420 Pometia.
1222 4370 1245 4420 b.
1264 4370 1326 4420 aliua
1345 4386 1413 4428 om„

216 4441 259 4488 AB.
279 4442 342 4489 bein.
404 4440 428 4488 6.
447 4442 614 4503 praetractatis
631 4443 673 4491 ld.
693 4442 766 4500 laid„
792 4449 812 4490 et
831 4441 857 4488 B.
875 4442 900 4487 iu
916 4453 999 4500 ortorp„
1025 4453 1054 4486 ea
1070 4438 1239 4500 llirtcopa'emi,
1266 4439 1291 4486 ni
1308 4437 1387 4500 tollor,

216 4510 303 4556 codice.
346 4511 481 4556 retractatis
506 4510 573 4557 ltobc.
626 4508 650 4557 t.
676 4509 758 4571 utiquc
782 4509 815 4568 1.,
844 4522 893 4557 cum
918 4506 998 4555 Fuluio
1018 4504 1108 4554 llrtt'co·
1170 4503 1192 4552 8.
1218 4502 1344 4553 emanuhel
1363 4503 1388 4551 B.

215 4573 261 4622 8b.
281 4576 345 4637 qnod
365 4584 477 4624 nascetur
494 4584 613 4634 sanetum,
631 4576 754 4624 uocabitur
772 4574 836 4623 fllius
855 4574 892 4622 dei
911 4571 943 4633 (1.,
961 4586 1013 4622 oum
1031 4572 1111 4622 Fuluio
1131 4571 1220 4630 Ursino.
1273 4571 1297 4620 ll.
1317 4569 1389 4617 bent-

215 4657 262 4704 que
282 4644 349 4691 etde
368 4643 414 4691 boo
433 4644 547 4692 lolianus.
590 4642 629 4690 to.
648 4644 672 4691 ln
691 4651 814 4691 aeternum
833 4644 857 4691 l.
879 4641 940 4689 leit.
987 4638 1026 4688 ll.
1045 4638 1273 4700 conterminato.
1308 4644 1390 4684 trans-

216 4711 313 4769 figurari
332 4712 364 4769 «1.,
385 4726 433 4760 eum
453 4711 532 4758 Falanio
553 4710 643 4758 Ursino.
685 4709 822 4768 consignat-i
841 4710 866 4757 l.
927 4704 965 4756 12.
984 4705 1302 4756 urtulutsstttatc.
1350 4700 1393 4750 lb.

213 4781 260 4825 erit
280 4778 311 4838 u,
332 4794 381 4829 cum
401 4779 481 4826 Fuluio
501 4778 591 4825 Ursino.
628 4785 679 4827 crat
696 4778 783 4825 Ababa.
802 4776 866 4825 leid.

250 4877 273 4924 b.
292 4879 356 4940 apul
375 4877 524 4926 Valentinum
544 4871 660 4939 lortasse]
681 4876 717 4926 Cl.
736 4875 792 4927 Adr.
805 4874 921 4924 Valentia.
941 4887 994 4952 cap.
1007 4872 1038 4923 16
1057 4881 1080 4922 ot
1098 4871 1138 4920 tt.
1178 4948 1236 5000 44*
