3242 5775
579 685 726 732 sorsnsus
747 675 888 732 rmrssr.
1022 697 1025 702 ·
1247 671 1309 737 08³
1360 761 1367 774 Ι

152 838 226 902 aiter
247 838 312 899 sine
334 837 425 900 sitero
439 846 555 918 potest:
578 838 714 912 Quiane,
737 839 791 912 ait,
813 838 910 912 misit,
930 855 1018 900 verax
1033 843 1094 919 est,
1118 846 1147 900 et
1167 857 1220 919 ego
1233 852 1448 920 monsterium.

151 941 188 1002 ab
212 960 247 1001 eo
270 939 379 1010 audiri,
409 959 442 1000 eo
462 939 511 1001 ⁸et
529 940 635 1019 loquor
654 940 685 1000 io
706 939 864 1013 mundnm3
893 939 1106 1019 interpretante
1127 942 1439 1003 extrioseonsnuam.

152 1042 298 1120 scriptura
320 1058 380 1101 non
402 1042 578 1120 cognouisse
599 1040 666 1102 ilios
688 1040 767 1120 quod
789 1041 827 1103 de
847 1048 931 1120 patro
951 1041 1091 1114 dixisset,
1113 1059 1179 1103 oum
1200 1042 1312 1105 scilieet

152 1159 333 1222 cognoscere
355 1141 527 1203 debuissent
547 1160 701 1204 sermones
722 1142 815 1221 patris
836 1142 866 1202 in
888 1141 948 1202 ulio
971 1160 1055 1215 esse,
1087 1141 1211 1221 legendo
1233 1143 1310 1224 opud

143 1243 345 1316 Hieremiam,
375 1244 411 1304 Et
432 1244 503 1305 dixit
523 1244 595 1305 mihi
617 1243 769 1314 dominus,
801 1242 876 1304 Eone
904 1241 971 1303 dedi
999 1259 1153 1304 sermones
1174 1261 1258 1305 meos
1280 1243 1413 1310 ionem.

153 1365 189 1406 os
212 1354 310 1418 tuum3
329 1354 363 1423 et
384 1345 460 1423 apud
482 1344 615 1419 Esaiam,
644 1344 787 1405 Dominus
808 1343 876 1405 'dat
896 1342 968 1405 mihi
990 1341 1117 1423 linguam
1140 1343 1422 1425 disciplinatorum.

152 1447 190 1508 ad
212 1446 463 1525 cognoscendum,
497 1447 613 1525 quaudo
643 1452 779 1526 oporteat
805 1445 904 1506 dicere
926 1462 1108 1519 sermonem3
1142 1445 1218 1507 siout
1246 1448 1313 1527 ipso

153 1565 274 1619 rursus,
297 1547 395 1618 Tunc,
419 1546 527 1626 inquit,
550 1547 734 1626 cognoscetis
756 1546 834 1626 quod
858 1564 911 1625 ego
934 1545 1007 1618 sim,
1030 1556 1059 1608 et
1080 1563 1096 1607 a
1114 1525 1414 1633 ‘memetipsoss'fflf'

152 1649 224 1710 nihii
246 1649 364 1727 loquar,
398 1648 450 1708 sod
473 1648 549 1710 siout
569 1667 617 1709 me
639 1648 754 1721 docuit,
782 1648 820 1709 ita
848 1656 878 1708 et
899 1648 1018 1727 loquor,
1051 1648 1118 1726 quio
1140 1658 1170 1710 et
1190 1650 1242 1728 qui
1261 1667 1310 1711 ms

151 1751 234 1811 misit
254 1768 368 1811 mecum
391 1757 447 1810 est.
489 1749 527 1811 Et
553 1750 610 1810 hoo
637 1749 673 1811 ad
700 1748 902 1810 testimoninm
930 1747 1147 1810 indiuiduorum
1173 1750 1310 1813 duorum.

151 1853 225 1913 ltom
247 1852 277 1912 in
299 1851 486 1912 altercatione
507 1851 682 1912 iudaeorum
703 1850 903 1930 ⁰exprobrans
924 1850 1003 1929 quod
1018 1849 1150 1911 occidere
1164 1867 1231 1912 enm
1244 1851 1310 1913 ¹rel·

151 1953 228 2025 ient,
251 1952 329 2030 Ego,
353 1951 461 2030 inquit,
484 1970 557 2031 quae
578 1951 636 2013 ridi
657 1970 748 2031 penes
770 1962 881 2032 patrem
905 1968 1016 2023 meum,
1045 1949 1165 2029 loquor,
1194 1959 1224 2014 et
1245 1930 1429 2029 rosassfziffffi

152 2054 232 2133 quod
253 2054 367 2114 vidistis
390 2071 482 2133 penes
503 2064 615 2133 patrem
636 2062 781 2126 restrum,
803 2053 833 2114 id
856 2052 967 2126 tacitis3
989 2058 1018 2111 et
1036 2069 1113 2113 nuno
1126 2035 1455 2116 vultisnooi·⁰'³·“⁸‘¹·

151 2155 222 2216 dere
244 2155 393 2215 hominem
416 2152 567 2215 vamtatem
590 2154 673 2214 robis
702 2154 845 2225 locutum,
874 2170 959 2233 quam
987 2153 1095 2214 audivi-t
1123 2172 1140 2214 a
1167 2154 1241 2229 deo,
1270 2164 1309 2229 et,

152 2257 184 2317 Si
208 2257 279 2317 deus
302 2264 384 2317 osset
404 2265 487 2334 pater
507 2264 620 2326 vester,
643 2255 818 2316 dilexissetis
837 2274 899 2326 me;
921 2271 975 2333 ogo
999 2253 1075 2315 enim
1098 2273 1134 2316 ex
1155 2254 1213 2317 deo
1236 2256 1310 2319 exiri

152 2367 182 2418 ot
203 2358 268 2418 veni
291 2361 333 2435 (et
354 2366 450 2418 tamen
472 2376 532 2417 ooo
554 2358 772 2436 ”separantem
795 2356 863 2417 iicet
884 2356 980 2417 exisse
1001 2355 1123 2430 dixerit,
1144 2358 1308 2437 utquidam

151 2458 296 2538 arripiunt
316 2458 403 2519 huius
426 2459 493 2519 dicti
516 2457 716 2532 occasionem
738 2456 827 2519 exirit
847 2466 942 2518 autem
965 2464 1078 2536 apatre
1099 2464 1133 2519 ut
1151 2458 1251 2521 radius
1273 2477 1309 2522 ex

152 2560 232 2632 solo,
255 2568 286 2619 ut
306 2559 386 2619 rivus
409 2578 443 2620 ex
465 2561 561 2631 toute,
583 2566 616 2620 ut
637 2560 730 2620 frutex
748 2576 785 2620 ex
802 2557 943 2632 semine),
965 2575 1019 2636 ego
1040 2558 1226 2621 daemonium
1247 2578 1309 2622 nou

151 2660 263 2732 habeo,
287 2661 338 2720 sed
363 2660 505 2720 ¹¹honoro
528 2669 640 2739 patrem
662 2678 776 2733 meum3
803 2667 848 2733 et,
872 2659 931 2721 ¹²si
954 2678 1008 2739 ego
1029 2678 1078 2720 me
1101 2659 1192 2740 ”ipse
1214 2659 1308 2741 giori-

151 2763 252 2833 rioem‚
275 2761 347 2821 nihil
369 2761 526 2840 eosgloria
550 2779 629 2835 mea,
652 2762 768 2840 estqui
790 2780 838 2823 me
852 2760 1008 2840 glorificet,
1030 2769 1130 2840 poter,
1152 2779 1239 2842 quem
1254 2781 1307 2826 ros
1410 2765 1415 2776 “

151 2862 247 2924 dicitis
270 2862 356 2924 deum
379 2881 447 2924 esso
468 2871 614 2935 restrum,
638 2882 693 2925 neo
711 2863 810 2925 nostis
832 2862 931 2936 ilium,
954 2870 984 2924 st
1005 2879 1059 2942 ogo
1082 2863 1149 2924 novi
1171 2881 1255 2940 eum3
1278 2874 1308 2928 et

152 2965 177 3025 si
200 2965 309 3036 dicam,
331 2983 390 3025 uon
412 2966 495 3037 novi,
519 2984 571 3026 ero
593 2964 697 3026 similis
719 2965 825 3037 vestri,
839 2964 986 3038 mendam
1009 2964 1062 3025 sed
1077 2965 1145 3026 nori
1160 2966 1255 3041 ilium,
1279 2975 1309 3030 et

152 3085 318 3128 sermonem
342 3067 405 3126 eius
428 3085 525 3126 servo.
563 3065 630 3126 ‘¹⁴At
654 3085 722 3128 *oum
750 3065 915 3144 subiungit,
943 3065 1185 3128 abrahamduos
1208 3075 1445 3135 meoniorum.

151 3169 231 3240 vidit,
255 3177 283 3228 ot
304 3169 428 3228 laetatus
450 3178 505 3238 est,
527 3186 632 3246 nempe
654 3168 835 3228 demonstrat
849 3167 940 3228 tilium
955 3166 1087 3228 Abrahae
1107 3178 1185 3230 retro
1201 3170 1307 3243 visum,

153 3289 211 3329 non
233 3278 356 3349 patrem.
390 3269 489 3329 ¹⁵item
512 3287 601 3347 super
623 3287 738 3329 caenum
754 3269 835 3328 iiinm
849 3268 940 3346 patris
956 3285 1045 3346 opero
1067 3268 1137 3330 dicit
1157 3287 1191 3331 se
1212 3271 1307 3333 noers

153 3380 305 3450 oportere,
334 3370 378 3431 eui
400 3380 468 3449 post
489 3371 704 3431 restitutionem
733 3370 891 3439 luminum,
924 3368 986 3440 Tu,
1014 3367 1122 3447 inquit,
1151 3369 1247 3431 credis
1274 3371 1430 3432 intonas.

151 3473 243 3533 tilium
265 3470 336 3533 dei?
368 3481 397 3533 et
418 3471 626 3550 intorroganti,
655 3469 720 3548 quis
741 3477 823 3530 esset
844 3469 916 3541 iste,
944 3468 1009 3547 ipse
1038 3486 1071 3529 se
1099 3468 1457 3539 demonstranstouxnru·

151 3574 252 3651 utique
274 3573 362 3635 filium
385 3571 610 3644 demonstrarit,
633 3589 719 3650 quem
739 3570 920 3632 credendum
936 3568 1030 3629 '‘esse
1045 3568 1167 3631 dixerat.
1197 3570 1309 3633 Dehinc

152 3674 290 3751 cognosci
312 3693 345 3735 se
367 3676 521 3754 profitetur
543 3681 678 3753 epatre,
702 3680 731 3732 et
751 3681 865 3751 patrem
886 3688 968 3740 ase,
992 3677 1021 3730 et
1042 3669 1108 3731 ideo
1131 3689 1164 3731 se
1186 3670 1266 3753 diligi
1287 3663 1417 3772 ε’ῗεξὰξθ·

150 3784 235 3854 patre
257 3776 333 3853 quod
356 3778 480 3837 animam
503 3794 585 3836 suam
607 3782 713 3853 ponat,
736 3774 801 3853 quia
824 3772 881 3834 hoc
900 3779 1088 3851 praeceptum
1109 3773 1271 3852 accepisset
1291 3793 1308 3837 a

151 3886 244 3955 patre.
294 3876 331 3937 Et
357 3878 554 3955 interrogatus
582 3873 752 3947 aludaeis,
785 3873 811 3936 si
841 3873 904 3952 ipse
933 3881 1011 3935 esset
1032 3872 1165 3936 Christus
1194 3877 1307 3956 (utique

153 3978 243 4049 ndei,
277 3996 343 4038 nam
366 3997 458 4057 usqne
481 3979 511 4037 in
539 3976 711 4037 hodiernum
734 3974 832 4036 ludaei
854 3975 1001 4063 Christum
1029 3975 1093 4049 dei,
1120 3995 1182 4037 uon
1209 3977 1306 4058 ipsum

151 4088 263 4157 patrem
287 4090 423 4159 sperant,
461 4079 527 4157 quia
555 4096 702 4157 nunqnam
724 4076 858 4139 Christus
880 4086 964 4156 poter
986 4078 1114 4157 scriptus
1137 4085 1182 4140 est
1201 4062 1307 4142 ventu*-

152 4191 232 4256 rus),
255 4182 390 4261 Loquor,
413 4182 521 4260 inquit,
545 4180 645 4253 robis,
669 4189 771 4241 etnou
787 4180 922 4254 creditis3
945 4196 1050 4258 opera,
1072 4197 1147 4258 quse
1162 4197 1216 4259 ego
1231 4182 1450 4246 reuomen-

152 4282 181 4341 in
203 4284 322 4344 nomine
344 4284 451 4363 patris,
473 4283 537 4362 ipsa
559 4284 595 4344 de
616 4301 663 4343 me
685 4281 883 4343 testimoninm
906 4280 1016 4341 dicum.
1055 4279 1146 4352 ‘Quod
1168 4281 1305 4343 testimo·

152 4383 255 4445 nium?
292 4386 388 4464 ipsum
412 4384 522 4445 scilicet
543 4403 611 4445 esse
633 4385 669 4445 de
691 4402 749 4463 quo
776 4382 1010 4461 interrogabant,
1043 4380 1072 4441 id
1095 4389 1139 4442 est
1160 4381 1307 4445 Christum

152 4486 207 4548 dei.
242 4487 283 4546 De
301 4487 403 4547 ovibus
419 4487 505 4547 etiam
520 4485 600 4559 suis,
620 4485 697 4565 quod
720 4503 807 4546 nemo
830 4485 893 4546 iiius
915 4483 952 4545 de
973 4499 1061 4543 mauu
1083 4483 1147 4544 sius
1170 4484 1306 4562 eriperet,

152 4707 174 4758 6.
193 4711 317 4758 etomA.
336 4710 398 4759 Leid.
440 4708 463 4757 7.
482 4707 538 4756 mihi
557 4707 597 4756 dat
612 4708 638 4758 Δ.
657 4707 719 4757 teto.
766 4704 790 4757 8.
809 4705 918 4769 meipso
941 4704 1048 4756 ninid.
1088 4703 1111 4755 9.
1130 4704 1264 4768 exprobans
1281 4703 1306 4752 Λ.

154 4776 191 4825 10.
210 4778 392 4837 separamusB.
427 4775 644 4840 speravisset.
686 4774 725 4823 11.
743 4774 874 4823 honorifica
893 4775 917 4823 A.
935 4773 999 4823 teto
1045 4771 1082 4822 12.
1100 4786 1144 4836 ego
1163 4772 1183 4820 si
1199 4773 1225 4821 A:
1243 4770 1307 4819 teta.

154 4844 190 4892 13.
210 4846 288 4906 ipsum
307 4845 500 4905 glutinosam.
536 4844 614 4907 ipsum
633 4841 835 4903 annuentem.
883 4841 921 4892 14.
940 4842 1025 4892 ioco.
1073 4841 1111 4891 15.
1130 4839 1225 4904 ipset.
1243 4838 1307 4889 Leto.

153 4912 190 4961 16.
209 4927 263 4961 esse
282 4914 361 4963 omri.
379 4914 441 4962 teir.
496 4911 535 4962 ii.
553 4911 612 4961 deus
629 4909 655 4960 B.
