3242 5775
547 696 551 702 ‚
588 617 628 690 br
650 648 744 691 aenne
767 647 894 691 cuntem
1262 640 1327 703 449
1363 608 1364 611 ¹

145 797 279 860 animam
295 795 504 875 significantes
527 815 647 876 carnem
667 796 909 876 interpretemur.
954 797 1061 860 Omnia
1083 800 1328 880 periclitabuntur

143 898 236 961 aliter
256 897 349 977 accipi
372 914 458 975 quam
482 906 568 970 sunt,
591 906 621 958 et
636 899 770 959 amittere
786 898 865 977 quod
881 907 966 971 sunt,
989 900 1059 961 dom
1076 900 1162 966 aliter
1175 904 1326 983 accipiun-

146 1009 214 1073 tur,
238 1000 265 1060 si
289 998 374 1060 aliter
395 1016 482 1077 quam
506 1007 581 1060 sunt«
597 1000 854 1078 cognominentur.
890 1000 978 1062 Fides
999 1002 1155 1064 nominum
1176 988 1259 1067 salus
1281 1013 1328 1069 cst
1366 1031 1375 1043 ⁸

144 1080 375 1182 prbprietatum.
411 1096 508 1160 Etia'm
531 1119 597 1161 cum
620 1101 810 1160 demutantur
831 1100 1002 1179 qualitates,
1026 1103 1173 1182 accipiunt
1194 1105 1325 1169 vocabu·

145 1203 247 1264 lorum
269 1200 494 1281 possessiones.
549 1201 635 1261 Verbi
658 1202 751 1279 gratia
772 1201 874 1279 argilla
896 1212 1016 1263 excocta
1039 1212 1131 1265 testae
1152 1205 1327 1268 vocabulum

145 1303 285 1382 suscipit.
323 1302 383 1362 Nec
406 1292 604 1361 communicat
624 1302 707 1362 ²cnm
730 1303 873 1363 vocabulo
889 1303 1007 1383 pristini
1023 1297 1158 1384 generis,
1182 1306 1250 1384 quia
1271 1325 1329 1369 nec

145 1423 215 1466 cnm
239 1404 306 1482 ipso
329 1421 447 1480 genere.
485 1403 632 1464 ³Proinde
655 1413 687 1463 et
707 1405 803 1464 anima
823 1402 934 1464 Christi
956 1423 1024 1465 raro
1046 1406 1121 1466 lacta
1143 1425 1205 1491 non
1226 1416 1328 1487 potest

144 1523 210 1566 non
233 1504 264 1566 id
287 1507 357 1565 esse
379 1504 459 1583 quod
481 1506 556 1564 lacta
579 1513 639 1576 est,
663 1504 744 1563 olid
767 1523 828 1565 non
852 1523 919 1565 esse
941 1505 1020 1584 quod
1035 1507 1139 1579 luerit,
1162 1508 1241 1569 alidd
1263 1509 1323 1570 sci·

144 1607 218 1669 licet
238 1606 325 1667 lucta.
362 1605 401 1666 Et
421 1605 578 1683 ⁴quoaiam
602 1607 770 1683 proximum
793 1605 982 1667 adhibuimus
1004 1607 1186 1686 exemplum,
1208 1610 1325 1689 plenius

145 1728 185 1770 eo
206 1715 336 1769 utemur.
370 1707 457 1767 Certe
480 1707 560 1767 enim
582 1714 659 1767 testa
680 1725 716 1767 er
738 1706 839 1785 argilla
861 1726 954 1768 unum
976 1717 1021 1790 esst
1043 1704 1152 1787 cerpus
1176 1727 1327 1788 unumque

144 1807 325 1870 vocabulum
347 1808 435 1868 nnius
458 1808 571 1868 scilicet
592 1808 740 1888 corporis.
776 1808 838 1869 Nec
859 1808 976 1887 ³potest
996 1817 1073 1870 testa
1090 1809 1148 1870 dici
1162 1800 1195 1870 et
1208 1809 1326 1888 argilla3

145 1910 216 1989 quia
239 1909 320 1988 quod
342 1910 412 1981 luit,
436 1909 599 1981 ⁶nonest,
622 1910 702 1987 quod
724 1917 822 1970 autem
846 1928 907 1969 non
930 1917 992 1982 est,
1021 1918 1051 1971 et
1072 1928 1134 1971 non
1156 1910 1325 1971 salamis
1380 1894 1386 1898 ’
1438 1895 1441 1904 ’

147 2011 185 2072 Et
206 2011 304 2072 anima
327 2028 388 2071 non
411 2009 560 2070 adhaeret.
593 2009 672 2087 Ergo
695 2018 725 2070 et
746 2011 842 2071 anima
865 2030 934 2071 caro
957 2012 1030 2071 lacta
1052 2010 1211 2072 uniformis
1232 2009 1325 2072 ⁷soli·
1407 1994 1411 2006 ’

147 2113 226 2174 dites
249 2112 297 2174 ⁸et
320 2111 509 2189 singularitas
531 2110 609 2170 ⁹tota
633 2118 679 2170 est
701 2120 731 2171 et
747 2111 933 2172 ¹⁰indiscrcta
948 2110 1124 2173 substantia.
1157 2112 1191 2173 ln
1205 2110 1324 2173 Christo
1362 2179 1364 2184 ,

148 2232 219 2275 tero
241 2212 410 2273 invenimus
433 2212 558 2272 animam
593 2220 622 2271 et
644 2231 762 2272 carnem
790 2210 975 2289 simplicibus
1004 2222 1034 2274 et
1060 2212 1149 2274 nudis
1175 2211 1325 2273 vocabulis

151 2316 261 2386 editas,
284 2314 313 2375 id
337 2322 383 2375 est
404 2312 530 2373 animam
546 2314 673 2373 animam
696 2322 725 2373 et
739 2331 858 2373 carnem
874 2331 1009 2387 carnem,
1030 2313 1181 2393 nusquani
1198 2313 1326 2374 animam

154 2434 269 2477 earnem
292 2423 342 2476 aut
371 2433 489 2475 carnem
519 2416 661 2487 animam,
691 2414 809 2492 quando
839 2414 882 2485 ita
905 2415 1052 2476 nominari
1079 2414 1270 2486 debuissent,
1298 2412 1326 2473 si

155 2517 189 2578 ite
211 2518 355 2588 luissent,
385 2517 438 2575 sed
463 2517 549 2575 etiam
571 2516 628 2575 sibi
652 2534 798 2594 quamque
827 2515 1023 2577 substantiam
1046 2516 1140 2577 divise
1162 2515 1325 2593 ¹¹pronun·

132 2620 237 2679 ·tiatas
259 2617 296 2678 ab
319 2618 400 2696 ipso,
425 2617 553 2693 ¹²titique
575 2637 630 2695 pro
653 2617 776 2677 (tuarum
792 2617 965 2695 qualitatum
982 2616 1216 2702 ¹³distiuctiouc,
1238 2632 1326 2678 scor·
1381 2645 1400 2669 .-

158 2738 216 2780 nnm
238 2719 365 2780 animam
389 2728 418 2778 et
442 2737 578 2778 seorsum
602 2736 730 2779 carnem.
774 2718 882 2790 ”Quid
904 2718 990 2779 anxia
1013 2727 1073 2791 est,
1096 2716 1326 2798 inquinamus
1340 2721 1442 2815 §¹313th

161 2837 215 2880 nea
237 2838 333 2899 usque
356 2820 391 2879 ad
416 2818 565 2879 mortem?
599 2828 643 2891 et,
674 2819 779 2893 Panis,
810 2839 899 2900 quem
928 2838 984 2898 ego
1014 2820 1124 2880 dedero
1152 2837 1208 2900 pro
1232 2816 1327 2878 salute
1340 2801 1451 2893 ravist]

162 2922 269 2994 nundi,
294 2939 362 2982 caro
385 2940 449 2980 ntea
473 2929 528 2980 est.
573 2921 667 2980 Porro
691 2922 716 2981 si
740 2922 837 2982 areima
861 2940 929 2983 caro
952 2921 1072 2995 luisset,
1102 2939 1195 3001 unum
1219 2919 1327 2981 ¹⁵esset

160 3021 313 3084 ianristo
337 3041 442 3082 carnea
464 3022 560 3082 anima
583 3030 633 3081 aut
655 3041 723 3081 caro
746 3023 889 3083 animalis.
924 3024 961 3082 llt
983 3042 1049 3083 cum
1071 3022 1176 3084 dividit
1197 3022 1325 3101 species,

161 3140 268 3184 carnem
291 3116 486 3194 stammam,
510 3123 568 3182 duo
592 3123 732 3182 ostendit.
766 3124 798 3183 Si
822 3124 898 3197 duo,
922 3124 978 3185 inm
1000 3142 1062 3183 non
1084 3141 1193 3196 unum,
1216 3122 1241 3182 si
1263 3139 1326 3182 non

161 3240 258 3297 mum,
292 3225 351 3285 iam
374 3243 429 3284 nec
451 3223 549 3283 anima
570 3223 694 3283 carnalis
718 3241 772 3284 nec
800 3243 869 3283 caro
901 3222 1046 3283 animalis.
1098 3223 1194 3282 Unum
1218 3221 1324 3282 ¹⁰enihr

162 3333 201 3384 est
221 3326 317 3386 anima
341 3343 430 3396 caro,
461 3333 511 3384 aut
532 3343 600 3383 caro
629 3324 735 3382 anima.
785 3324 850 3384 Nisi
873 3332 903 3383 et
925 3341 1061 3382 seorsum
1084 3322 1169 3382 aliam
1192 3321 1327 3398 gestabat

161 3427 278 3487 animam
301 3435 421 3505 praeter
444 3444 508 3485 eam
530 3444 604 3502 qliae
627 3442 694 3483 caro
718 3433 796 3495 erat,
821 3432 850 3482 et
865 3424 950 3484 aliam
967 3420 1193 3482 circumferebat
1207 3436 1326 3480 carnem

160 3536 269 3606 praeter
290 3526 369 3588 illam
393 3545 467 3605 qnae
494 3526 591 3585 anima
623 3533 694 3584 erat.
747 3523 864 3594 Quodsi
892 3542 950 3584 una
977 3541 1045 3587 coro
1074 3531 1103 3583 et
1131 3539 1190 3582 una
1218 3520 1326 3592 ahima

159 3625 199 3687 illa
221 3629 315 3689 tristis
337 3645 433 3706 usque
455 3627 490 3686 ad
514 3635 638 3685 mortem
663 3633 693 3684 et
714 3624 760 3684 illa
782 3625 869 3702 panis
891 3643 946 3703 pro
969 3623 1071 3683 mundi
1094 3622 1204 3695 salute,
1226 3620 1325 3683 salvus
1426 3629 1430 3641 ’

160 3737 200 3788 est
219 3747 362 3789 numerus
385 3728 508 3787 duarum
531 3726 764 3787 substantiarum
788 3725 818 3785 in
842 3744 898 3786 suo
921 3743 1030 3803 genere
1052 3722 1240 3797 distantium,
1271 3739 1324 3782 ex·

159 3828 272 3892 cludens
295 3847 419 3890 carneae
442 3829 556 3888 animae
580 3827 695 3886 unicam
717 3827 858 3904 speciem.

160 3944 177 3996 l.
195 3964 247 3997 carn
267 3947 385 3998 vocabulo
405 3949 466 3996 nco.
486 3950 560 3997 codex
577 3948 672 3994 Pithoei.
707 3947 823 3995 vocabulo
841 3947 934 4010 celiani.
981 3943 1004 3993 3.
1023 3944 1125 4007 perinde
1143 3943 1222 3991 anima
1242 3941 1265 3991 0.
1300 3941 1325 3990 l.
1368 3962 1370 3967 ·

161 4017 273 4077 quemodo
293 4018 317 4066 C.
361 4017 386 4064 5.
406 4024 485 4078 potest
504 4023 563 4063 testa
583 4015 629 4061 dici
647 4015 730 4063 etBC.
750 4017 825 4065 codex
836 4015 930 4064 Pithoei.
965 4012 1109 4076 potestdici
1129 4017 1188 4059 testa
1207 4016 1231 4059 et
1249 4024 1278 4068 c.,
1297 4010 1346 4059 ιε’

160 4087 224 4134 hilm
244 4084 369 4134 Vaticanis.
405 4091 485 4146 potest
504 4084 549 4130 dici
569 4082 684 4130 eihand.
743 4082 766 4130 6.
786 4097 833 4129 οοο
853 4090 898 4139 est,
917 4081 981 4143 quod
1000 4087 1146 4128 autemnon
1165 4083 1210 4136 est,
1235 4085 1325 4125 etncn
1383 4131 1386 4135 Ι
1445 4130 1453 4149 Ι

160 4151 273 4209 adhaeret,
293 4161 316 4200 et
335 4153 413 4199 anima
433 4166 480 4197 aon
499 4151 622 4197 adhaeret.
651 4150 712 4211 Ergo
732 4151 791 4209 aba,
821 4165 849 4197 ea
873 4151 940 4198 libris
960 4148 1077 4208 Gaagneii.
1119 4160 1167 4194 non
1191 4152 1236 4203 est,
1262 4144 1326 4206 quod

160 4228 230 4267 autern
248 4234 298 4270 non
319 4226 364 4277 est,
382 4219 481 4266 omnino
501 4233 547 4265 aon
570 4217 689 4264 adhaeret.
714 4216 777 4277 Ergo
796 4219 828 4275 d,
849 4232 878 4264 ea
887 4216 998 4264 emendat.
1009 4214 1084 4262 Fulvii
1092 4213 1178 4261 Ursini.
1214 4224 1262 4259 noa
1281 4217 1326 4268 est,

160 4297 201 4334 uon
218 4287 341 4335 adhaeret.
366 4286 428 4347 Ergo
447 4287 539 4348 reliqui,
561 4292 580 4331 et
600 4284 776 4333 codeaPithoei.
818 4284 841 4331 7.
861 4283 971 4331 soliditas
989 4297 1048 4342 cmg.
1083 4279 1186 4328 solidata
1204 4278 1327 4327 nebeten

160 4350 179 4400 8.
196 4362 218 4402 el
235 4370 285 4417 ego.
322 4354 365 4402 sed
384 4354 490 4401 aenaea.
526 4352 618 4400 seilicet
637 4355 669 4410 d.,
689 4367 740 4400 enm
759 4352 838 4400 Fuluio
853 4351 943 4399 Ursino.
1005 4348 1029 4397 9.
1049 4355 1097 4396 totu
1116 4347 1201 4408 amgd,
1221 4346 1327 4394 Latinius

160 4422 371 4472 cernicatam.
407 4430 457 4469 tuta
476 4421 581 4468 Bcllabc.
636 4419 675 4467 10.
694 4418 854 4482 indiscrepata
874 4434 932 4480 ama.
983 4415 1021 4464 11.
1041 4414 1207 4479 pronuntiatas
1225 4411 1255 4460 eb
1273 4412 1327 4473 ipso

160 4488 186 4547 d,
201 4489 265 4537 Fato.
276 4490 381 4536 tlrsines.
417 4488 569 4549 pronuntiata
586 4487 616 4534 ab
636 4488 688 4548 ipso
707 4502 767 4548 areg.
803 4486 961 4549 pronunciata
979 4484 1024 4534 snb
1042 4479 1327 4546 ipsac.,lltldetranaoa.

159 4558 310 4616 pronunciata
335 4555 381 4603 sub
407 4557 461 4618 ipso
479 4557 572 4617 reliqui.
633 4553 672 4601 12.
696 4553 785 4616 ubique
810 4555 843 4602 lo.
859 4552 994 4601 oWocecer.
1053 4548 1093 4599 13.
1117 4549 1281 4611 discreptione
1304 4545 1327 4593 G.

160 4621 193 4671 le
211 4624 327 4673 litenria
345 4624 459 4672 Latinius.
513 4623 552 4671 15.
570 4630 607 4670 est
624 4621 648 4670 B.
703 4620 742 4670 16.
762 4628 798 4669 est
817 4621 881 4668 enim
900 4619 925 4669 B.

188 4725 245 4786 Cep.
266 4723 328 4772 illll.
361 4736 382 4770 a.
402 4738 449 4770 noa
469 4717 595 4785 adhaeret]
615 4720 716 4768 ludovi-
769 4720 885 4768 adhaeret
917 4733 974 4780 ergo
1009 4725 1032 4767 et
1064 4681 1145 4766 enini
1170 4729 1226 4765 earo
1258 4711 1328 4767 lacta,

158 4806 196 4840 cns
214 4791 243 4839 de
263 4789 285 4839 la
305 4789 382 4838 Cende
400 4790 496 4837 volebat
523 4789 611 4847 ‚,0uod
637 4795 717 4835 autern
770 4787 907 4849 uniformis,
935 4786 1054 4848 solidata3
1088 4784 1131 4834 sed
1156 4776 1327 4843 singulariter·

156 4866 259 4917 nonest,
278 4866 302 4906 et
313 4871 362 4905 non
371 4857 494 4915 adhaeret,
514 4856 635 4905 utanima.
663 4855 717 4902 Non
769 4861 824 4903 cett

186 4944 348 4986 Turranium
360 4954 413 4987 ore.
424 4955 461 5005 ro.
474 4954 573 4984 orrrrrn.
592 4941 654 4983 Tom.
663 4938 691 4984 ll.
1005 4987 1007 4992 λ
1144 4930 1177 4981 29
