<?xml version="1.0" encoding="UTF-8"?>
<!DOCTYPE html PUBLIC "-//W3C//DTD XHTML 1.0 Transitional//EN"
    "http://www.w3.org/TR/xhtml1/DTD/xhtml1-transitional.dtd">
<html xmlns="http://www.w3.org/1999/xhtml" xml:lang="en" lang="en">
 <head>
  <title>
</title>
<meta http-equiv="Content-Type" content="text/html;charset=utf-8" />
  <meta name='ocr-system' content='tesseract 3.04.00' />
  <meta name='ocr-capabilities' content='ocr_page ocr_carea ocr_par ocr_line ocrx_word'/>
</head>
<body>
  <div class='ocr_page' id='page_1' title='image "./quaesupersuntom00oehlgoog_0189.png"; bbox 0 0 3242 5775; ppageno 0'>
   <div class='ocr_carea' id='block_1_1' title="bbox 569 641 1397 708">
    <p class='ocr_par' dir='ltr' id='par_1_1' title="bbox 569 641 1397 708">
     <span class='ocr_line' id='line_1_1' title="bbox 569 641 1397 708; baseline 0.031 -26"><span class='ocrx_word' id='word_1_1' title='bbox 569 641 715 685; x_wconf 76' lang='lat' dir='ltr'><strong>munusue</strong></span> <span class='ocrx_word' id='word_1_2' title='bbox 737 641 909 690; x_wconf 71' lang='lat' dir='ltr'><strong>morona!</strong></span> <span class='ocrx_word' id='word_1_3' title='bbox 930 646 988 691; x_wconf 84' lang='lat' dir='ltr'><strong>cm.</strong></span> <span class='ocrx_word' id='word_1_4' title='bbox 1004 647 1043 693; x_wconf 91' lang='lat' dir='ltr'><strong>rv.</strong></span> <span class='ocrx_word' id='word_1_5' title='bbox 1332 641 1397 708; x_wconf 79' lang='lat' dir='ltr'><strong>rat</strong></span> 
     </span>
    </p>
   </div>
   <div class='ocr_carea' id='block_1_2' title="bbox 174 789 1529 3699">
    <p class='ocr_par' dir='ltr' id='par_1_2' title="bbox 241 789 1529 978">
     <span class='ocr_line' id='line_1_2' title="bbox 246 789 1529 885; baseline 0.016 -34"><span class='ocrx_word' id='word_1_6' title='bbox 246 807 299 851; x_wconf 80' lang='lat' dir='ltr'><strong>erae</strong></span> <span class='ocrx_word' id='word_1_7' title='bbox 315 790 391 853; x_wconf 75' lang='lat' dir='ltr'><strong>cmm</strong></span> <span class='ocrx_word' id='word_1_8' title='bbox 412 799 485 854; x_wconf 91' lang='lat' dir='ltr'><strong>eunt</strong></span> <span class='ocrx_word' id='word_1_9' title='bbox 507 789 645 854; x_wconf 85' lang='lat' dir='ltr'><strong>universa</strong></span> <span class='ocrx_word' id='word_1_10' title='bbox 667 810 744 872; x_wconf 81' lang='lat' dir='ltr'><strong>quae</strong></span> <span class='ocrx_word' id='word_1_11' title='bbox 766 793 862 857; x_wconf 86' lang='lat' dir='ltr'><strong>video.</strong></span> <span class='ocrx_word' id='word_1_12' title='bbox 897 795 973 871; x_wconf 89' lang='lat' dir='ltr'><strong>Sed,</strong></span> <span class='ocrx_word' id='word_1_13' title='bbox 996 796 1091 860; x_wconf 88' lang='lat' dir='ltr'><strong>Nemo</strong></span> <span class='ocrx_word' id='word_1_14' title='bbox 1106 799 1165 862; x_wconf 85' lang='lat' dir='ltr'><strong>ecit</strong></span> <span class='ocrx_word' id='word_1_15' title='bbox 1178 802 1229 881; x_wconf 81' lang='lat' dir='ltr'><strong>qui</strong></span> <span class='ocrx_word' id='word_1_16' title='bbox 1244 804 1285 865; x_wconf 88' lang='lat' dir='ltr'><strong>eit</strong></span> <span class='ocrx_word' id='word_1_17' title='bbox 1298 816 1395 885; x_wconf 83' lang='lat' dir='ltr'><strong>peter,</strong></span> <span class='ocrx_word' id='word_1_18' title='bbox 1409 821 1529 878; x_wconf 68' lang='lat' dir='ltr'><strong>coenae</strong></span> 
     </span>
     <span class='ocr_line' id='line_1_3' title="bbox 241 890 1393 978; baseline 0.013 -24"><span class='ocrx_word' id='word_1_19' title='bbox 241 890 284 954; x_wconf 59' lang='lat' dir='ltr'><strong>mi</strong></span> <span class='ocrx_word' id='word_1_20' title='bbox 299 892 388 968; x_wconf 75' lang='lat' dir='ltr'><strong>ilius,</strong></span> <span class='ocrx_word' id='word_1_21' title='bbox 410 902 441 954; x_wconf 88' lang='lat' dir='ltr'><strong>et</strong></span> <span class='ocrx_word' id='word_1_22' title='bbox 462 892 513 971; x_wconf 85' lang='lat' dir='ltr'><strong>qui</strong></span> <span class='ocrx_word' id='word_1_23' title='bbox 536 891 584 953; x_wconf 84' lang='lat' dir='ltr'><strong>ait.</strong></span> <span class='ocrx_word' id='word_1_24' title='bbox 597 892 689 969; x_wconf 86' lang='lat' dir='ltr'><strong>liliue,</strong></span> <span class='ocrx_word' id='word_1_25' title='bbox 715 892 801 955; x_wconf 64' lang='lat' dir='ltr'><strong>¹*nisi</strong></span> <span class='ocrx_word' id='word_1_26' title='bbox 816 905 917 974; x_wconf 88' lang='lat' dir='ltr'><strong>pater,</strong></span> <span class='ocrx_word' id='word_1_27' title='bbox 940 906 970 959; x_wconf 92' lang='lat' dir='ltr'><strong>et</strong></span> <span class='ocrx_word' id='word_1_28' title='bbox 991 898 1156 978; x_wconf 75' lang='lat' dir='ltr'><strong>cuicunque</strong></span> <span class='ocrx_word' id='word_1_29' title='bbox 1177 902 1256 964; x_wconf 87' lang='lat' dir='ltr'><strong>llliue</strong></span> <span class='ocrx_word' id='word_1_30' title='bbox 1277 907 1393 970; x_wconf 88' lang='lat' dir='ltr'><strong>revela·</strong></span> 
     </span>
    </p>

    <p class='ocr_par' dir='ltr' id='par_1_3' title="bbox 226 993 1500 1478">
     <span class='ocr_line' id='line_1_4' title="bbox 239 993 1490 1082; baseline 0.013 -28"><span class='ocrx_word' id='word_1_31' title='bbox 239 993 317 1055; x_wconf 74' lang='lat' dir='ltr'><strong>retr.</strong></span> <span class='ocrx_word' id='word_1_32' title='bbox 347 994 443 1074; x_wconf 75' lang='lat' dir='ltr'><strong>Atque</strong></span> <span class='ocrx_word' id='word_1_33' title='bbox 464 993 504 1056; x_wconf 82' lang='lat' dir='ltr'><strong>in</strong></span> <span class='ocrx_word' id='word_1_34' title='bbox 527 994 662 1056; x_wconf 79' lang='lat' dir='ltr'><strong>Christus</strong></span> <span class='ocrx_word' id='word_1_35' title='bbox 684 993 820 1073; x_wconf 76' lang='lat' dir='ltr'><strong>ignotum</strong></span> <span class='ocrx_word' id='word_1_36' title='bbox 842 997 931 1059; x_wconf 87' lang='lat' dir='ltr'><strong>deum</strong></span> <span class='ocrx_word' id='word_1_37' title='bbox 951 998 1140 1082; x_wconf 78' lang='lat' dir='ltr'><strong>praedicavit</strong></span> <span class='ocrx_word' id='word_1_38' title='bbox 1175 1001 1252 1064; x_wconf 83' lang='lat' dir='ltr'><strong>ilinc</strong></span> <span class='ocrx_word' id='word_1_39' title='bbox 1266 1005 1346 1068; x_wconf 88' lang='lat' dir='ltr'><strong>onim</strong></span> <span class='ocrx_word' id='word_1_40' title='bbox 1362 1017 1392 1069; x_wconf 91' lang='lat' dir='ltr'><strong>et</strong></span> <span class='ocrx_word' id='word_1_41' title='bbox 1476 1013 1490 1024; x_wconf 79' lang='grc'><strong>“</strong></span> 
     </span>
     <span class='ocr_line' id='line_1_5' title="bbox 234 1093 1394 1181; baseline 0.012 -25"><span class='ocrx_word' id='word_1_42' title='bbox 234 1093 268 1156; x_wconf 85' lang='lat' dir='ltr'><strong>aii</strong></span> <span class='ocrx_word' id='word_1_43' title='bbox 283 1094 423 1158; x_wconf 85' lang='lat' dir='ltr'><strong>ltaeretici</strong></span> <span class='ocrx_word' id='word_1_44' title='bbox 445 1094 620 1168; x_wconf 79' lang='lat' dir='ltr'><strong>fulciuntur,</strong></span> <span class='ocrx_word' id='word_1_45' title='bbox 654 1105 841 1175; x_wconf 80' lang='lat' dir='ltr'><strong>opponentes</strong></span> <span class='ocrx_word' id='word_1_46' title='bbox 863 1107 1028 1162; x_wconf 73' lang='lat' dir='ltr'>creatorem</span> <span class='ocrx_word' id='word_1_47' title='bbox 1052 1100 1192 1164; x_wconf 82' lang='lat' dir='ltr'><strong>omnibus</strong></span> <span class='ocrx_word' id='word_1_48' title='bbox 1214 1112 1334 1181; x_wconf 81' lang='lat' dir='ltr'><strong>nouum,</strong></span> <span class='ocrx_word' id='word_1_49' title='bbox 1363 1118 1394 1172; x_wconf 89' lang='lat' dir='ltr'><strong>et</strong></span> 
     </span>
     <span class='ocr_line' id='line_1_6' title="bbox 230 1193 1392 1270; baseline 0.011 -13"><span class='ocrx_word' id='word_1_50' title='bbox 230 1193 315 1258; x_wconf 69' lang='lat' dir='ltr'><strong>bracii</strong></span> <span class='ocrx_word' id='word_1_51' title='bbox 337 1197 504 1259; x_wconf 79' lang='lat' dir='ltr'><strong>sectandum</strong></span> <span class='ocrx_word' id='word_1_52' title='bbox 519 1196 746 1258; x_wconf 76' lang='lat' dir='ltr'><strong>familiaritatem</strong></span> <span class='ocrx_word' id='word_1_53' title='bbox 762 1198 821 1258; x_wconf 76' lang='lat' dir='ltr'><strong>”et</strong></span> <span class='ocrx_word' id='word_1_54' title='bbox 835 1199 1005 1263; x_wconf 79' lang='lat' dir='ltr'><strong>nationibus</strong></span> <span class='ocrx_word' id='word_1_55' title='bbox 1020 1202 1184 1264; x_wconf 87' lang='lat' dir='ltr'><strong>secundum</strong></span> <span class='ocrx_word' id='word_1_56' title='bbox 1200 1202 1392 1270; x_wconf 65' lang='lat' dir='ltr'><strong>¹‘naturam</strong></span> 
     </span>
     <span class='ocr_line' id='line_1_7' title="bbox 228 1293 1500 1379; baseline 0.009 -23"><span class='ocrx_word' id='word_1_57' title='bbox 228 1293 422 1378; x_wconf 83' lang='lat' dir='ltr'><strong>itquomodo</strong></span> <span class='ocrx_word' id='word_1_58' title='bbox 446 1297 512 1378; x_wconf 84' lang='lat' dir='ltr'><strong>ipse</strong></span> <span class='ocrx_word' id='word_1_59' title='bbox 533 1306 659 1360; x_wconf 83' lang='lat' dir='ltr'><strong>testatur</strong></span> <span class='ocrx_word' id='word_1_60' title='bbox 685 1316 742 1359; x_wconf 92' lang='lat' dir='ltr'><strong>nec</strong></span> <span class='ocrx_word' id='word_1_61' title='bbox 761 1298 866 1360; x_wconf 76' lang='lat' dir='ltr'><strong>israeli</strong></span> <span class='ocrx_word' id='word_1_62' title='bbox 895 1300 1045 1379; x_wconf 77' lang='lat' dir='ltr'><strong>cognitum</strong></span> <span class='ocrx_word' id='word_1_63' title='bbox 1068 1302 1127 1365; x_wconf 78' lang='lat' dir='ltr'><strong>eei</strong></span> <span class='ocrx_word' id='word_1_64' title='bbox 1170 1304 1265 1367; x_wconf 72' lang='lat' dir='ltr'><strong>lsrael</strong></span> <span class='ocrx_word' id='word_1_65' title='bbox 1292 1316 1390 1370; x_wconf 87' lang='lat' dir='ltr'><strong>autem</strong></span> <span class='ocrx_word' id='word_1_66' title='bbox 1404 1305 1500 1360; x_wconf 79' lang='lat'><strong>¹⁰⁸·¹·³·</strong></span> 
     </span>
     <span class='ocr_line' id='line_1_8' title="bbox 226 1398 1389 1478; baseline 0.009 -19"><span class='ocrx_word' id='word_1_67' title='bbox 226 1415 259 1459; x_wconf 85' lang='lat' dir='ltr'><strong>ne</strong></span> <span class='ocrx_word' id='word_1_68' title='bbox 278 1417 340 1460; x_wconf 89' lang='lat' dir='ltr'><strong>non</strong></span> <span class='ocrx_word' id='word_1_69' title='bbox 362 1400 519 1478; x_wconf 75' lang='lat' dir='ltr'><strong>cognovit,</strong></span> <span class='ocrx_word' id='word_1_70' title='bbox 548 1407 578 1460; x_wconf 89' lang='lat' dir='ltr'><strong>et</strong></span> <span class='ocrx_word' id='word_1_71' title='bbox 599 1398 726 1478; x_wconf 87' lang='lat' dir='ltr'><strong>populus</strong></span> <span class='ocrx_word' id='word_1_72' title='bbox 748 1418 797 1460; x_wconf 89' lang='lat' dir='ltr'><strong>me</strong></span> <span class='ocrx_word' id='word_1_73' title='bbox 819 1418 879 1462; x_wconf 92' lang='lat' dir='ltr'><strong>nou</strong></span> <span class='ocrx_word' id='word_1_74' title='bbox 901 1400 1061 1475; x_wconf 71' lang='lat' dir='ltr'><strong>intellexit,</strong></span> <span class='ocrx_word' id='word_1_75' title='bbox 1097 1403 1180 1466; x_wconf 75' lang='lat' dir='ltr'><strong>¹⁷nee</strong></span> <span class='ocrx_word' id='word_1_76' title='bbox 1200 1405 1389 1470; x_wconf 78' lang='lat' dir='ltr'><strong>nationibus:</strong></span> 
     </span>
    </p>

    <p class='ocr_par' dir='ltr' id='par_1_4' title="bbox 174 1489 1529 2692">
     <span class='ocr_line' id='line_1_9' title="bbox 224 1489 1529 1596; baseline 0.007 -35"><span class='ocrx_word' id='word_1_77' title='bbox 224 1497 282 1561; x_wconf 57' lang='grc' dir='ltr'><strong>ὼε</strong></span> <span class='ocrx_word' id='word_1_78' title='bbox 303 1499 388 1562; x_wconf 91' lang='lat' dir='ltr'><strong>enim</strong></span> <span class='ocrx_word' id='word_1_79' title='bbox 411 1518 469 1561; x_wconf 91' lang='lat' dir='ltr'><strong>nec</strong></span> <span class='ocrx_word' id='word_1_80' title='bbox 489 1499 527 1560; x_wconf 85' lang='lat' dir='ltr'><strong>de</strong></span> <span class='ocrx_word' id='word_1_81' title='bbox 549 1500 735 1572; x_wconf 83' lang='lat' dir='ltr'><strong>nationibus,</strong></span> <span class='ocrx_word' id='word_1_82' title='bbox 759 1500 870 1579; x_wconf 85' lang='lat' dir='ltr'><strong>inquit,</strong></span> <span class='ocrx_word' id='word_1_83' title='bbox 894 1520 992 1564; x_wconf 91' lang='lat' dir='ltr'><strong>nemo.</strong></span> <span class='ocrx_word' id='word_1_84' title='bbox 1024 1503 1152 1583; x_wconf 84' lang='lat' dir='ltr'><strong>Propter</strong></span> <span class='ocrx_word' id='word_1_85' title='bbox 1173 1506 1253 1583; x_wconf 85' lang='lat' dir='ltr'><strong>qued</strong></span> <span class='ocrx_word' id='word_1_86' title='bbox 1274 1515 1305 1568; x_wconf 88' lang='lat' dir='ltr'><strong>et</strong></span> <span class='ocrx_word' id='word_1_87' title='bbox 1326 1489 1529 1596; x_wconf 59' lang='lat' dir='ltr'><strong>illaa¹⁸1f;‚¹{,¹&#39;t,⁸,</strong></span> 
     </span>
     <span class='ocr_line' id='line_1_10' title="bbox 223 1599 1389 1684; baseline 0.005 -21"><span class='ocrx_word' id='word_1_88' title='bbox 223 1599 390 1663; x_wconf 71' lang='lat' dir='ltr'><strong>untedium</strong></span> <span class='ocrx_word' id='word_1_89' title='bbox 413 1600 521 1662; x_wconf 85' lang='lat' dir='ltr'><strong>situlae</strong></span> <span class='ocrx_word' id='word_1_90' title='bbox 543 1600 708 1679; x_wconf 85' lang='lat' dir='ltr'><strong>deputavit,</strong></span> <span class='ocrx_word' id='word_1_91' title='bbox 731 1610 762 1662; x_wconf 86' lang='lat' dir='ltr'><strong>et</strong></span> <span class='ocrx_word' id='word_1_92' title='bbox 776 1602 899 1664; x_wconf 86' lang='lat' dir='ltr'>Sionem</span> <span class='ocrx_word' id='word_1_93' title='bbox 922 1611 1059 1682; x_wconf 87' lang='lat' dir='ltr'><strong>tauquam</strong></span> <span class='ocrx_word' id='word_1_94' title='bbox 1081 1605 1230 1684; x_wconf 85' lang='lat' dir='ltr'><strong>apeculam</strong></span> <span class='ocrx_word' id='word_1_95' title='bbox 1252 1605 1283 1668; x_wconf 92' lang='lat' dir='ltr'><strong>in</strong></span> <span class='ocrx_word' id='word_1_96' title='bbox 1304 1607 1389 1669; x_wconf 87' lang='lat' dir='ltr'><strong>vineo</strong></span> 
     </span>
     <span class='ocr_line' id='line_1_11' title="bbox 222 1699 1389 1787; baseline 0.004 -23"><span class='ocrx_word' id='word_1_97' title='bbox 222 1699 377 1782; x_wconf 73' lang='lat' dir='ltr'><strong>leeliquit.</strong></span> <span class='ocrx_word' id='word_1_98' title='bbox 412 1701 486 1764; x_wconf 85' lang='lat' dir='ltr'><strong>Vide</strong></span> <span class='ocrx_word' id='word_1_99' title='bbox 507 1719 578 1780; x_wconf 79' lang='lat' dir='ltr'><strong>ergo</strong></span> <span class='ocrx_word' id='word_1_100' title='bbox 601 1719 638 1761; x_wconf 87' lang='lat' dir='ltr'><strong>an</strong></span> <span class='ocrx_word' id='word_1_101' title='bbox 660 1702 846 1764; x_wconf 84' lang='lat' dir='ltr'><strong>confirmatio</strong></span> <span class='ocrx_word' id='word_1_102' title='bbox 870 1703 910 1764; x_wconf 89' lang='lat' dir='ltr'><strong>sit</strong></span> <span class='ocrx_word' id='word_1_103' title='bbox 930 1704 1123 1783; x_wconf 78' lang='lat' dir='ltr'><strong>propheticae</strong></span> <span class='ocrx_word' id='word_1_104' title='bbox 1145 1705 1166 1738; x_wconf 84' lang='lat'><strong>¹⁸</strong></span> <span class='ocrx_word' id='word_1_105' title='bbox 1175 1705 1255 1768; x_wconf 82' lang='lat' dir='ltr'><strong>vecie</strong></span> <span class='ocrx_word' id='word_1_106' title='bbox 1278 1726 1389 1787; x_wconf 83' lang='lat' dir='ltr'><strong>expro-</strong></span> 
     </span>
     <span class='ocr_line' id='line_1_12' title="bbox 220 1799 1398 1888; baseline 0.005 -25"><span class='ocrx_word' id='word_1_107' title='bbox 220 1799 320 1864; x_wconf 85' lang='lat' dir='ltr'><strong>lrantie</strong></span> <span class='ocrx_word' id='word_1_108' title='bbox 343 1803 545 1883; x_wconf 79' lang='lat' dir='ltr'><strong>ignerantiam</strong></span> <span class='ocrx_word' id='word_1_109' title='bbox 566 1804 596 1864; x_wconf 91' lang='lat' dir='ltr'><strong>in</strong></span> <span class='ocrx_word' id='word_1_110' title='bbox 619 1803 707 1864; x_wconf 89' lang='lat' dir='ltr'><strong>deum</strong></span> <span class='ocrx_word' id='word_1_111' title='bbox 729 1802 903 1877; x_wconf 88' lang='lat' dir='ltr'><strong>humanam,</strong></span> <span class='ocrx_word' id='word_1_112' title='bbox 927 1822 1003 1884; x_wconf 85' lang='lat' dir='ltr'><strong>queo</strong></span> <span class='ocrx_word' id='word_1_113' title='bbox 1018 1805 1106 1866; x_wconf 90' lang='lat' dir='ltr'><strong>luerit</strong></span> <span class='ocrx_word' id='word_1_114' title='bbox 1124 1805 1160 1866; x_wconf 91' lang='lat' dir='ltr'><strong>ad</strong></span> <span class='ocrx_word' id='word_1_115' title='bbox 1175 1804 1268 1868; x_wconf 90' lang='lat' dir='ltr'><strong>lilium</strong></span> <span class='ocrx_word' id='word_1_116' title='bbox 1284 1825 1398 1888; x_wconf 47' lang='lat' dir='ltr'><strong>neque,</strong></span> 
     </span>
     <span class='ocr_line' id='line_1_13' title="bbox 218 1901 1388 1985; baseline 0.003 -21"><span class='ocrx_word' id='word_1_117' title='bbox 218 1901 278 1965; x_wconf 82' lang='lat' dir='ltr'><strong>llam</strong></span> <span class='ocrx_word' id='word_1_118' title='bbox 301 1913 334 1966; x_wconf 86' lang='lat' dir='ltr'><strong>et</strong></span> <span class='ocrx_word' id='word_1_119' title='bbox 356 1903 428 1966; x_wconf 91' lang='lat' dir='ltr'><strong>ideo</strong></span> <span class='ocrx_word' id='word_1_120' title='bbox 451 1903 602 1965; x_wconf 74' lang='lat' dir='ltr'><strong>subtexuit</strong></span> <span class='ocrx_word' id='word_1_121' title='bbox 623 1903 660 1964; x_wconf 89' lang='lat' dir='ltr'><strong>ab</strong></span> <span class='ocrx_word' id='word_1_122' title='bbox 682 1922 718 1964; x_wconf 89' lang='lat' dir='ltr'><strong>eo</strong></span> <span class='ocrx_word' id='word_1_123' title='bbox 742 1905 882 1983; x_wconf 82' lang='lat' dir='ltr'><strong>cognosci</strong></span> <span class='ocrx_word' id='word_1_124' title='bbox 904 1914 1019 1985; x_wconf 82' lang='lat' dir='ltr'><strong>patrem</strong></span> <span class='ocrx_word' id='word_1_125' title='bbox 1042 1904 1089 1967; x_wconf 92' lang='lat' dir='ltr'><strong>cui</strong></span> <span class='ocrx_word' id='word_1_126' title='bbox 1110 1905 1189 1967; x_wconf 87' lang='lat' dir='ltr'><strong>liliue</strong></span> <span class='ocrx_word' id='word_1_127' title='bbox 1205 1905 1388 1980; x_wconf 83' lang='lat' dir='ltr'><strong>revelaverit,</strong></span> 
     </span>
     <span class='ocr_line' id='line_1_14' title="bbox 174 2003 1388 2085; baseline 0.001 -17"><span class='ocrx_word' id='word_1_128' title='bbox 174 2039 176 2068; x_wconf 64' lang='lat' dir='ltr'><strong>v</strong></span> <span class='ocrx_word' id='word_1_129' title='bbox 218 2005 348 2084; x_wconf 72' lang='lat' dir='ltr'><strong>poariam</strong></span> <span class='ocrx_word' id='word_1_130' title='bbox 371 2003 442 2085; x_wconf 82' lang='lat' dir='ltr'><strong>ipse</strong></span> <span class='ocrx_word' id='word_1_131' title='bbox 464 2014 527 2066; x_wconf 90' lang='lat' dir='ltr'><strong>erat</strong></span> <span class='ocrx_word' id='word_1_132' title='bbox 548 2004 599 2084; x_wconf 90' lang='lat' dir='ltr'><strong>qui</strong></span> <span class='ocrx_word' id='word_1_133' title='bbox 621 2004 736 2084; x_wconf 88' lang='lat' dir='ltr'><strong>positus</strong></span> <span class='ocrx_word' id='word_1_134' title='bbox 759 2024 774 2065; x_wconf 89' lang='lat' dir='ltr'><strong>a</strong></span> <span class='ocrx_word' id='word_1_135' title='bbox 797 2015 882 2084; x_wconf 86' lang='lat' dir='ltr'><strong>petre</strong></span> <span class='ocrx_word' id='word_1_136' title='bbox 904 2005 1079 2068; x_wconf 88' lang='lat' dir='ltr'><strong>illuminatio</strong></span> <span class='ocrx_word' id='word_1_137' title='bbox 1101 2006 1255 2068; x_wconf 84' lang='lat' dir='ltr'><strong>nationum</strong></span> <span class='ocrx_word' id='word_1_138' title='bbox 1270 2025 1388 2069; x_wconf 84' lang='lat' dir='ltr'><strong>annun-</strong></span> 
     </span>
     <span class='ocr_line' id='line_1_15' title="bbox 216 2105 1389 2188; baseline -0.001 -18"><span class='ocrx_word' id='word_1_139' title='bbox 216 2105 353 2180; x_wconf 71' lang='lat' dir='ltr'><strong>n&#39;ahatur,</strong></span> <span class='ocrx_word' id='word_1_140' title='bbox 378 2106 483 2185; x_wconf 84' lang='lat' dir='ltr'><strong>utique</strong></span> <span class='ocrx_word' id='word_1_141' title='bbox 504 2106 542 2169; x_wconf 90' lang='lat' dir='ltr'><strong>dc</strong></span> <span class='ocrx_word' id='word_1_142' title='bbox 563 2106 620 2167; x_wconf 91' lang='lat' dir='ltr'><strong>deo</strong></span> <span class='ocrx_word' id='word_1_143' title='bbox 644 2105 919 2181; x_wconf 88' lang='lat' dir='ltr'><strong>illuminandarum,</strong></span> <span class='ocrx_word' id='word_1_144' title='bbox 943 2108 1031 2169; x_wconf 87' lang='lat' dir='ltr'><strong>etiam</strong></span> <span class='ocrx_word' id='word_1_145' title='bbox 1047 2107 1189 2180; x_wconf 76' lang='lat' dir='ltr'><strong>leroelie,</strong></span> <span class='ocrx_word' id='word_1_146' title='bbox 1212 2108 1313 2187; x_wconf 87' lang='lat' dir='ltr'><strong>utique</strong></span> <span class='ocrx_word' id='word_1_147' title='bbox 1334 2126 1389 2188; x_wconf 88' lang='lat' dir='ltr'><strong>per</strong></span> 
     </span>
     <span class='ocr_line' id='line_1_16' title="bbox 217 2205 1389 2287; baseline 0.001 -18"><span class='ocrx_word' id='word_1_148' title='bbox 217 2208 392 2287; x_wconf 66' lang='lat' dir='ltr'><strong>agnitionem</strong></span> <span class='ocrx_word' id='word_1_149' title='bbox 414 2206 463 2268; x_wconf 91' lang='lat' dir='ltr'><strong>dei</strong></span> <span class='ocrx_word' id='word_1_150' title='bbox 485 2205 659 2285; x_wconf 83' lang='lat' dir='ltr'><strong>pleniorem.</strong></span> <span class='ocrx_word' id='word_1_151' title='bbox 699 2207 742 2268; x_wconf 91' lang='lat' dir='ltr'><strong>lta</strong></span> <span class='ocrx_word' id='word_1_152' title='bbox 764 2226 826 2268; x_wconf 93' lang='lat' dir='ltr'><strong>non</strong></span> <span class='ocrx_word' id='word_1_153' title='bbox 850 2207 1033 2287; x_wconf 71' lang='lat' dir='ltr'><strong>¹⁹proficient</strong></span> <span class='ocrx_word' id='word_1_154' title='bbox 1053 2216 1225 2287; x_wconf 78' lang='lat' dir='ltr'><strong>argumenta</strong></span> <span class='ocrx_word' id='word_1_155' title='bbox 1247 2208 1279 2270; x_wconf 88' lang='lat' dir='ltr'><strong>in</strong></span> <span class='ocrx_word' id='word_1_156' title='bbox 1299 2208 1389 2270; x_wconf 88' lang='lat' dir='ltr'><strong>lldevn</strong></span> 
     </span>
     <span class='ocr_line' id='line_1_17' title="bbox 214 2303 1484 2387; baseline 0 -16"><span class='ocrx_word' id='word_1_157' title='bbox 214 2309 257 2371; x_wconf 85' lang='lat' dir='ltr'><strong>vlei</strong></span> <span class='ocrx_word' id='word_1_158' title='bbox 276 2307 402 2370; x_wconf 86' lang='lat' dir='ltr'><strong>alteriue</strong></span> <span class='ocrx_word' id='word_1_159' title='bbox 425 2326 502 2387; x_wconf 89' lang='lat' dir='ltr'><strong>quae</strong></span> <span class='ocrx_word' id='word_1_160' title='bbox 524 2308 650 2369; x_wconf 80' lang='lat' dir='ltr'><strong>creatori</strong></span> <span class='ocrx_word' id='word_1_161' title='bbox 671 2320 840 2387; x_wconf 86' lang='lat' dir='ltr'><strong>competere</strong></span> <span class='ocrx_word' id='word_1_162' title='bbox 861 2317 1005 2387; x_wconf 81' lang='lat' dir='ltr'><strong>possunt,</strong></span> <span class='ocrx_word' id='word_1_163' title='bbox 1031 2308 1100 2387; x_wconf 88' lang='lat' dir='ltr'><strong>quia</strong></span> <span class='ocrx_word' id='word_1_164' title='bbox 1121 2326 1197 2387; x_wconf 82' lang='lat' dir='ltr'><strong>quae</strong></span> <span class='ocrx_word' id='word_1_165' title='bbox 1218 2325 1281 2372; x_wconf 89' lang='lat' dir='ltr'><strong>non</strong></span> <span class='ocrx_word' id='word_1_166' title='bbox 1302 2327 1387 2371; x_wconf 90' lang='lat' dir='ltr'><strong>com·</strong></span> <span class='ocrx_word' id='word_1_167' title='bbox 1481 2303 1484 2308; x_wconf 66' lang='grc'><em>’</em></span> 
     </span>
     <span class='ocr_line' id='line_1_18' title="bbox 214 2407 1388 2490; baseline 0 -18"><span class='ocrx_word' id='word_1_168' title='bbox 214 2419 310 2490; x_wconf 63' lang='lat' dir='ltr'><strong>punit</strong></span> <span class='ocrx_word' id='word_1_169' title='bbox 332 2407 482 2480; x_wconf 79' lang='lat' dir='ltr'><strong>creatori,</strong></span> <span class='ocrx_word' id='word_1_170' title='bbox 515 2408 588 2471; x_wconf 76' lang='lat' dir='ltr'><strong>llaec</strong></span> <span class='ocrx_word' id='word_1_171' title='bbox 608 2416 749 2488; x_wconf 89' lang='lat' dir='ltr'><strong>poterunt</strong></span> <span class='ocrx_word' id='word_1_172' title='bbox 769 2409 800 2472; x_wconf 91' lang='lat' dir='ltr'><strong>in</strong></span> <span class='ocrx_word' id='word_1_173' title='bbox 824 2409 910 2470; x_wconf 87' lang='lat' dir='ltr'><strong>fidem</strong></span> <span class='ocrx_word' id='word_1_174' title='bbox 932 2409 1077 2488; x_wconf 77' lang='lat' dir='ltr'><strong>prolicere</strong></span> <span class='ocrx_word' id='word_1_175' title='bbox 1106 2407 1153 2468; x_wconf 92' lang='lat' dir='ltr'><strong>dei</strong></span> <span class='ocrx_word' id='word_1_176' title='bbox 1181 2408 1312 2472; x_wconf 83' lang='lat' dir='ltr'><strong>alteriue.</strong></span> <span class='ocrx_word' id='word_1_177' title='bbox 1355 2409 1388 2472; x_wconf 88' lang='lat' dir='ltr'><strong>Si</strong></span> 
     </span>
     <span class='ocr_line' id='line_1_19' title="bbox 215 2493 1491 2590; baseline 0 -19"><span class='ocrx_word' id='word_1_178' title='bbox 215 2519 242 2571; x_wconf 88' lang='lat' dir='ltr'><strong>et</strong></span> <span class='ocrx_word' id='word_1_179' title='bbox 254 2510 408 2590; x_wconf 75' lang='lat' dir='ltr'><strong>sequentia</strong></span> <span class='ocrx_word' id='word_1_180' title='bbox 431 2509 583 2589; x_wconf 76' lang='lat' dir='ltr'><strong>inspicias,</strong></span> <span class='ocrx_word' id='word_1_181' title='bbox 604 2509 686 2571; x_wconf 87' lang='lat' dir='ltr'><strong>Beati</strong></span> <span class='ocrx_word' id='word_1_182' title='bbox 700 2508 788 2582; x_wconf 80' lang='lat' dir='ltr'><strong>occuli,</strong></span> <span class='ocrx_word' id='word_1_183' title='bbox 811 2509 861 2587; x_wconf 90' lang='lat' dir='ltr'><strong>qui</strong></span> <span class='ocrx_word' id='word_1_184' title='bbox 877 2508 976 2570; x_wconf 89' lang='lat' dir='ltr'><strong>vident</strong></span> <span class='ocrx_word' id='word_1_185' title='bbox 990 2528 1066 2588; x_wconf 89' lang='lat' dir='ltr'><strong>quae</strong></span> <span class='ocrx_word' id='word_1_186' title='bbox 1081 2508 1204 2570; x_wconf 87' lang='lat' dir='ltr'><strong>videtis:</strong></span> <span class='ocrx_word' id='word_1_187' title='bbox 1227 2509 1294 2571; x_wconf 93' lang='lat' dir='ltr'><strong>dico</strong></span> <span class='ocrx_word' id='word_1_188' title='bbox 1309 2511 1389 2572; x_wconf 88' lang='lat' dir='ltr'><strong>enim</strong></span> <span class='ocrx_word' id='word_1_189' title='bbox 1404 2493 1491 2588; x_wconf 54' lang='lat' dir='ltr'><strong>Q}</strong></span> 
     </span>
     <span class='ocr_line' id='line_1_20' title="bbox 215 2609 1388 2692; baseline 0 -19"><span class='ocrx_word' id='word_1_190' title='bbox 215 2609 307 2686; x_wconf 78' lang='lat' dir='ltr'><strong>mbie,</strong></span> <span class='ocrx_word' id='word_1_191' title='bbox 330 2611 400 2692; x_wconf 83' lang='lat' dir='ltr'><strong>quia</strong></span> <span class='ocrx_word' id='word_1_192' title='bbox 422 2610 587 2691; x_wconf 89' lang='lat' dir='ltr'><strong>prophetae</strong></span> <span class='ocrx_word' id='word_1_193' title='bbox 609 2628 669 2671; x_wconf 92' lang='lat' dir='ltr'><strong>non</strong></span> <span class='ocrx_word' id='word_1_194' title='bbox 691 2609 830 2671; x_wconf 89' lang='lat' dir='ltr'><strong>viderunt</strong></span> <span class='ocrx_word' id='word_1_195' title='bbox 851 2627 925 2687; x_wconf 84' lang='lat' dir='ltr'><strong>quae</strong></span> <span class='ocrx_word' id='word_1_196' title='bbox 948 2628 1000 2671; x_wconf 84' lang='lat' dir='ltr'><strong>voe</strong></span> <span class='ocrx_word' id='word_1_197' title='bbox 1022 2609 1146 2684; x_wconf 89' lang='lat' dir='ltr'><strong>videtie,</strong></span> <span class='ocrx_word' id='word_1_198' title='bbox 1180 2609 1217 2672; x_wconf 88' lang='lat' dir='ltr'><strong>de</strong></span> <span class='ocrx_word' id='word_1_199' title='bbox 1239 2610 1388 2691; x_wconf 76' lang='lat' dir='ltr'><strong>superiori</strong></span> 
     </span>
    </p>

    <p class='ocr_par' dir='ltr' id='par_1_5' title="bbox 217 2710 1387 2990">
     <span class='ocr_line' id='line_1_21' title="bbox 217 2710 1385 2790; baseline 0 -16"><span class='ocrx_word' id='word_1_200' title='bbox 217 2729 301 2774; x_wconf 70' lang='lat' dir='ltr'><strong>enan</strong></span> <span class='ocrx_word' id='word_1_201' title='bbox 328 2710 531 2789; x_wconf 78' lang='lat' dir='ltr'><strong>descendunt,</strong></span> <span class='ocrx_word' id='word_1_202' title='bbox 564 2710 638 2770; x_wconf 92' lang='lat' dir='ltr'><strong>adeo</strong></span> <span class='ocrx_word' id='word_1_203' title='bbox 672 2710 838 2782; x_wconf 90' lang='lat' dir='ltr'><strong>neminem,</strong></span> <span class='ocrx_word' id='word_1_204' title='bbox 873 2719 905 2768; x_wconf 92' lang='lat' dir='ltr'><strong>ut</strong></span> <span class='ocrx_word' id='word_1_205' title='bbox 932 2710 1044 2783; x_wconf 86' lang='lat' dir='ltr'><strong>decuit,</strong></span> <span class='ocrx_word' id='word_1_206' title='bbox 1082 2710 1170 2772; x_wconf 88' lang='lat' dir='ltr'><strong>deum</strong></span> <span class='ocrx_word' id='word_1_207' title='bbox 1198 2711 1385 2790; x_wconf 73' lang='lat' dir='ltr'><strong>cognovisse,</strong></span> 
     </span>
     <span class='ocr_line' id='line_1_22' title="bbox 217 2808 1387 2893; baseline -0.002 -19"><span class='ocrx_word' id='word_1_208' title='bbox 217 2813 328 2893; x_wconf 65' lang='lat' dir='ltr'><strong>pto</strong></span> <span class='ocrx_word' id='word_1_209' title='bbox 349 2830 407 2874; x_wconf 85' lang='lat' dir='ltr'><strong>uec</strong></span> <span class='ocrx_word' id='word_1_210' title='bbox 428 2810 593 2892; x_wconf 90' lang='lat' dir='ltr'><strong>prophetae</strong></span> <span class='ocrx_word' id='word_1_211' title='bbox 614 2809 760 2872; x_wconf 83' lang='lat' dir='ltr'><strong>vidissent</strong></span> <span class='ocrx_word' id='word_1_212' title='bbox 782 2827 858 2889; x_wconf 90' lang='lat' dir='ltr'><strong>quae</strong></span> <span class='ocrx_word' id='word_1_213' title='bbox 881 2808 936 2870; x_wconf 87' lang='lat' dir='ltr'><strong>sub</strong></span> <span class='ocrx_word' id='word_1_214' title='bbox 958 2810 1079 2872; x_wconf 81' lang='lat' dir='ltr'><strong>Christo</strong></span> <span class='ocrx_word' id='word_1_215' title='bbox 1101 2810 1284 2874; x_wconf 86' lang='lat' dir='ltr'><strong>videbantur.</strong></span> <span class='ocrx_word' id='word_1_216' title='bbox 1312 2812 1387 2873; x_wconf 87' lang='lat' dir='ltr'><strong>Nam</strong></span> 
     </span>
     <span class='ocr_line' id='line_1_23' title="bbox 218 2911 1385 2990; baseline 0 -15"><span class='ocrx_word' id='word_1_217' title='bbox 218 2913 319 2976; x_wconf 69' lang='lat' dir='ltr'><strong>inec</strong></span> <span class='ocrx_word' id='word_1_218' title='bbox 339 2933 424 2976; x_wconf 87' lang='lat' dir='ltr'><strong>meue</strong></span> <span class='ocrx_word' id='word_1_219' title='bbox 450 2923 532 2974; x_wconf 83' lang='lat' dir='ltr'><strong>eeset</strong></span> <span class='ocrx_word' id='word_1_220' title='bbox 549 2912 700 2983; x_wconf 80' lang='lat' dir='ltr'><strong>Christus,</strong></span> <span class='ocrx_word' id='word_1_221' title='bbox 722 2929 778 2971; x_wconf 92' lang='lat' dir='ltr'><strong>uec</strong></span> <span class='ocrx_word' id='word_1_222' title='bbox 798 2911 1012 2990; x_wconf 82' lang='lat' dir='ltr'><strong>prophetarum</strong></span> <span class='ocrx_word' id='word_1_223' title='bbox 1033 2913 1092 2973; x_wconf 85' lang='lat' dir='ltr'><strong>laoc</strong></span> <span class='ocrx_word' id='word_1_224' title='bbox 1112 2912 1143 2973; x_wconf 90' lang='lat' dir='ltr'><strong>in</strong></span> <span class='ocrx_word' id='word_1_225' title='bbox 1164 2912 1230 2974; x_wconf 89' lang='lat' dir='ltr'><strong>loco</strong></span> <span class='ocrx_word' id='word_1_226' title='bbox 1252 2914 1385 2975; x_wconf 87' lang='lat' dir='ltr'><strong>mentio-</strong></span> 
     </span>
    </p>

    <p class='ocr_par' dir='ltr' id='par_1_6' title="bbox 221 3011 1430 3093">
     <span class='ocr_line' id='line_1_24' title="bbox 221 3011 1430 3093; baseline -0.002 -16"><span class='ocrx_word' id='word_1_227' title='bbox 221 3032 282 3076; x_wconf 74' lang='grc' dir='ltr'><strong>ιιι</strong></span> <span class='ocrx_word' id='word_1_228' title='bbox 302 3015 487 3077; x_wconf 81' lang='lat' dir='ltr'><strong>collocasset.</strong></span> <span class='ocrx_word' id='word_1_229' title='bbox 523 3011 600 3084; x_wconf 82' lang='lat' dir='ltr'><strong>Quid</strong></span> <span class='ocrx_word' id='word_1_230' title='bbox 623 3013 702 3072; x_wconf 90' lang='lat' dir='ltr'><strong>euim</strong></span> <span class='ocrx_word' id='word_1_231' title='bbox 723 3012 832 3073; x_wconf 90' lang='lat' dir='ltr'><strong>mirum</strong></span> <span class='ocrx_word' id='word_1_232' title='bbox 855 3012 880 3072; x_wconf 87' lang='lat' dir='ltr'><strong>ei</strong></span> <span class='ocrx_word' id='word_1_233' title='bbox 902 3030 962 3072; x_wconf 89' lang='lat' dir='ltr'><strong>uon</strong></span> <span class='ocrx_word' id='word_1_234' title='bbox 984 3012 1118 3075; x_wconf 83' lang='lat' dir='ltr'><strong>videraut</strong></span> <span class='ocrx_word' id='word_1_235' title='bbox 1138 3031 1187 3075; x_wconf 86' lang='lat' dir='ltr'><strong>res</strong></span> <span class='ocrx_word' id='word_1_236' title='bbox 1210 3014 1258 3075; x_wconf 89' lang='lat' dir='ltr'><strong>dei</strong></span> <span class='ocrx_word' id='word_1_237' title='bbox 1279 3015 1384 3093; x_wconf 79' lang='lat' dir='ltr'><strong>ignoti,</strong></span> <span class='ocrx_word' id='word_1_238' title='bbox 1427 3015 1430 3018; x_wconf 81' lang='grc'><strong>’</strong></span> 
     </span>
    </p>

    <p class='ocr_par' dir='ltr' id='par_1_7' title="bbox 224 3111 1384 3196">
     <span class='ocr_line' id='line_1_25' title="bbox 224 3111 1384 3196; baseline -0.001 -20"><span class='ocrx_word' id='word_1_239' title='bbox 224 3124 251 3176; x_wconf 84' lang='lat' dir='ltr'><strong>ct</strong></span> <span class='ocrx_word' id='word_1_240' title='bbox 268 3126 344 3178; x_wconf 81' lang='lat' dir='ltr'><strong>nuto</strong></span> <span class='ocrx_word' id='word_1_241' title='bbox 366 3124 437 3196; x_wconf 86' lang='lat' dir='ltr'><strong>post</strong></span> <span class='ocrx_word' id='word_1_242' title='bbox 465 3132 537 3175; x_wconf 89' lang='lat' dir='ltr'><strong>aevo</strong></span> <span class='ocrx_word' id='word_1_243' title='bbox 565 3111 710 3173; x_wconf 81' lang='lat' dir='ltr'><strong>revelati?</strong></span> <span class='ocrx_word' id='word_1_244' title='bbox 755 3113 838 3185; x_wconf 77' lang='lat' dir='ltr'><strong>Quae</strong></span> <span class='ocrx_word' id='word_1_245' title='bbox 865 3119 962 3173; x_wconf 86' lang='lat' dir='ltr'><strong>autem</strong></span> <span class='ocrx_word' id='word_1_246' title='bbox 985 3113 1092 3193; x_wconf 79' lang='lat' dir='ltr'><strong>luisset</strong></span> <span class='ocrx_word' id='word_1_247' title='bbox 1113 3113 1238 3176; x_wconf 79' lang='lat' dir='ltr'><strong>felicitas</strong></span> <span class='ocrx_word' id='word_1_248' title='bbox 1268 3134 1384 3184; x_wconf 85' lang='lat' dir='ltr'><strong>eorum,</strong></span> 
     </span>
    </p>

    <p class='ocr_par' dir='ltr' id='par_1_8' title="bbox 225 3213 1386 3699">
     <span class='ocr_line' id='line_1_26' title="bbox 225 3213 1386 3295; baseline -0.002 -16"><span class='ocrx_word' id='word_1_249' title='bbox 225 3216 268 3295; x_wconf 61' lang='grc' dir='ltr'><strong>μ’</strong></span> <span class='ocrx_word' id='word_1_250' title='bbox 285 3228 353 3279; x_wconf 84' lang='lat' dir='ltr'><strong>tunc</strong></span> <span class='ocrx_word' id='word_1_251' title='bbox 372 3216 513 3278; x_wconf 86' lang='lat' dir='ltr'><strong>videbant</strong></span> <span class='ocrx_word' id='word_1_252' title='bbox 534 3233 608 3293; x_wconf 85' lang='lat' dir='ltr'><strong>quae</strong></span> <span class='ocrx_word' id='word_1_253' title='bbox 631 3214 679 3274; x_wconf 90' lang='lat' dir='ltr'><strong>alii</strong></span> <span class='ocrx_word' id='word_1_254' title='bbox 702 3215 808 3275; x_wconf 88' lang='lat' dir='ltr'><strong>merito</strong></span> <span class='ocrx_word' id='word_1_255' title='bbox 832 3213 943 3275; x_wconf 79' lang='lat' dir='ltr'><strong>vidisse</strong></span> <span class='ocrx_word' id='word_1_256' title='bbox 958 3232 1018 3274; x_wconf 92' lang='lat' dir='ltr'><strong>non</strong></span> <span class='ocrx_word' id='word_1_257' title='bbox 1034 3223 1172 3292; x_wconf 89' lang='lat' dir='ltr'><strong>poterant</strong></span> <span class='ocrx_word' id='word_1_258' title='bbox 1184 3215 1210 3274; x_wconf 89' lang='lat' dir='ltr'><strong>ei</strong></span> <span class='ocrx_word' id='word_1_259' title='bbox 1226 3234 1286 3277; x_wconf 91' lang='lat' dir='ltr'><strong>non</strong></span> <span class='ocrx_word' id='word_1_260' title='bbox 1302 3225 1386 3277; x_wconf 87' lang='lat' dir='ltr'><strong>eraut</strong></span> 
     </span>
     <span class='ocr_line' id='line_1_27' title="bbox 227 3315 1386 3397; baseline -0.002 -18"><span class='ocrx_word' id='word_1_261' title='bbox 227 3319 362 3379; x_wconf 72' lang='lat' dir='ltr'><strong>meruti</strong></span> <span class='ocrx_word' id='word_1_262' title='bbox 384 3315 688 3397; x_wconf 84' lang='lat' dir='ltr'><strong>repraesentationem</strong></span> <span class='ocrx_word' id='word_1_263' title='bbox 709 3333 813 3375; x_wconf 88' lang='lat' dir='ltr'><strong>eorum</strong></span> <span class='ocrx_word' id='word_1_264' title='bbox 829 3333 904 3394; x_wconf 89' lang='lat' dir='ltr'><strong>quae</strong></span> <span class='ocrx_word' id='word_1_265' title='bbox 920 3332 1068 3393; x_wconf 89' lang='lat' dir='ltr'><strong>uunquam</strong></span> <span class='ocrx_word' id='word_1_266' title='bbox 1083 3316 1303 3394; x_wconf 82' lang='lat' dir='ltr'><strong>praedicarant,</strong></span> <span class='ocrx_word' id='word_1_267' title='bbox 1326 3315 1386 3377; x_wconf 88' lang='lat' dir='ltr'><strong>nisi</strong></span> 
     </span>
     <span class='ocr_line' id='line_1_28' title="bbox 229 3414 1385 3498; baseline -0.003 -18"><span class='ocrx_word' id='word_1_268' title='bbox 229 3414 380 3496; x_wconf 74' lang='lat' dir='ltr'><strong>&#39;quomam</strong></span> <span class='ocrx_word' id='word_1_269' title='bbox 394 3419 445 3498; x_wconf 87' lang='lat' dir='ltr'><strong>qui</strong></span> <span class='ocrx_word' id='word_1_270' title='bbox 460 3426 599 3497; x_wconf 90' lang='lat' dir='ltr'><strong>poterant</strong></span> <span class='ocrx_word' id='word_1_271' title='bbox 614 3416 722 3478; x_wconf 80' lang='lat' dir='ltr'><strong>vidisse</strong></span> <span class='ocrx_word' id='word_1_272' title='bbox 737 3435 830 3494; x_wconf 87' lang='lat' dir='ltr'><strong>aeque</strong></span> <span class='ocrx_word' id='word_1_273' title='bbox 845 3415 892 3475; x_wconf 90' lang='lat' dir='ltr'><strong>dei</strong></span> <span class='ocrx_word' id='word_1_274' title='bbox 909 3415 956 3477; x_wconf 90' lang='lat' dir='ltr'><strong>sui</strong></span> <span class='ocrx_word' id='word_1_275' title='bbox 976 3433 1044 3486; x_wconf 90' lang='lat' dir='ltr'><strong>ree,</strong></span> <span class='ocrx_word' id='word_1_276' title='bbox 1067 3434 1140 3493; x_wconf 83' lang='lat' dir='ltr'><strong>quae</strong></span> <span class='ocrx_word' id='word_1_277' title='bbox 1163 3415 1250 3476; x_wconf 91' lang='lat' dir='ltr'><strong>etiam</strong></span> <span class='ocrx_word' id='word_1_278' title='bbox 1266 3414 1385 3493; x_wconf 88' lang='lat' dir='ltr'><strong>praedi·</strong></span> 
     </span>
     <span class='ocr_line' id='line_1_29' title="bbox 232 3514 1383 3594; baseline 0 -17"><span class='ocrx_word' id='word_1_279' title='bbox 232 3530 364 3590; x_wconf 74' lang='lat' dir='ltr'><strong>nvennt,</strong></span> <span class='ocrx_word' id='word_1_280' title='bbox 387 3538 449 3581; x_wconf 91' lang='lat' dir='ltr'><strong>nou</strong></span> <span class='ocrx_word' id='word_1_281' title='bbox 472 3527 570 3581; x_wconf 78' lang='lat' dir='ltr'><strong>tamm</strong></span> <span class='ocrx_word' id='word_1_282' title='bbox 585 3514 743 3578; x_wconf 80' lang='lat' dir='ltr'><strong>viderant?</strong></span> <span class='ocrx_word' id='word_1_283' title='bbox 756 3542 759 3550; x_wconf 97' lang='lat'><em>·</em></span> <span class='ocrx_word' id='word_1_284' title='bbox 770 3517 851 3577; x_wconf 87' lang='lat' dir='ltr'><strong>llaec</strong></span> <span class='ocrx_word' id='word_1_285' title='bbox 864 3523 963 3577; x_wconf 88' lang='lat' dir='ltr'><strong>autern</strong></span> <span class='ocrx_word' id='word_1_286' title='bbox 978 3515 1103 3577; x_wconf 84' lang='lat' dir='ltr'><strong>felicitae</strong></span> <span class='ocrx_word' id='word_1_287' title='bbox 1119 3514 1177 3575; x_wconf 92' lang='lat' dir='ltr'><strong>erit</strong></span> <span class='ocrx_word' id='word_1_288' title='bbox 1191 3514 1315 3576; x_wconf 89' lang='lat' dir='ltr'><strong>oliorum</strong></span> <span class='ocrx_word' id='word_1_289' title='bbox 1332 3516 1383 3594; x_wconf 88' lang='lat' dir='ltr'><strong>qui</strong></span> 
     </span>
     <span class='ocr_line' id='line_1_30' title="bbox 233 3615 1385 3699; baseline -0.002 -20"><span class='ocrx_word' id='word_1_290' title='bbox 233 3615 351 3680; x_wconf 69' lang='lat' dir='ltr'><strong>meant</strong></span> <span class='ocrx_word' id='word_1_291' title='bbox 370 3620 475 3699; x_wconf 83' lang='lat' dir='ltr'><strong>²¹quae</strong></span> <span class='ocrx_word' id='word_1_292' title='bbox 498 3619 545 3680; x_wconf 89' lang='lat' dir='ltr'><strong>alii</strong></span> <span class='ocrx_word' id='word_1_293' title='bbox 574 3627 686 3679; x_wconf 89' lang='lat' dir='ltr'><strong>tautum</strong></span> <span class='ocrx_word' id='word_1_294' title='bbox 714 3618 965 3698; x_wconf 82' lang='lat' dir='ltr'><strong>praedicaverant.</strong></span> <span class='ocrx_word' id='word_1_295' title='bbox 1020 3615 1153 3694; x_wconf 76' lang='lat' dir='ltr'><strong>lienique</strong></span> <span class='ocrx_word' id='word_1_296' title='bbox 1181 3615 1385 3690; x_wconf 88' lang='lat' dir='ltr'><strong>ostendemus,</strong></span> 
     </span>
    </p>
   </div>
   <div class='ocr_carea' id='block_1_3' title="bbox 236 3767 1387 4308">
    <p class='ocr_par' dir='ltr' id='par_1_9' title="bbox 236 3767 1387 4308">
     <span class='ocr_line' id='line_1_31' title="bbox 237 3767 1385 3836; baseline 0.003 -21"><span class='ocrx_word' id='word_1_297' title='bbox 237 3767 267 3817; x_wconf 84' lang='lat' dir='ltr'><strong>tt</strong></span> <span class='ocrx_word' id='word_1_298' title='bbox 281 3772 322 3820; x_wconf 80' lang='lat' dir='ltr'><strong>rivi</strong></span> <span class='ocrx_word' id='word_1_299' title='bbox 339 3782 407 3836; x_wconf 85' lang='lat' dir='ltr'><strong>pater</strong></span> <span class='ocrx_word' id='word_1_300' title='bbox 424 3781 448 3822; x_wconf 88' lang='lat' dir='ltr'><strong>el</strong></span> <span class='ocrx_word' id='word_1_301' title='bbox 465 3770 601 3834; x_wconf 81' lang='lat' dir='ltr'><strong>cuicunque</strong></span> <span class='ocrx_word' id='word_1_302' title='bbox 626 3773 671 3833; x_wconf 74' lang='lat' dir='ltr'><strong>cd,</strong></span> <span class='ocrx_word' id='word_1_303' title='bbox 692 3772 829 3819; x_wconf 65' lang='lat' dir='ltr'><strong>Fulcinius.</strong></span> <span class='ocrx_word' id='word_1_304' title='bbox 875 3770 921 3818; x_wconf 79' lang='lat' dir='ltr'><strong>nisi</strong></span> <span class='ocrx_word' id='word_1_305' title='bbox 944 3776 1019 3833; x_wconf 86' lang='lat' dir='ltr'><strong>pater.</strong></span> <span class='ocrx_word' id='word_1_306' title='bbox 1052 3782 1123 3818; x_wconf 90' lang='lat' dir='ltr'><strong>nemo</strong></span> <span class='ocrx_word' id='word_1_307' title='bbox 1146 3768 1209 3816; x_wconf 86' lang='lat' dir='ltr'><strong>enirn</strong></span> <span class='ocrx_word' id='word_1_308' title='bbox 1228 3769 1273 3818; x_wconf 80' lang='lat' dir='ltr'><strong>scit</strong></span> <span class='ocrx_word' id='word_1_309' title='bbox 1291 3777 1385 3830; x_wconf 84' lang='lat' dir='ltr'><strong>patrem</strong></span> 
     </span>
     <span class='ocr_line' id='line_1_32' title="bbox 236 3836 1384 3900; baseline 0.002 -15"><span class='ocrx_word' id='word_1_310' title='bbox 236 3836 271 3885; x_wconf 73' lang='lat' dir='ltr'><strong>lii</strong></span> <span class='ocrx_word' id='word_1_311' title='bbox 285 3838 342 3889; x_wconf 77' lang='lat' dir='ltr'><strong>ilius</strong></span> <span class='ocrx_word' id='word_1_312' title='bbox 358 3849 382 3889; x_wconf 85' lang='lat' dir='ltr'><strong>et</strong></span> <span class='ocrx_word' id='word_1_313' title='bbox 399 3841 474 3889; x_wconf 88' lang='lat' dir='ltr'><strong>tilium</strong></span> <span class='ocrx_word' id='word_1_314' title='bbox 495 3841 540 3888; x_wconf 80' lang='lat' dir='ltr'><strong>nisi</strong></span> <span class='ocrx_word' id='word_1_315' title='bbox 559 3848 627 3900; x_wconf 86' lang='lat' dir='ltr'><strong>poter</strong></span> <span class='ocrx_word' id='word_1_316' title='bbox 646 3847 668 3887; x_wconf 89' lang='lat' dir='ltr'><strong>et</strong></span> <span class='ocrx_word' id='word_1_317' title='bbox 686 3839 818 3899; x_wconf 82' lang='lat' dir='ltr'><strong>cuicunque</strong></span> <span class='ocrx_word' id='word_1_318' title='bbox 838 3837 909 3886; x_wconf 77' lang='lat' dir='ltr'><strong>Bdolr.</strong></span> <span class='ocrx_word' id='word_1_319' title='bbox 976 3838 1013 3885; x_wconf 84' lang='lat'><strong>15.</strong></span> <span class='ocrx_word' id='word_1_320' title='bbox 1032 3843 1056 3885; x_wconf 85' lang='lat' dir='ltr'><strong>et</strong></span> <span class='ocrx_word' id='word_1_321' title='bbox 1073 3836 1185 3884; x_wconf 75' lang='lat' dir='ltr'><strong>omnibus</strong></span> <span class='ocrx_word' id='word_1_322' title='bbox 1204 3836 1340 3885; x_wconf 83' lang='lat' dir='ltr'><strong>nationibus</strong></span> <span class='ocrx_word' id='word_1_323' title='bbox 1359 3837 1384 3887; x_wconf 82' lang='lat' dir='ltr'><strong>B.</strong></span> 
     </span>
     <span class='ocr_line' id='line_1_33' title="bbox 238 3902 1384 3965; baseline -0.002 -9"><span class='ocrx_word' id='word_1_324' title='bbox 238 3902 405 3956; x_wconf 60' lang='lat' dir='ltr'><strong>littoralem</strong></span> <span class='ocrx_word' id='word_1_325' title='bbox 423 3908 483 3957; x_wconf 69' lang='grc' dir='ltr'><strong>Βία.</strong></span> <span class='ocrx_word' id='word_1_326' title='bbox 537 3907 576 3955; x_wconf 86' lang='lat' dir='ltr'><strong>l&#39;l.</strong></span> <span class='ocrx_word' id='word_1_327' title='bbox 596 3922 640 3955; x_wconf 86' lang='lat' dir='ltr'><strong>nee</strong></span> <span class='ocrx_word' id='word_1_328' title='bbox 657 3907 726 3964; x_wconf 76' lang='lat' dir='ltr'><strong>[lieet</strong></span> <span class='ocrx_word' id='word_1_329' title='bbox 744 3906 779 3965; x_wconf 80' lang='lat' dir='ltr'><strong>ll.)</strong></span> <span class='ocrx_word' id='word_1_330' title='bbox 798 3904 936 3953; x_wconf 83' lang='lat' dir='ltr'><strong>nationibus</strong></span> <span class='ocrx_word' id='word_1_331' title='bbox 954 3904 1038 3955; x_wconf 77' lang='lat' dir='ltr'><strong>Boleti.</strong></span> <span class='ocrx_word' id='word_1_332' title='bbox 1080 3917 1126 3953; x_wconf 89' lang='lat' dir='ltr'><strong>uec</strong></span> <span class='ocrx_word' id='word_1_333' title='bbox 1149 3905 1259 3953; x_wconf 82' lang='lat' dir='ltr'><strong>notionee</strong></span> <span class='ocrx_word' id='word_1_334' title='bbox 1278 3905 1302 3953; x_wconf 77' lang='lat' dir='ltr'><strong>l).</strong></span> <span class='ocrx_word' id='word_1_335' title='bbox 1345 3902 1384 3954; x_wconf 79' lang='lat' dir='ltr'><strong>te.</strong></span> 
     </span>
     <span class='ocr_line' id='line_1_34' title="bbox 238 3969 1384 4036; baseline -0.001 -15"><span class='ocrx_word' id='word_1_336' title='bbox 238 3972 324 4023; x_wconf 75' lang='lat' dir='ltr'><strong>aeae</strong></span> <span class='ocrx_word' id='word_1_337' title='bbox 356 3977 418 4024; x_wconf 76' lang='lat' dir='ltr'><strong>ceeia</strong></span> <span class='ocrx_word' id='word_1_338' title='bbox 437 3984 462 4024; x_wconf 85' lang='lat' dir='ltr'><strong>et</strong></span> <span class='ocrx_word' id='word_1_339' title='bbox 481 3975 547 4024; x_wconf 76' lang='lat' dir='ltr'><strong>Cede.</strong></span> <span class='ocrx_word' id='word_1_340' title='bbox 583 3974 686 4022; x_wconf 83' lang='lat' dir='ltr'><strong>vativen</strong></span> <span class='ocrx_word' id='word_1_341' title='bbox 704 3974 729 4022; x_wconf 85' lang='lat' dir='ltr'><strong>ll.</strong></span> <span class='ocrx_word' id='word_1_342' title='bbox 784 3972 823 4022; x_wconf 83' lang='lat' dir='ltr'><strong>te.</strong></span> <span class='ocrx_word' id='word_1_343' title='bbox 842 3972 1008 4036; x_wconf 76' lang='lat' dir='ltr'><strong>perlicientll.</strong></span> <span class='ocrx_word' id='word_1_344' title='bbox 1061 3969 1101 4021; x_wconf 82' lang='lat'><strong>20.</strong></span> <span class='ocrx_word' id='word_1_345' title='bbox 1123 3972 1235 4034; x_wconf 79' lang='lat' dir='ltr'><strong>quoniam</strong></span> <span class='ocrx_word' id='word_1_346' title='bbox 1254 3974 1295 4035; x_wconf 82' lang='lat' dir='ltr'><strong>qui</strong></span> <span class='ocrx_word' id='word_1_347' title='bbox 1313 3978 1384 4034; x_wconf 88' lang='lat' dir='ltr'><strong>pote·</strong></span> 
     </span>
     <span class='ocr_line' id='line_1_35' title="bbox 238 4037 1387 4106; baseline 0.001 -19"><span class='ocrx_word' id='word_1_348' title='bbox 238 4041 372 4091; x_wconf 64' lang='lat' dir='ltr'><strong>mvidiae</strong></span> <span class='ocrx_word' id='word_1_349' title='bbox 389 4058 464 4106; x_wconf 85' lang='lat' dir='ltr'><strong>aeque</strong></span> <span class='ocrx_word' id='word_1_350' title='bbox 490 4043 529 4091; x_wconf 82' lang='lat' dir='ltr'><strong>dei</strong></span> <span class='ocrx_word' id='word_1_351' title='bbox 553 4042 590 4090; x_wconf 86' lang='lat' dir='ltr'><strong>eui</strong></span> <span class='ocrx_word' id='word_1_352' title='bbox 616 4056 655 4090; x_wconf 83' lang='lat' dir='ltr'><strong>ree</strong></span> <span class='ocrx_word' id='word_1_353' title='bbox 678 4055 738 4104; x_wconf 83' lang='lat' dir='ltr'><strong>quae</strong></span> <span class='ocrx_word' id='word_1_354' title='bbox 762 4056 811 4102; x_wconf 78' lang='lat' dir='ltr'><strong>epo.</strong></span> <span class='ocrx_word' id='word_1_355' title='bbox 857 4039 970 4103; x_wconf 83' lang='lat' dir='ltr'><strong>quonium</strong></span> <span class='ocrx_word' id='word_1_356' title='bbox 997 4037 1129 4102; x_wconf 81' lang='lat' dir='ltr'><strong>(quomodo</strong></span> <span class='ocrx_word' id='word_1_357' title='bbox 1149 4038 1183 4095; x_wconf 72' lang='grc' dir='ltr'><strong>Β.)</strong></span> <span class='ocrx_word' id='word_1_358' title='bbox 1207 4039 1247 4101; x_wconf 85' lang='lat' dir='ltr'><strong>qui</strong></span> <span class='ocrx_word' id='word_1_359' title='bbox 1275 4046 1387 4101; x_wconf 87' lang='lat' dir='ltr'><strong>poterant</strong></span> 
     </span>
     <span class='ocr_line' id='line_1_36' title="bbox 239 4104 1386 4173; baseline 0.001 -18"><span class='ocrx_word' id='word_1_360' title='bbox 239 4104 308 4155; x_wconf 66' lang='lat' dir='ltr'><strong>ih·</strong></span> <span class='ocrx_word' id='word_1_361' title='bbox 324 4113 360 4172; x_wconf 79' lang='lat' dir='ltr'><strong>qai</strong></span> <span class='ocrx_word' id='word_1_362' title='bbox 378 4111 415 4159; x_wconf 75' lang='lat' dir='ltr'><strong>dei</strong></span> <span class='ocrx_word' id='word_1_363' title='bbox 433 4110 471 4158; x_wconf 83' lang='lat' dir='ltr'><strong>ani</strong></span> <span class='ocrx_word' id='word_1_364' title='bbox 490 4124 530 4159; x_wconf 79' lang='lat' dir='ltr'><strong>rea</strong></span> <span class='ocrx_word' id='word_1_365' title='bbox 549 4123 609 4173; x_wconf 84' lang='lat' dir='ltr'><strong>quas</strong></span> <span class='ocrx_word' id='word_1_366' title='bbox 628 4109 711 4159; x_wconf 78' lang='lat' dir='ltr'><strong>BColc.</strong></span> <span class='ocrx_word' id='word_1_367' title='bbox 746 4108 860 4170; x_wconf 80' lang='lat' dir='ltr'><strong>quoariam</strong></span> <span class='ocrx_word' id='word_1_368' title='bbox 880 4114 990 4169; x_wconf 85' lang='lat' dir='ltr'><strong>poteraut</strong></span> <span class='ocrx_word' id='word_1_369' title='bbox 1008 4106 1094 4155; x_wconf 82' lang='lat' dir='ltr'><strong>vidieee</strong></span> <span class='ocrx_word' id='word_1_370' title='bbox 1112 4106 1153 4169; x_wconf 89' lang='lat' dir='ltr'><strong>qui</strong></span> <span class='ocrx_word' id='word_1_371' title='bbox 1171 4105 1208 4155; x_wconf 88' lang='lat' dir='ltr'><strong>dei</strong></span> <span class='ocrx_word' id='word_1_372' title='bbox 1222 4106 1259 4154; x_wconf 86' lang='lat' dir='ltr'><strong>eui</strong></span> <span class='ocrx_word' id='word_1_373' title='bbox 1271 4120 1310 4155; x_wconf 84' lang='lat' dir='ltr'><strong>rev</strong></span> <span class='ocrx_word' id='word_1_374' title='bbox 1326 4119 1386 4168; x_wconf 82' lang='lat' dir='ltr'><strong>quae</strong></span> 
     </span>
     <span class='ocr_line' id='line_1_37' title="bbox 241 4171 1386 4240; baseline 0.001 -17"><span class='ocrx_word' id='word_1_375' title='bbox 241 4171 447 4232; x_wconf 51' lang='lat' dir='ltr'><strong>lesuinllveiaee.</strong></span> <span class='ocrx_word' id='word_1_376' title='bbox 494 4178 606 4240; x_wconf 85' lang='lat' dir='ltr'><strong>qnoniam</strong></span> <span class='ocrx_word' id='word_1_377' title='bbox 626 4177 665 4239; x_wconf 85' lang='lat' dir='ltr'><strong>qni</strong></span> <span class='ocrx_word' id='word_1_378' title='bbox 685 4184 795 4238; x_wconf 84' lang='lat' dir='ltr'><strong>poterant</strong></span> <span class='ocrx_word' id='word_1_379' title='bbox 813 4175 910 4232; x_wconf 81' lang='lat' dir='ltr'><strong>vidisse,</strong></span> <span class='ocrx_word' id='word_1_380' title='bbox 935 4174 958 4222; x_wconf 84' lang='lat' dir='ltr'><strong>bi</strong></span> <span class='ocrx_word' id='word_1_381' title='bbox 982 4175 1019 4222; x_wconf 90' lang='lat' dir='ltr'><strong>dei</strong></span> <span class='ocrx_word' id='word_1_382' title='bbox 1045 4173 1082 4222; x_wconf 80' lang='lat' dir='ltr'><strong>coi</strong></span> <span class='ocrx_word' id='word_1_383' title='bbox 1106 4187 1146 4222; x_wconf 83' lang='lat' dir='ltr'><strong>ree</strong></span> <span class='ocrx_word' id='word_1_384' title='bbox 1164 4188 1224 4237; x_wconf 83' lang='lat' dir='ltr'><strong>quae</strong></span> <span class='ocrx_word' id='word_1_385' title='bbox 1248 4173 1386 4224; x_wconf 70' lang='lat' dir='ltr'><strong>Fnlnnitve.</strong></span> 
     </span>
     <span class='ocr_line' id='line_1_38' title="bbox 242 4234 966 4308; baseline 0.001 -19"><span class='ocrx_word' id='word_1_386' title='bbox 242 4234 273 4289; x_wconf 77' lang='lat' dir='ltr'><strong>il.</strong></span> <span class='ocrx_word' id='word_1_387' title='bbox 286 4256 340 4305; x_wconf 71' lang='lat' dir='ltr'><strong>qnae</strong></span> <span class='ocrx_word' id='word_1_388' title='bbox 355 4246 385 4306; x_wconf 72' lang='lat' dir='ltr'><strong>d,</strong></span> <span class='ocrx_word' id='word_1_389' title='bbox 404 4261 434 4294; x_wconf 76' lang='lat' dir='ltr'><strong>ez</strong></span> <span class='ocrx_word' id='word_1_390' title='bbox 452 4246 565 4294; x_wconf 74' lang='lat' dir='ltr'><strong>emmdol.</strong></span> <span class='ocrx_word' id='word_1_391' title='bbox 583 4244 658 4293; x_wconf 77' lang='lat' dir='ltr'><strong>Fuluii</strong></span> <span class='ocrx_word' id='word_1_392' title='bbox 669 4244 753 4293; x_wconf 74' lang='lat' dir='ltr'><strong>dreini.</strong></span> <span class='ocrx_word' id='word_1_393' title='bbox 789 4244 861 4308; x_wconf 58' lang='lat' dir='ltr'><strong>Quam</strong></span> <span class='ocrx_word' id='word_1_394' title='bbox 879 4242 966 4291; x_wconf 77' lang='lat' dir='ltr'><strong>ddcdc.</strong></span> 
     </span>
    </p>
   </div>
   <div class='ocr_carea' id='block_1_4' title="bbox 243 4371 1390 4914">
    <p class='ocr_par' dir='ltr' id='par_1_10' title="bbox 243 4371 1390 4914">
     <span class='ocr_line' id='line_1_39' title="bbox 267 4371 1388 4442; baseline -0.004 -18"><span class='ocrx_word' id='word_1_395' title='bbox 267 4380 462 4442; x_wconf 70' lang='lat' dir='ltr'><strong>teteriennqoe</strong></span> <span class='ocrx_word' id='word_1_396' title='bbox 482 4379 545 4426; x_wconf 84' lang='lat' dir='ltr'><strong>flliue</strong></span> <span class='ocrx_word' id='word_1_397' title='bbox 564 4374 723 4438; x_wconf 75' lang='lat' dir='ltr'><strong>revelaverit]</strong></span> <span class='ocrx_word' id='word_1_398' title='bbox 741 4378 774 4426; x_wconf 84' lang='lat' dir='ltr'><strong>&#39;ln</strong></span> <span class='ocrx_word' id='word_1_399' title='bbox 827 4390 901 4426; x_wconf 83' lang='lat' dir='ltr'><strong>cenea</strong></span> <span class='ocrx_word' id='word_1_400' title='bbox 928 4376 986 4424; x_wconf 93' lang='lat' dir='ltr'><strong>olim</strong></span> <span class='ocrx_word' id='word_1_401' title='bbox 1010 4375 1034 4423; x_wconf 90' lang='lat' dir='ltr'><strong>in</strong></span> <span class='ocrx_word' id='word_1_402' title='bbox 1062 4373 1169 4434; x_wconf 71' lang='lat' dir='ltr'><strong>margine</strong></span> <span class='ocrx_word' id='word_1_403' title='bbox 1193 4373 1305 4422; x_wconf 85' lang='lat' dir='ltr'><strong>adnotate</strong></span> <span class='ocrx_word' id='word_1_404' title='bbox 1330 4371 1388 4420; x_wconf 87' lang='lat' dir='ltr'><strong>inde</strong></span> 
     </span>
     <span class='ocr_line' id='line_1_40' title="bbox 243 4438 1388 4509; baseline -0.005 -17"><span class='ocrx_word' id='word_1_405' title='bbox 243 4442 339 4492; x_wconf 56' lang='lat' dir='ltr'><strong>*th</strong></span> <span class='ocrx_word' id='word_1_406' title='bbox 354 4445 419 4495; x_wconf 71' lang='lat' dir='ltr'><strong>libris</strong></span> <span class='ocrx_word' id='word_1_407' title='bbox 442 4455 500 4509; x_wconf 81' lang='lat' dir='ltr'><strong>poet</strong></span> <span class='ocrx_word' id='word_1_408' title='bbox 517 4446 587 4494; x_wconf 82' lang='lat' dir='ltr'><strong>verba</strong></span> <span class='ocrx_word' id='word_1_409' title='bbox 606 4446 669 4503; x_wconf 86' lang='lat' dir='ltr'><strong>„uiei</strong></span> <span class='ocrx_word' id='word_1_410' title='bbox 689 4444 774 4508; x_wconf 86' lang='lat' dir='ltr'><strong>peter“</strong></span> <span class='ocrx_word' id='word_1_411' title='bbox 827 4452 910 4508; x_wconf 84' lang='lat' dir='ltr'><strong>postea</strong></span> <span class='ocrx_word' id='word_1_412' title='bbox 929 4445 952 4491; x_wconf 90' lang='lat' dir='ltr'><strong>in</strong></span> <span class='ocrx_word' id='word_1_413' title='bbox 972 4444 1023 4506; x_wconf 81' lang='lat' dir='ltr'><strong>ipen</strong></span> <span class='ocrx_word' id='word_1_414' title='bbox 1042 4442 1151 4504; x_wconf 88' lang='lat' dir='ltr'><strong>Septimii</strong></span> <span class='ocrx_word' id='word_1_415' title='bbox 1170 4443 1240 4490; x_wconf 83' lang='lat' dir='ltr'><strong>verba</strong></span> <span class='ocrx_word' id='word_1_416' title='bbox 1260 4438 1388 4488; x_wconf 82' lang='lat' dir='ltr'><strong>troneiivee</strong></span> 
     </span>
     <span class='ocr_line' id='line_1_41' title="bbox 243 4504 1387 4575; baseline -0.008 -12"><span class='ocrx_word' id='word_1_417' title='bbox 243 4506 426 4575; x_wconf 53' lang='lat' dir='ltr'><strong>&amp;heitar</strong></span> <span class='ocrx_word' id='word_1_418' title='bbox 443 4526 534 4571; x_wconf 80' lang='lat' dir='ltr'><strong>„nemo</strong></span> <span class='ocrx_word' id='word_1_419' title='bbox 552 4513 774 4575; x_wconf 79' lang='lat' dir='ltr'><strong>enimeritpatrem</strong></span> <span class='ocrx_word' id='word_1_420' title='bbox 826 4520 868 4560; x_wconf 91' lang='lat' dir='ltr'><strong>out</strong></span> <span class='ocrx_word' id='word_1_421' title='bbox 892 4511 982 4559; x_wconf 85' lang='lat' dir='ltr'><strong>incuria</strong></span> <span class='ocrx_word' id='word_1_422' title='bbox 1006 4510 1108 4568; x_wconf 81' lang='lat' dir='ltr'><strong>librari,</strong></span> <span class='ocrx_word' id='word_1_423' title='bbox 1135 4517 1176 4558; x_wconf 86' lang='lat' dir='ltr'><strong>aut</strong></span> <span class='ocrx_word' id='word_1_424' title='bbox 1199 4522 1271 4572; x_wconf 88' lang='lat' dir='ltr'><strong>pravo</strong></span> <span class='ocrx_word' id='word_1_425' title='bbox 1298 4504 1387 4554; x_wconf 89' lang='lat' dir='ltr'><strong>indicio</strong></span> 
     </span>
     <span class='ocr_line' id='line_1_42' title="bbox 243 4524 1389 4645; baseline -0.01 -15"><span class='ocrx_word' id='word_1_426' title='bbox 243 4572 279 4623; x_wconf 61' lang='lat' dir='ltr'>fl</span> <span class='ocrx_word' id='word_1_427' title='bbox 297 4577 359 4637; x_wconf 63' lang='lat' dir='ltr'><strong>illu,</strong></span> <span class='ocrx_word' id='word_1_428' title='bbox 382 4591 407 4631; x_wconf 87' lang='lat' dir='ltr'><strong>et</strong></span> <span class='ocrx_word' id='word_1_429' title='bbox 433 4580 510 4629; x_wconf 86' lang='lat' dir='ltr'><strong>illium</strong></span> <span class='ocrx_word' id='word_1_430' title='bbox 529 4580 573 4629; x_wconf 78' lang='lat' dir='ltr'><strong>nisi</strong></span> <span class='ocrx_word' id='word_1_431' title='bbox 592 4582 686 4642; x_wconf 85' lang='lat' dir='ltr'><strong>pater,“</strong></span> <span class='ocrx_word' id='word_1_432' title='bbox 713 4595 775 4644; x_wconf 84' lang='lat' dir='ltr'><strong>quae</strong></span> <span class='ocrx_word' id='word_1_433' title='bbox 825 4580 886 4633; x_wconf 88' lang='lat' dir='ltr'><strong>eiue,</strong></span> <span class='ocrx_word' id='word_1_434' title='bbox 911 4579 1032 4627; x_wconf 71' lang='lat' dir='ltr'><strong>censentis</strong></span> <span class='ocrx_word' id='word_1_435' title='bbox 1049 4524 1159 4626; x_wconf 64' lang='lat' dir='ltr'><strong>vilelicet</strong></span> <span class='ocrx_word' id='word_1_436' title='bbox 1178 4577 1258 4626; x_wconf 77' lang='lat' dir='ltr'><strong>verbis</strong></span> <span class='ocrx_word' id='word_1_437' title='bbox 1277 4571 1389 4645; x_wconf 78' lang='lat' dir='ltr'><strong>llattlaaei</strong></span> 
     </span>
     <span class='ocr_line' id='line_1_43' title="bbox 243 4637 1386 4711; baseline -0.009 -15"><span class='ocrx_word' id='word_1_438' title='bbox 243 4642 299 4691; x_wconf 66' lang='lat' dir='ltr'><strong>&#39;le</strong></span> <span class='ocrx_word' id='word_1_439' title='bbox 319 4660 364 4697; x_wconf 74' lang='lat' dir='ltr'><strong>ean</strong></span> <span class='ocrx_word' id='word_1_440' title='bbox 381 4648 491 4698; x_wconf 82' lang='lat' dir='ltr'><strong>Pamelio</strong></span> <span class='ocrx_word' id='word_1_441' title='bbox 514 4655 583 4711; x_wconf 76' lang='lat' dir='ltr'><strong>atque</strong></span> <span class='ocrx_word' id='word_1_442' title='bbox 601 4648 703 4708; x_wconf 74' lang='lat' dir='ltr'><strong>Rigaltio</strong></span> <span class='ocrx_word' id='word_1_443' title='bbox 731 4649 774 4696; x_wconf 86' lang='lat' dir='ltr'><strong>de·</strong></span> <span class='ocrx_word' id='word_1_444' title='bbox 824 4644 915 4704; x_wconf 67' lang='lat' dir='ltr'><strong>Mi.</strong></span> <span class='ocrx_word' id='word_1_445' title='bbox 938 4646 1002 4695; x_wconf 82' lang='lat' dir='ltr'><strong>iuxta</strong></span> <span class='ocrx_word' id='word_1_446' title='bbox 1019 4645 1099 4693; x_wconf 81' lang='lat' dir='ltr'><strong>Lucae</strong></span> <span class='ocrx_word' id='word_1_447' title='bbox 1115 4645 1146 4693; x_wconf 79' lang='lat' dir='ltr'><strong>al</strong></span> <span class='ocrx_word' id='word_1_448' title='bbox 1164 4644 1217 4707; x_wconf 79' lang='lat' dir='ltr'><strong>ipso</strong></span> <span class='ocrx_word' id='word_1_449' title='bbox 1237 4637 1386 4691; x_wconf 78' lang='lat' dir='ltr'><strong>Tertulliano</strong></span> 
     </span>
     <span class='ocr_line' id='line_1_44' title="bbox 243 4702 1388 4778; baseline -0.012 -14"><span class='ocrx_word' id='word_1_450' title='bbox 243 4702 291 4771; x_wconf 64' lang='lat' dir='ltr'><strong>hit</strong></span> <span class='ocrx_word' id='word_1_451' title='bbox 307 4725 343 4763; x_wconf 81' lang='lat' dir='ltr'><strong>aee</strong></span> <span class='ocrx_word' id='word_1_452' title='bbox 358 4729 431 4778; x_wconf 75' lang='lat' dir='ltr'><strong>poue</strong></span> <span class='ocrx_word' id='word_1_453' title='bbox 449 4730 479 4763; x_wconf 85' lang='lat' dir='ltr'><strong>ea</strong></span> <span class='ocrx_word' id='word_1_454' title='bbox 499 4715 536 4764; x_wconf 86' lang='lat' dir='ltr'><strong>hic</strong></span> <span class='ocrx_word' id='word_1_455' title='bbox 553 4715 602 4763; x_wconf 93' lang='lat' dir='ltr'><strong>nllo</strong></span> <span class='ocrx_word' id='word_1_456' title='bbox 625 4716 697 4764; x_wconf 90' lang='lat' dir='ltr'><strong>modo</strong></span> <span class='ocrx_word' id='word_1_457' title='bbox 716 4716 774 4765; x_wconf 86' lang='lat' dir='ltr'><strong>reti·</strong></span> <span class='ocrx_word' id='word_1_458' title='bbox 825 4714 904 4763; x_wconf 75' lang='lat' dir='ltr'><strong>locun</strong></span> <span class='ocrx_word' id='word_1_459' title='bbox 923 4713 955 4761; x_wconf 82' lang='lat' dir='ltr'><strong>ite</strong></span> <span class='ocrx_word' id='word_1_460' title='bbox 973 4712 1053 4761; x_wconf 79' lang='lat' dir='ltr'><strong>datum</strong></span> <span class='ocrx_word' id='word_1_461' title='bbox 1074 4712 1157 4761; x_wconf 75' lang='lat' dir='ltr'><strong>loisee.</strong></span> <span class='ocrx_word' id='word_1_462' title='bbox 1188 4710 1226 4760; x_wconf 85' lang='lat' dir='ltr'><strong>Cl.</strong></span> <span class='ocrx_word' id='word_1_463' title='bbox 1244 4708 1315 4755; x_wconf 83' lang='lat' dir='ltr'><strong>etiam</strong></span> <span class='ocrx_word' id='word_1_464' title='bbox 1334 4703 1388 4752; x_wconf 83' lang='lat' dir='ltr'><strong>lco-</strong></span> 
     </span>
     <span class='ocr_line' id='line_1_45' title="bbox 243 4774 1388 4845; baseline -0.013 -13"><span class='ocrx_word' id='word_1_465' title='bbox 243 4778 282 4825; x_wconf 68' lang='lat' dir='ltr'><strong>Ul</strong></span> <span class='ocrx_word' id='word_1_466' title='bbox 302 4786 353 4832; x_wconf 77' lang='lat' dir='ltr'><strong>ratio</strong></span> <span class='ocrx_word' id='word_1_467' title='bbox 375 4783 424 4832; x_wconf 88' lang='lat' dir='ltr'><strong>loei</strong></span> <span class='ocrx_word' id='word_1_468' title='bbox 449 4784 512 4831; x_wconf 74' lang='lat' dir='ltr'><strong>satin</strong></span> <span class='ocrx_word' id='word_1_469' title='bbox 528 4783 619 4832; x_wconf 84' lang='lat' dir='ltr'><strong>evincit.</strong></span> <span class='ocrx_word' id='word_1_470' title='bbox 661 4783 775 4832; x_wconf 75' lang='lat' dir='ltr'><strong>Videntur</strong></span> <span class='ocrx_word' id='word_1_471' title='bbox 826 4796 901 4829; x_wconf 71' lang='lat' dir='ltr'><strong>neem</strong></span> <span class='ocrx_word' id='word_1_472' title='bbox 919 4777 1189 4837; x_wconf 52' lang='lat' dir='ltr'><strong>circumrecidit.</strong></span> <span class='ocrx_word' id='word_1_473' title='bbox 1208 4774 1388 4845; x_wconf 77' lang='lat' dir='ltr'><strong>crrvninterpvu.¹</strong></span> 
     </span>
     <span class='ocr_line' id='line_1_46' title="bbox 244 4839 1390 4914; baseline -0.01 -13"><span class='ocrx_word' id='word_1_474' title='bbox 244 4850 304 4896; x_wconf 64' lang='grc' dir='ltr'><strong>1ο</strong></span> <span class='ocrx_word' id='word_1_475' title='bbox 319 4864 331 4897; x_wconf 82' lang='lat' dir='ltr'><strong>a</strong></span> <span class='ocrx_word' id='word_1_476' title='bbox 346 4853 462 4913; x_wconf 62' lang='lat' dir='ltr'><strong>nagistro</strong></span> <span class='ocrx_word' id='word_1_477' title='bbox 483 4849 561 4913; x_wconf 82' lang='lat' dir='ltr'><strong>aliquo</strong></span> <span class='ocrx_word' id='word_1_478' title='bbox 579 4851 661 4901; x_wconf 81' lang='lat' dir='ltr'><strong>nereio</strong></span> <span class='ocrx_word' id='word_1_479' title='bbox 679 4866 726 4914; x_wconf 84' lang='lat' dir='ltr'><strong>qua</strong></span> <span class='ocrx_word' id='word_1_480' title='bbox 744 4851 774 4899; x_wconf 86' lang='lat' dir='ltr'><strong>de</strong></span> <span class='ocrx_word' id='word_1_481' title='bbox 862 4850 878 4897; x_wconf 93' lang='lat' dir='ltr'><strong>l.</strong></span> <span class='ocrx_word' id='word_1_482' title='bbox 902 4846 1035 4898; x_wconf 75' lang='lat' dir='ltr'><strong>secundom</strong></span> <span class='ocrx_word' id='word_1_483' title='bbox 1059 4839 1191 4907; x_wconf 80' lang='lat' dir='ltr'><strong>naturam]</strong></span> <span class='ocrx_word' id='word_1_484' title='bbox 1218 4843 1277 4892; x_wconf 86' lang='lat' dir='ltr'><strong>Cum</strong></span> <span class='ocrx_word' id='word_1_485' title='bbox 1301 4842 1390 4886; x_wconf 70' lang='lat' dir='ltr'><strong>vetusta</strong></span> 
     </span>
    </p>
   </div>
   <div class='ocr_carea' id='block_1_5' title="bbox 1177 4921 1235 4977">
    <p class='ocr_par' dir='ltr' id='par_1_11' title="bbox 1177 4921 1235 4977">
     <span class='ocr_line' id='line_1_47' title="bbox 1177 4921 1235 4977; baseline -0.017 0"><span class='ocrx_word' id='word_1_486' title='bbox 1177 4921 1235 4977; x_wconf 74' lang='lat'><strong>15*</strong></span> 
     </span>
    </p>
   </div>
   <div class='ocr_carea' id='block_1_6' title="bbox 0 0 1626 5775">
    <p class='ocr_par' dir='ltr' id='par_1_12' title="bbox 0 0 1626 5775">
     <span class='ocr_line' id='line_1_48' title="bbox 0 0 1626 5775; baseline 0 1"><span class='ocrx_word' id='word_1_487' title='bbox 0 0 1626 5775; x_wconf 95' lang='lat' dir='ltr'><strong> </strong></span> 
     </span>
    </p>
   </div>
  </div>
 </body>
</html>
