3242 5775
269 627 310 689 72
528 640 631 692 cuturt
653 639 785 682 surrttttt
806 639 973 682 rtonuurts
996 638 1193 682 Tiliiwbltldlil

269 799 299 855 et
324 790 373 852 'in
399 789 523 850 introitu
549 805 720 861 causarum,
755 805 821 849 eum
849 786 955 866 quibus
987 786 1128 850 debuerat
1159 786 1303 861 inveniri,
1337 787 1445 851 exinde

267 909 359 970 agens
380 889 477 969 ³qucd
500 889 546 968 agi
568 888 679 950 babuit.
729 888 800 949 Erat
821 886 900 949 enim
921 887 979 947 iarn
1002 886 1117 961 ⁴mors,
1141 895 1171 949 et
1192 887 1313 950 aculeus
1335 889 1444 950 mertis

267 991 422 1063 delictum,
445 989 554 1068 etipsa
569 988 678 1050 malitia
701 988 861 1061 creatoris,
885 987 1026 1049 adversus
1042 1007 1130 1068 quarn
1145 985 1305 1050 subvenire
1320 988 1445 1050 deberet

267 1069 616 1163 alteriusdei'bunitas,
648 1088 762 1167 primae
789 1088 860 1149 buic
886 1088 1005 1166 regulae
1033 1087 1148 1149 divinae
1168 1088 1312 1151 bonitatis
1334 1107 1476 1150 eccur-⁶

266 1209 354 1261 rens,
378 1190 405 1250 si
427 1209 460 1251 se
482 1189 645 1251 naturalem
667 1187 823 1267 probaret,
847 1188 946 1250 statim
970 1206 1147 1249 succurrens
1164 1196 1194 1249 ut
1209 1206 1300 1257 causa
1315 1189 1443 1269 ‘coepit

267 1291 375 1353 Omnia
396 1290 474 1351 enim
497 1290 527 1350 in
550 1290 607 1350 dec
635 1288 779 1349 naturalia
807 1295 837 1348 et
864 1288 993 1366 ingenita
1021 1307 1090 1349 esse
1117 1287 1281 1361 debebunt,
1319 1297 1354 1350 ut
1382 1289 1444 1351 sint

171 1427 176 1434 -
266 1398 399 1463 aeterna,
423 1389 586 1451 secundum
607 1396 714 1449 statum
737 1388 850 1465 ipsius,
873 1387 1119 1449 ne·0bvenientia
1142 1397 1173 1449 et
1187 1397 1325 1450 extranea
1346 1407 1440 1468 repu-

265 1498 381 1563 tentur,
404 1508 438 1551 ac
458 1508 513 1569 per
534 1490 593 1550 bec
613 1488 786 1567 temporalia
808 1500 838 1549 et
859 1488 1041 1549 aeternitatis
1064 1488 1168 1549 aliena.
1205 1488 1248 1549 lta
1270 1498 1300 1550 et
1322 1488 1442 1552 bonitas

264 1590 406 1672 perennis
428 1591 476 1650 “et
497 1590 573 1669 iugis
597 1590 730 1667 exigetur
757 1588 788 1647 in
818 1587 891 1660 dec,
925 1606 999 1667 quae
1027 1588 1057 1647 in
1085 1588 1235 1650 thesauris
1262 1579 1442 1652 naturalium

264 1690 480 1770 proprietatum
501 1689 633 1769 reposita
655 1699 684 1749 ct
705 1695 806 1767 parata
829 1688 1017 1749 antecederet
1036 1706 1140 1750 causas
1157 1696 1187 1750 et
1200 1690 1339 1750 materias
1356 1705 1440 1764 snas,

266 1799 297 1852 et
316 1791 442 1870 primam
464 1808 610 1869 quamque
631 1788 811 1867 susciperet,
844 1806 906 1849 non
936 1787 1103 1867 despiceret
1131 1796 1160 1849 et
1187 1789 1378 1862 destitueret,
1413 1789 1442 1850 si

265 1891 466 1953 antecedebat.
503 1891 636 1968 [lenique
657 1889 705 1950 ⁷et
725 1889 775 1949 bic
795 1907 856 1949 nou
878 1888 977 1949 minus
1000 1907 1157 1968 quaeram,
1180 1908 1233 1951 cur
1254 1907 1317 1950 uun
1338 1908 1356 1951 a
1374 1888 1440 1970 pri-

264 1990 382 2053 mordio
405 1999 524 2070 operata
548 1991 588 2052 sit
609 1988 727 2050 bonitas
750 1989 834 2062 eins,
867 2007 954 2067 quam
983 1989 1020 2049 de
1048 1990 1115 2068 ipso
1138 1990 1354 2069 quaesivimus,
1387 1994 1458 2050 crtr'

265 2109 327 2152 non
348 2110 364 2152 a
385 2091 550 2171 primordio
574 2090 613 2150 sit
634 2086 806 2150 revelatus?
845 2087 980 2161 Quidni?
1002 2089 1052 2167 qui
1074 2089 1439 2168 ⁸pe1·bcnitatemrere-

264 2190 318 2253 lari
341 2191 490 2265 baberet·,
513 2190 538 2251 si
561 2191 611 2269 qni
633 2190 747 2251 luisset.
791 2189 858 2250 Nun
875 2207 971 2268 posse
993 2189 1082 2269 ‘'quid
1105 2190 1160 2250 deo
1183 2189 1352 2262 nonlicet,
1382 2208 1439 2251 ne·

192 2281 198 2292 ’
265 2292 336 2354 dum
358 2293 539 2354 naturalibus
562 2290 625 2353 suis
647 2290 747 2368 iungi3
780 2308 855 2368 quae
887 2289 913 2350 si
941 2291 1132 2351 continentur
1163 2309 1222 2369 quo
1244 2293 1343 2352 minus
1368 2309 1438 2352 cur·

264 2400 346 2466 rant,
379 2393 521 2454 naturalia
549 2409 610 2452 uon
638 2399 734 2452 erunt.
784 2390 822 2451 Et
844 2389 936 2450 otium
960 2391 1039 2451 enim
1067 2391 1112 2450 sui
1135 2399 1238 2451 natura
1261 2409 1325 2460 non
1343 2390 1437 2452 norit.
1467 2451 1479 2474 ,

154 2541 162 2554 .
263 2492 340 2553 llinc
362 2490 523 2565 censetur‘‚
547 2492 574 2551 si
591 2492 699 2569 ¹⁰agat3
722 2490 794 2551 ¹¹sic
814 2508 870 2551 uec
883 2490 1017 2551 noluisse
1032 2482 1179 2552 videbitur
1194 2509 1333 2552 exercere
1347 2491 1438 2552 buni-

263 2598 361 2651 tatem.
375 2590 495 2650 interim
518 2596 639 2650 naturae
661 2592 791 2651 nemine.
829 2589 945 2666 Natura*
962 2591 1041 2651 enim
1065 2590 1126 2652 ¹¹se
1148 2609 1209 2651 nun
1230 2599 1334 2670 potest
1358 2591 1437 2654 nolle

263 2709 338 2770 qnae
362 2688 423 2750 ¹³se
446 2690 485 2749 ita
518 2689 617 2766 dirigit
644 2696 677 2751 ut
703 2690 729 2750 si
752 2691 913 2752 cessaverit
938 2709 1000 2751 non
1030 2691 1079 2752 sit.
1134 2691 1193 2751 Sed
1224 2692 1349 2754 cessavit
1381 2691 1438 2753 ali·

261 2788 379 2869 quandc
402 2788 432 2849 in
454 2788 511 2849 deo
533 2789 691 2850 llarcienis
714 2790 751 2850 de
773 2809 865 2868 cpere
889 2787 1043 2852 ¹⁴bcnitas.
1085 2790 1164 2868 Ergo
1187 2809 1248 2852 nun
1270 2792 1326 2856 luit
1345 2799 1438 2853 natu-

261 2890 331 2951 ralis
353 2889 472 2950 bonitas
500 2908 574 2967 qnae
595 2889 692 2969 potnit
714 2889 871 2969 aliquando
894 2910 1046 2962 cessasse,
1069 2893 1148 2970 quud
1170 2892 1353 2955 naturalibus
1375 2910 1439 2955 nou

193 2981 201 2997 ‘
260 2987 338 3050 licet.
374 2989 411 3048 Et
432 2989 459 3048 si
481 3007 541 3049 ncn
564 2974 622 3051 erit
642 2990 800 3064 naturalis,
824 2990 888 3072 [iam
910 3009 966 3052 nec
987 2999 1107 3053 aeterna
1129 2992 1276 3054 credenda
1297 3011 1353 3055 nec
1379 2993 1437 3055 deu

259 3106 328 3167 par,
352 3088 419 3168 quia
440 3107 501 3149 non
522 3098 658 3162 aeterna,
682 3090 751 3150 tlurn
773 3108 835 3150 non
857 3084 1096 3170 naturalis'qnae
1115 3093 1241 3172 denique
1256 3093 1368 3155 nullam
1389 3092 1438 3155 sui

259 3189 486 3267 perpetuitatem
510 3198 560 3251 aut
581 3189 617 3250 de
639 3191 799 3268 praeterito
822 3192 981 3253 constituat
1003 3201 1053 3253 aut
1067 3192 1103 3252 de
1118 3193 1217 3253 tuturo
1235 3193 1437 3273 repromittat.

258 3286 332 3348 Nam
355 3296 385 3350 et
407 3307 423 3349 a
444 3289 609 3369 primordio
631 3308 692 3350 non
714 3291 770 3351 init
792 3298 822 3351 et
843 3291 873 3351 in
896 3291 984 3351 linem
1000 3291 1066 3352 sine
1088 3291 1176 3352 dubio
1200 3310 1262 3353 uon
1277 3294 1342 3354 erit.
1372 3294 1438 3355 Pc-

261 3396 321 3450 test
343 3390 421 3451 enim
445 3398 557 3451 elnon
580 3409 649 3452 esse
664 3390 857 3469 quandoque,
880 3390 957 3452 sicut
977 3408 1037 3451 non
1060 3391 1116 3452 luit
1136 3391 1304 3469 aliquando.
1342 3393 1438 3477 igitur

259 3508 327 3552 cum
349 3499 466 3552 constet
487 3491 517 3551 in
539 3491 702 3568 primordio
725 3508 861 3552 cessasse
882 3490 1045 3552 bonitatem
1068 3491 1114 3551 dei
1135 3491 1212 3551 illius
1229 3493 1332 3567 (¹⁶n0n
1356 3494 1437 3555 enim

259 3591 463 3667 aprimcrdic
485 3576 621 3651 liberavit
641 3591 820 3666 bominem),
843 3598 874 3650 et
895 3590 1044 3651 voluntate
1064 3591 1163 3670 potius
1187 3611 1250 3652 eam
1274 3612 1363 3671 qnam
1386 3595 1435 3655 in·

259 3684 397 3748 firmitate
419 3706 570 3761 cessasse,
594 3690 651 3750 iarn
674 3690 808 3750 voluntas
832 3694 1012 3768 suppressae
1027 3690 1167 3751 bonitatis
1182 3691 1249 3752 finis
1265 3693 1437 3756 invenietur

257 3786 457 3865 malignitatis.
503 3787 580 3858 Ouid
604 3788 682 3848 enim
705 3797 764 3849 tum
785 3788 946 3866 malignum
975 3809 1063 3869 quam
1091 3790 1169 3853 nolle
1197 3792 1345 3871 prodesse
1368 3811 1437 3856 cunt

254 3887 379 3967 possis,
401 3905 489 3965 quam
512 3886 693 3949 ¹⁶utilitatem
717 3889 878 3962 cruciare⁸‚
901 3908 989 3967 quarn
1011 3891 1148 3952 iniuriam
1163 3891 1287 3954 sinere?
1325 3892 1448 3956 totun-

258 4070 283 4121 2.
301 4070 325 4120 itt
344 4072 467 4121 cm.Bbcd.
520 4068 545 4120 3.
563 4073 628 4135 quod
646 4075 678 4134 d.,
698 4075 883 4125 Futr.llrst‘nur.
918 4090 966 4139 quc
984 4077 1088 4127 lucan.
1124 4078 1164 4141 qui
1183 4079 1222 4127 Fr.
1234 4079 1323 4129 lunius.
1366 4079 1392 4129 4.
1410 4085 1436 4130 at

257 4152 324 4187 murs
343 4146 366 4187 et
384 4140 420 4189 cd.
473 4137 496 4185 5.
516 4138 620 4200 cepitd.
673 4140 697 4191 6.
715 4150 738 4190 et
757 4143 818 4203 iugis
837 4159 880 4192 cm.
893 4145 914 4193 b.
967 4143 991 4192 ’1.
1010 4158 1057 4192 uon
1076 4145 1155 4193 miuus
1174 4146 1295 4194 ctbicd.
1344 4144 1370 4195 8.
1390 4160 1435 4209 pet·
1476 4148 1480 4153 '

257 4205 359 4255 cmlii.
412 4204 436 4253 9.
455 4205 547 4267 quidvis
566 4207 678 4256 latinius.
733 4208 771 4256 10.
797 4217 852 4270 agat
876 4210 907 4271 d„
927 4211 950 4258 P.
965 4211 1108 4260 ciacconius.
1150 4220 1234 4271 agatur
1255 4213 1349 4276 reliqui.
1392 4213 1434 4262 11.

257 4279 281 4320 et
299 4272 335 4320 sic
352 4272 390 4320 Fr.
401 4273 489 4321 lunius.
530 4274 550 4320 si
570 4275 593 4320 d.
647 4274 686 4323 12.
710 4275 730 4323 si
754 4275 797 4324 ΒΟ.
855 4274 893 4325 13.
917 4277 947 4326 da
972 4279 1032 4326 delet
1048 4280 1094 4327 lcs.
1106 4280 1218 4340 Scaliqer.
1273 4278 1313 4327 14.
1336 4280 1433 4328 bonitas

255 4338 312 4388 ded.
346 4338 461 4387 bonitatis
478 4339 571 4402 reliqui,
584 4341 723 4391 luduntur.
766 4343 806 4392 15.
825 4357 873 4393 neu
892 4344 1008 4394 emnild.
1052 4334 1091 4395 td.
1110 4345 1236 4397 utilitatem
1255 4346 1432 4399 cruciaretur.

257 4405 358 4454 utilitate
377 4405 479 4455 cruciari
495 4408 589 4470 reliqui.
644 4438 647 4445 ·

290 4538 430 4587 creceium
450 4534 560 4604 baberet]
579 4540 738 4589 Usitatissima
757 4542 818 4594 baec
902 4544 919 4593 1.
939 4539 1063 4609 censetur]
1082 4544 1118 4593 Cl.
1136 4543 1227 4594 aductt.
1247 4546 1278 4596 ad
1290 4546 1432 4598 necarunt

256 4606 280 4656 in
305 4605 414 4667 Septimii
440 4606 536 4668 scriptis
565 4608 631 4655 verbi
655 4610 739 4657 babere
762 4625 817 4659 cum
869 4610 974 4674 cap.13.

255 4673 369 4723 intinitirc
397 4680 525 4721 structura.
571 4675 612 4723 Sic
641 4677 713 4723 modu
742 4692 816 4740 supra
901 4692 924 4738 g.
943 4692 1014 4741 quarn
1038 4676 1162 4727 utilitatem
1188 4677 1310 4746 cruciare]
1335 4681 1431 4731 Utilitas

256 4740 359 4801 „exinde
383 4755 456 4802 agens
480 4741 544 4802 qnod
569 4745 606 4804 epi
632 4743 742 4792 bubud.“
777 4745 814 4794 ct.
867 4745 995 4804 cruciatur,
1022 4745 1078 4793 dutu
1097 4746 1231 4796 excluditur
1249 4757 1274 4798 et
1291 4750 1431 4813 abrogetur,

256 4823 317 4872 quae
335 4808 390 4857 adn.
404 4809 433 4858 ad
443 4808 476 4857 lle
489 4803 506 4856 F
509 4823 553 4871 ugr
572 4809 815 4877 iul'ersec.cap.12.
866 4813 924 4863 dum
942 4827 994 4862 eum
1013 4813 1110 4875 dcluugi
1128 4829 1183 4865 sese
1202 4830 1248 4865 nou
1267 4817 1332 4867 sinc.
