3242 5775
649 627 796 683 unvsasbs
817 637 958 685 aarum.
1316 625 1378 690 087
1480 583 1486 596 ,

218 787 367 850 Christum
391 805 455 847 cum
478 787 521 849 eis
543 796 745 849 conversatum
766 795 880 866 putrem
901 788 1056 869 aliquando
1076 807 1138 852 non
1155 789 1221 852 dico
1240 789 1378 871 intellegi,

217 907 319 950 verum
341 886 387 949 vel
408 888 555 949 aestimari
577 889 722 967 potuisse.
764 887 858 951 Nobis
880 907 984 950 omnes
1004 888 1184 969 scripturae,
1211 898 1241 952 et
1261 900 1377 956 veteres

218 989 370 1051 Christum
393 988 456 1061 dei,
479 998 509 1081 et
529 1007 622 1050 novae
643 989 732 1050 lilium
749 989 811 1061 dei,
833 990 1019 1069 praefiniunt
1051 990 1117 1053 llue
1136 1000 1166 1054 et
1185 1000 1266 1053 retro
1287 1011 1377 1073 prae·

218 1089 386 1162 dicabatur,
409 1090 466 1149 boo
488 1099 517 1152 et
538 1090 573 1151 ab
596 1090 662 1170 ipso
678 1090 796 1151 Christo
818 1089 1078 1169 pronuntiabatur,
1099 1091 1191 1154 immo
1211 1092 1268 1155 iam
1290 1105 1320 1155 et
1341 1094 1377 1158 ab

217 1193 285 1271 ipso
307 1200 390 1271 patre
412 1210 511 1252 coram
533 1190 569 1252 de
591 1190 678 1252 caelis
706 1191 797 1252 lilium
825 1192 982 1271 profitente
1009 1192 1155 1254 etlilium
1182 1193 1377 1271 glorificante:
1435 1176 1437 1179 Ι
1496 1237 1500 1246 ‹

218 1294 274 1354 llic
295 1302 341 1353 est
362 1291 438 1352 [ilius
461 1311 561 1365 mens,
583 1300 627 1365 et,
651 1292 832 1364 Glorificari,
856 1302 885 1353 et
899 1293 1078 1370 gloridcabo.
1114 1293 1179 1355 lioc
1192 1295 1240 1356 'et
1253 1314 1270 1359 a
1284 1296 1375 1360 disci·
1390 1294 1476 1389 {iffi}-

217 1395 297 1475 pulis
319 1393 505 1466 credebatur,
533 1394 590 1454 boc
611 1402 640 1455 et
661 1413 677 1455 a
699 1393 813 1455 ludaeis
834 1411 894 1455 non
923 1394 1111 1468 credebatur3
1144 1395 1201 1457 boc
1221 1414 1254 1459 se
1274 1376 1510 1462 vuens¹⁰·¹'¹¹·'²⁸·

218 1496 299 1557 credi
321 1494 356 1556 ab
380 1495 436 1555 illis
459 1495 537 1554 omni
560 1494 633 1556 bora
655 1505 766 1574 patrem
788 1494 973 1568 nominabat,
1002 1506 1032 1557 et
1052 1505 1163 1576 patrem
1186 1498 1378 1577 praelerebat,
1428 1492 1432 1502 '
1480 1546 1484 1552 -

219 1607 250 1659 et
272 1605 382 1676 patrem
404 1595 577 1656 honorabat.
621 1596 653 1656 Si
676 1597 715 1657 ita
738 1606 796 1669 est,
827 1614 897 1675 ergo
925 1615 985 1657 non
1008 1606 1120 1677 patrem
1141 1607 1222 1659 tanto
1245 1608 1378 1680 tempore

218 1716 321 1758 seeum
342 1706 546 1759 conversatum
569 1698 789 1776 ignoraverant,
822 1698 874 1759 sed
897 1697 1005 1771 lilium,
1027 1707 1056 1759 et
1076 1697 1233 1773 dominus,
1255 1719 1323 1764 eum
1344 1720 1378 1766 so

217 1799 347 1878 ignorari
370 1799 550 1878 exprobrans
573 1818 659 1877 quem
682 1799 901 1877 ignoraverant,
923 1817 990 1861 eum
1011 1801 1112 1879 utique
1131 1801 1249 1879 agnosci
1264 1801 1378 1866 valebat

217 1920 306 1980 quem
331 1909 413 1962 tanto
433 1900 509 1960 ⁶non
533 1900 652 1978 agnosci
676 1909 808 1980 tempore
831 1900 1070 1980 exprobraverat,
1092 1901 1122 1963 id
1144 1910 1191 1963 ent
1210 1902 1313 1965 lilium.
1341 1902 1379 1967 Et

216 2021 360 2082 apparere
381 2002 437 2061 iam
461 2010 559 2079 potest
580 2020 639 2079 quo
661 2001 750 2062 modo
773 2000 959 2062 dictumsit:
983 2001 1040 2074 Qui
1061 2021 1110 2065 me
1130 2003 1223 2080 videt,
1248 2003 1327 2066 videt
1346 2014 1501 2074 strettun⁸

215 2114 347 2184 patrem,
369 2103 480 2165 scilieet
501 2121 558 2180 quo
582 2113 611 2163 et
631 2120 735 2181 snpra:
758 2102 820 2180 Ego
843 2111 872 2163 et
893 2111 976 2181 pater
998 2122 1086 2166 unum
1103 2123 1215 2166 sumus
1253 2104 1420 2180 onusto.
1458 2123 1492 2166 so.

218 2205 300 2284 quia,
323 2204 385 2282 Ego
408 2224 443 2266 ex
464 2204 519 2265 deo
543 2204 616 2264 exivi
638 2212 668 2265 et
688 2204 769 2277 veni,
791 2212 836 2277 et,
858 2204 920 2283 Ego
941 2223 1006 2267 sum
1022 2205 1082 2279 via;
1102 2205 1195 2268 Nemo
1210 2205 1247 2268 ad
1260 2218 1373 2287 patrem
1388 2171 1463 2266 'iii

216 2307 296 2368 venit
319 2305 373 2366 nisi
394 2322 448 2384 per
468 2325 532 2376 me·‚
555 2314 598 2377 et,
621 2304 714 2366 Nemo
735 2304 771 2365 ad
794 2324 841 2366 me
862 2306 940 2366 venit
953 2306 1012 2367 nisi
1026 2315 1109 2385 pater
1124 2326 1191 2368 eum
1206 2307 1374 2386 adduxerim
1388 2274 1454 2368 'iiie
1470 2276 1500 2327 '⁶'

217 2418 262 2482 et,
286 2406 391 2469 Omnia
413 2407 485 2467 mibi
506 2415 588 2484 pater
610 2405 743 2479 tradidit;
766 2416 811 2479 et,
835 2406 917 2467 Sicut
930 2416 1014 2487 pater
1027 2408 1160 2481 viviticat,
1183 2407 1221 2470 ita
1237 2418 1266 2471 et
1279 2374 1526 2485 fitinulltllliin.

217 2518 264 2581 et,
288 2509 320 2568 Si
342 2528 389 2569 me
412 2507 607 2585 cognovistis,
630 2516 659 2568 et
679 2515 791 2585 patrem
807 2507 997 2585 cognovistis.
1031 2508 1196 2571 Secundum
1212 2509 1285 2572 baec
1298 2510 1376 2573 enim
1389 2476 1515 2581 illitis·

215 2612 355 2672 vicarium
380 2629 412 2669 se
434 2608 526 2691 patris
549 2608 727 2681 ostenderat,
749 2626 904 2687 perquem
918 2619 1002 2687 pater
1017 2619 1046 2670 et
1059 2610 1208 2673 videretur
1220 2610 1251 2673 in
1265 2611 1376 2687 'lactis

217 2722 249 2773 et
270 2711 420 2771 audiretur
447 2711 476 2770 in
504 2709 617 2782 verbis,
650 2718 680 2771 et
706 2718 936 2788 cognosceretur
962 2711 992 2772 in
1019 2709 1095 2785 lilio,
1131 2713 1205 2773 lacta
1232 2722 1263 2774 et
1288 2713 1376 2776 verba

216 2815 310 2894 patris
332 2813 570 2883 administrante3
592 2811 659 2890 quia
681 2810 833 2872 invisibilis
854 2820 952 2892 pater,
975 2812 1053 2892 qnod
1076 2820 1105 2873 et
1124 2812 1277 2895 Philippus
1299 2815 1376 2877 didi-

216 2925 299 2977 cerat
320 2917 349 2975 in
372 2917 445 2992 lege,
468 2915 514 2974 ⁸et
535 2913 705 2974 meminisse
720 2912 875 2974 debuerat:
897 2914 989 2976 Deum
1004 2932 1091 2975 nemo
1106 2914 1224 2990 videbit,
1246 2926 1276 2978 et
1289 2917 1374 2980 vivet.
1388 2915 1510 3010 ffiffim

216 3018 254 3078 Et
277 3017 342 3077 ideo
369 3016 540 3094 suggillatur
561 3026 673 3093 patrem
696 3015 795 3076 videre
823 3015 1009 3089 desiderans,
1042 3016 1126 3094 quasi
1154 3017 1315 3091 visibilem,
1346 3026 1376 3080 et
1471 2997 1478 3019 ’
1511 2999 1517 3010 ’

215 3118 372 3179 instruitur
394 3117 536 3177 visibilem
559 3136 624 3177 eum
648 3117 676 3176 in
699 3117 758 3176 tilio
781 3117 845 3177 fieri
868 3135 902 3177 ex
918 3116 1082 3190 virtutibus,
1105 3135 1166 3178 non
1181 3137 1215 3179 ex
1231 3138 1376 3199 personae

216 3219 498 3299 repraesentatione.
546 3218 676 3297 Denique
700 3218 724 3277 si
746 3227 859 3295 patrem
880 3217 1005 3278 eundem
1027 3219 1118 3278 silium
1140 3219 1228 3279 vellet
1248 3218 1375 3299 intellegi

215 3321 357 3393 dicendo,
382 3321 439 3393 Qui
462 3339 508 3380 me
530 3320 623 3391 videt,
645 3327 760 3396 patrem
779 3319 873 3390 videt,
895 3319 1043 3396 quomodo
1059 3318 1180 3388 subicit,
1203 3319 1269 3378 Non
1290 3319 1372 3382 ⁹.cre·
1387 3333 1512 3384 texture,

215 3424 263 3484 dis
286 3424 352 3501 quia
376 3441 430 3499 ego
452 3421 481 3480 in
504 3431 600 3500 patre,
631 3431 659 3479 et
680 3427 763 3496 pater
791 3419 847 3478 ¹⁰in
869 3417 940 3479 me?
983 3418 1129 3479 Debuerat
1150 3421 1227 3480 enim
1250 3419 1373 3480 subiun-

216 3526 315 3593 xisse,
337 3501 401 3582 lion
427 3523 549 3582 ¹¹credis
573 3520 638 3599 qnia
662 3539 715 3598 ego
739 3537 803 3579 sum
825 3517 931 3597 pater?
973 3519 1031 3578 dut
1051 3536 1108 3597 quo
1132 3518 1327 3597 exaggeravit,
1350 3520 1375 3581 si
1468 3561 1470 3565 -

216 3645 278 3686 non
311 3625 381 3685 illud
416 3624 609 3684 manifestavit
641 3621 719 3700 quod
747 3620 879 3681 voluerat
910 3619 1054 3697 intellegi,
1086 3639 1119 3680 se
1146 3619 1258 3680 scilicet
1284 3619 1375 3684 lilium

216 3725 309 3788 esse?
342 3725 434 3786 Porro
457 3726 597 3795 dicendo,
620 3723 685 3783 Non
709 3721 829 3782 ¹²oredis
853 3722 920 3800 quia
942 3739 997 3798 ego
1020 3721 1049 3781 in
1071 3730 1169 3799 patre,
1192 3729 1222 3781 et
1241 3729 1325 3801 pater
1345 3722 1377 3784 in

215 3849 281 3901 me,
304 3836 460 3906 propterea
483 3827 582 3905 plotius
605 3824 801 3902 exaggeravit,
824 3841 876 3894 ne,
898 3823 965 3901 qnia
988 3823 1116 3896 dixerat,
1148 3821 1205 3895 Oui
1226 3842 1275 3884 me
1295 3823 1375 3898 vidit,

216 3941 244 3991 et
267 3941 380 4009 patrem
403 3929 488 3999 vidit,
513 3937 594 4006 pater
610 3925 843 3996 existimaretur,
866 3924 943 4003 quod
961 3943 1108 4004 nunquam
1132 3923 1318 3985 ¹³existimari
1342 3944 1376 3987 se

215 4032 324 4102 voluit,
348 4029 397 4107 qui
420 4048 537 4107 semper
560 4048 592 4088 se
615 4027 704 4087 silium
727 4035 756 4086 et
777 4045 792 4086 a
814 4034 897 4104 patre
919 4026 1036 4086 venisse
1051 4024 1252 4104 profitebatur.
1284 4026 1376 4106 lgitur
1418 4058 1424 4073 ·

217 4143 247 4192 et
269 4131 451 4192 manifestam
476 4131 543 4190 ierit
570 4130 690 4189 duarum
720 4146 914 4206 personarum
943 4125 1195 4197 coniunctionem,
1227 4145 1265 4188 ne
1293 4138 1375 4209 pater

217 4252 354 4294 seorsum
378 4232 460 4311 quasi
490 4230 612 4290 visibilis
641 4230 670 4290 in
701 4239 860 4308 conspectu
889 4228 1120 4300 desideraretur,
1153 4237 1182 4288 et
1211 4227 1270 4289 uut
1296 4229 1373 4292 lilius

216 4343 455 4412 repraesentator
477 4333 565 4411 pratris
589 4332 754 4392 baberetur.
798 4331 836 4390 Et
856 4329 1046 4390 nibilominus
1067 4329 1124 4389 hoc
1144 4347 1260 4408 quoqne
1283 4330 1375 4392 inter-

216 4445 350 4517 pretatus
373 4443 429 4505 est,
452 4434 599 4512 quomodo
621 4443 705 4511 pater
726 4442 806 4494 esset
828 4431 858 4492 in
873 4431 943 4502 lilio,
966 4438 994 4491 et
1009 4430 1085 4491 lilius
1101 4428 1131 4490 in
1145 4438 1237 4508 patre.
1269 4430 1374 4504 Verba,
1384 4441 1509 4493 textum.

217 4537 327 4615 inquit,
352 4554 425 4615 quae
448 4554 502 4612 ego
525 4535 630 4612 loquor
651 4534 751 4607 vobis,
774 4552 835 4594 non
857 4540 927 4594 sunt
941 4550 1020 4605 mea,
1043 4530 1143 4609 utimur
1158 4529 1251 4610 ¹‘qnia
1265 4532 1375 4612 patris;

219 4660 240 4706 5.
262 4666 285 4705 et
304 4657 429 4719 discipulis
447 4657 471 4704 A.
492 4656 553 4703 leid.
611 4654 633 4701 li.
654 4662 761 4716 tempore
781 4668 828 4702 non
847 4652 942 4712 agnosci
962 4651 1124 4714 exprobaverit
1140 4650 1165 4701 Δ.
1224 4650 1248 4698 l.
1267 4651 1336 4700 lactis
1354 4658 1377 4698 et

218 4727 341 4774 audiretur
361 4729 383 4772 in
411 4740 453 4772 ont.
476 4726 526 4771 edd.
547 4724 641 4770 Senrleri
659 4730 678 4771 et
697 4723 814 4786 leopoldi,
834 4722 922 4769 altiore.
974 4719 997 4769 8.
1016 4726 1040 4769 et
1057 4719 1140 4769 omri.
1158 4720 1221 4769 tetd.
1279 4717 1302 4768 9.
1321 4731 1374 4765 cre·

217 4795 272 4841 ditis
291 4796 327 4842 cd.
384 4792 421 4840 10.
441 4794 462 4839 in
483 4806 520 4839 me
538 4799 575 4838 est
593 4792 627 4838 cd.
681 4789 886 4840 ttiueditisut.
941 4785 978 4835 12.
998 4786 1145 4837 creditlscd.
1195 4785 1233 4837 13.
1250 4800 1276 4834 se
1294 4784 1375 4834 existi·

217 4852 277 4910 niari
297 4863 322 4910 d.
342 4861 404 4909 leid.
459 4857 497 4907 tt.
516 4868 541 4907 ut
559 4874 601 4907 oni.
613 4860 637 4907 Α.
656 4858 719 4908 leid.
772 4857 809 4906 15.
829 4860 890 4919 duae
907 4869 920 4903 a
938 4862 1006 4919 patre
1022 4859 1049 4906 A.
1065 4855 1127 4912 leid
