3242 5775
733 613 752 646 0

649 679 796 725 rovenses
819 682 963 727 emanare.
1125 701 1129 708 -
1330 668 1391 733 689

216 825 296 891 'lius
318 830 353 892 ad
376 838 508 910 patrem,
532 841 561 891 et
584 850 684 892 sermo
708 832 743 892 ad
766 829 880 892 deum?
924 831 990 911 lpsa
1013 850 1130 912 quoque
1153 833 1280 896 clausula
1303 853 1393 896 eran·

216 930 283 1011 gelii
306 940 429 1010 propter
451 931 519 1010 quid
543 933 697 1009 consignat
718 932 791 994 baec
814 930 940 1010 scripta,
963 932 1037 1005 nisi,
1060 932 1097 995 Ut
1119 935 1262 1007 credatis,
1286 934 1391 1014 inquit,
1406 943 1526 995 buxat-

215 1033 316 1094 lesum
339 1032 488 1092 Christum
511 1033 602 1093 filium
625 1032 696 1094 dei?
728 1033 820 1112 Igitur
841 1051 1033 1112 quaeeunque
1055 1053 1090 1095 ex
1110 1016 1160 1095 bis
1181 1036 1333 1116 putaveris
1355 1036 1391 1097 ad
1424 1082 1428 1088 -

216 1132 502 1193 demonstrationem
527 1133 659 1193 eiusdem
683 1135 775 1213 patris
797 1142 828 1193 et
841 1131 910 1193 lilii'
930 1134 1075 1214 prolicere
1092 1135 1143 1196 tibi
1161 1154 1264 1216 posse,
1287 1137 1394 1198 adver·

216 1252 270 1293 sus
294 1233 471 1294 definitivam
495 1234 636 1312 evangelii
658 1234 835 1294 sententiam
852 1234 966 1295 niteris.
1003 1235 1068 1295 Nou
1091 1236 1159 1296 ideo
1183 1236 1262 1298 enim
1284 1237 1394 1318 scripta

175 1371 177 1374 -
215 1344 302 1406 sunt,
326 1342 358 1394 ut
379 1345 493 1413 patrem
517 1335 620 1395 eretlas
643 1335 759 1395 ⁰lesum
784 1334 949 1407 Christum,
974 1335 1026 1395 sed
1050 1344 1082 1397 ut
1104 1336 1207 1398 filium.

301 1436 428 1514 Propter
449 1455 540 1496 unurn
563 1436 690 1514 Philippi
713 1454 883 1497 sermonem
916 1445 947 1496 et
967 1436 1080 1498 domini
1102 1437 1333 1517 responsionem
1356 1438 1393 1501 ad
1409 1441 1529 1499 Ger-¹¹⁹1

216 1555 284 1596 eurn
308 1535 458 1596 ¹videmur
480 1537 600 1597 loannis
624 1538 804 1615 evangelium
828 1536 1069 1611 ²decucurrisse,
1092 1556 1131 1599 ne
1153 1546 1199 1599 tot
1218 1537 1394 1601 'manifesto

214 1637 406 1717 pronuntiata
436 1646 463 1696 et
491 1646 558 1696 ante
586 1646 615 1696 et
644 1647 746 1716 postea
777 1656 855 1698 unus
888 1656 989 1698 sermo
1023 1637 1189 1710 subvertat,
1229 1640 1392 1702 seeundum

216 1737 316 1797 omnia
338 1738 439 1814 potius
463 1756 549 1816 qnam
573 1737 716 1797 adversus
740 1738 855 1811 omnia,
895 1739 980 1799 etiarn
1009 1739 1152 1799 adversus
1182 1757 1255 1800 suos
1279 1721 1394 1801 ¹salvisus

215 1837 468 1916 interpretandus.
514 1837 650 1898 Ceterum
675 1838 783 1901 utalia
812 1840 959 1917 evangelia
989 1857 1050 1899 non
1079 1839 1286 1918 interponam,
1317 1820 1394 1918 guae

215 1939 384 1998 ‘nativitate
407 1937 553 1998 dominica
576 1939 680 1999 tndem
704 1940 893 2013 confirmant,
922 1939 1032 2000 sullieit
1052 1939 1138 2000 ‘eum
1161 1940 1210 2019 qui
1233 1939 1315 2001 nasei
1338 1939 1393 2001 ba·

215 2039 305 2100 bebat
327 2058 361 2099 er
385 2038 498 2117 virgine
521 2039 557 2099 ab
581 2039 646 2117 ipso
671 2041 838 2103 annuntiari
861 2040 966 2119 angelo
983 2040 1075 2101 lilium
1091 2039 1138 2100 dei
1154 2039 1394 2102 determinatum.

216 2140 348 2219 Spiritus
371 2139 417 2198 dei
440 2142 628 2218 superveniet
649 2142 678 2201 in
708 2150 753 2213 te,
787 2150 815 2201 et
844 2141 935 2201 virtus
965 2140 1102 2201 altissimi
1131 2140 1523 2211 obumbrabittmtuonaa.

215 2250 374 2322 propterea
397 2241 475 2317 quod
499 2249 638 2301 nascetur
660 2260 694 2301 er
719 2252 746 2302 te
768 2242 937 2314 ⁷sanotum,
962 2241 1114 2302 vocabitur
1136 2241 1214 2302 lilius
1237 2241 1295 2302 (lei.
1331 2240 1394 2302 Vo-

216 2342 280 2403 lent
301 2341 417 2419 quidem
441 2350 470 2399 et
492 2341 540 2401 bie
569 2341 784 2418 argumentari,
819 2341 871 2403 sed
900 2341 1009 2408 veritas
1037 2341 1225 2421 praevalebit.
1269 2341 1393 2421 Nempe,

216 2442 370 2521 inquiunt,
395 2441 472 2501 fitius
496 2441 543 2502 dei
566 2442 638 2502 deus
662 2450 725 2514 est,
749 2452 779 2502 et
800 2442 896 2503 virtus
912 2443 1047 2504 altissimi
1063 2442 1225 2503 altissimus
1241 2450 1297 2503 est.
1334 2441 1396 2503 Nee

216 2543 310 2623 pudet
331 2541 398 2602 illos
422 2542 532 2602 inicere
555 2542 667 2620 ⁸quod,
692 2543 717 2601 si
741 2550 837 2614 esset,
871 2542 1013 2621 scriptum
1037 2543 1151 2606 luisset.
1196 2541 1293 2615 Quem
1315 2541 1394 2603 enim
1494 2565 1498 2574 ¹

217 2642 389 2714 verebatur,
413 2650 527 2702 utnon
551 2652 652 2721 aperte
674 2643 894 2721 pronuntiaret,
925 2643 1004 2705 Deus
1026 2643 1230 2721 superveniet,
1254 2651 1285 2703 et
1306 2634 1395 2703 altis·-

218 2744 313 2804 simus
337 2742 525 2804 obumbrabit
547 2742 600 2803 te?
644 2743 751 2803 Dicens
774 2753 890 2812 autern,
922 2743 1051 2823 Spiritus
1079 2743 1144 2816 dei,
1174 2743 1231 2804 etsi
1252 2741 1394 2822 'spiritus

218 2845 284 2916 dei,
309 2853 406 2904 tamen
430 2862 489 2904 non
512 2835 624 2904 ‹lireoto
648 2844 734 2905 rleurn
758 2845 915 2906 nominans
948 2844 1116 2924 portionem
1144 2843 1237 2906 totius
1266 2841 1395 2922 intellegi
1470 2868 1477 2876 ⁴

217 2946 326 3016 voluit,
351 2964 424 3023 quae
448 2963 569 3005 cessura
592 2954 655 3005 erat
677 2946 705 3005 in
722 2947 773 3006 lvlii
790 2965 910 3008 nomen.
943 2946 998 3007 llic
1020 2945 1143 3026 spiritus
1167 2945 1214 3005 dei
1237 2944 1315 3023 idem
1339 2943 1396 3004 erit

216 3066 328 3107 sermo.
363 3045 472 3104 ¹⁰Sicut
494 3046 571 3105 enim
594 3045 703 3106 loanne
726 3048 851 3118 dicente,
875 3047 979 3107 Sermo
999 3064 1067 3106 earo
1084 3046 1205 3106 ¹¹lactus
1221 3054 1276 3119 est,
1300 3042 1392 3124 ¹'spi·
1407 3059 1500 3112 tenu.

218 3148 309 3208 ritum
334 3166 451 3224 quoqne
474 3145 669 3224 intellegimus
695 3148 891 3208 tornentione
907 3148 1070 3218 sermonis,
1094 3147 1133 3206 ita
1156 3154 1186 3206 et
1207 3145 1256 3206 bie
1277 3163 1394 3205 sermo·
1419 3132 1425 3139 ’
1490 3136 1493 3149 '

219 3267 288 3308 nem
312 3267 430 3326 quoqne
453 3247 640 3324 agnoscimus
664 3248 693 3306 in
717 3248 837 3307 nomine
860 3248 993 3327 spiritus.
1028 3247 1100 3306 Nam
1124 3253 1152 3304 et
1175 3244 1296 3322 spiritus
1319 3243 1394 3304 snb·
1451 3220 1454 3271 Ι
1498 3278 1501 3282 ¹

219 3348 327 3408 stantia
351 3356 397 3407 est
419 3346 579 3418 sermonis,
603 3355 632 3406 et
654 3365 753 3406 sermo
777 3347 910 3425 operatio
932 3347 1063 3424 spiritus,
1082 3354 1116 3405 et
1131 3345 1191 3404 duo
1207 3360 1298 3403 unum
1314 3351 1395 3403 sunt.

221 3448 359 3510 Ceterum
383 3447 470 3508 alium
493 3447 621 3507 loannes
643 3446 832 3524 profitebitur
859 3464 977 3506 caruem
1001 3446 1125 3515 lactum,
1159 3442 1247 3501 aliurn
1275 3441 1396 3520 angelus

219 3567 338 3609 earnem
363 3550 508 3619 loturum,
538 3546 646 3606 sinon
670 3556 699 3606 et
721 3546 845 3624 spiritus
869 3564 968 3606 sermo
992 3554 1054 3615 est,
1088 3551 1117 3603 et
1140 3558 1240 3602 sermo
1263 3541 1396 3619 spiritus.

221 3650 306 3709 Sicut
328 3667 398 3726 ergo
423 3667 521 3708 sermo
545 3647 591 3706 dei
614 3665 672 3706 non
697 3655 743 3706 est
764 3646 830 3726 ipse
852 3645 936 3705 cuius
960 3652 1023 3716 est,
1052 3644 1092 3702 ita
1120 3661 1176 3702 nee
1197 3639 1338 3720 spiritus,
1368 3648 1398 3701 et

222 3751 248 3810 si
272 3743 345 3809 ileus
369 3749 464 3809 dictus
487 3757 546 3820 est,
581 3766 641 3806 non
666 3746 791 3806 ¹³tamen
815 3745 878 3823 ipse
907 3752 953 3805 est
981 3743 1065 3804 ouius
1087 3752 1134 3804 est
1156 3742 1262 3803 dictus.
1313 3740 1397 3801 Nulla

222 3870 271 3911 res
296 3849 418 3910 alieuius
441 3850 505 3928 ipsa
529 3848 681 3924 esteuius
706 3855 760 3907 est.
810 3845 901 3906 Plane
930 3864 996 3906 eum
1025 3843 1094 3923 quid
1125 3863 1160 3904 er
1188 3842 1254 3921 ipso
1278 3849 1339 3914 est,
1368 3847 1399 3901 et
1499 3837 1502 3840 ’

222 3952 265 4013 sie
289 3952 353 4012 eius
377 3961 437 4019 est,
462 3950 530 4009 dum
554 3968 589 4008 ex
611 3950 676 4027 ipso
700 3948 754 4018 sit,
787 3954 889 4026 potest
911 3945 967 4005 tale
990 3945 1059 4024 quid
1083 3963 1150 4006 esse
1173 3942 1258 4023 quale
1281 3941 1398 4021 etipse

224 4073 258 4112 er
281 4071 340 4130 quo
363 4060 411 4111 est
433 4061 462 4111 et
484 4051 567 4111 euius
591 4058 645 4109 est.
691 4049 727 4107 Et
749 4048 816 4107 ideo
841 4047 963 4124 spiritus
989 4045 1108 4119 ¹⁴deus,
1135 4054 1164 4105 et
1187 4062 1288 4104 sermo
1311 4042 1398 4116 deus,
1464 4120 1471 4133 .

224 4153 291 4231 quia
315 4171 350 4211 ex
373 4153 445 4223 deo,
470 4171 529 4211 non
552 4159 650 4210 tamen
673 4150 736 4228 ipse
760 4167 795 4208 ex
819 4141 885 4227 quo'
901 4154 955 4208 est.
1003 4145 1115 4217 ¹⁵Quod
1139 4145 1216 4206 deus
1237 4143 1301 4218 dei,
1330 4151 1397 4204 tan-
1433 4204 1437 4209 ,

225 4305 247 4353 9.
267 4307 291 4353 in
311 4306 389 4353 lesum
408 4305 450 4352 AB.
471 4304 534 4351 teta.

295 4374 352 4433 Cap.
373 4372 447 4420 xxvi.
493 4370 513 4417 l.
533 4370 693 4418 videmussed.
748 4368 770 4415 2.
790 4368 927 4416 decurrisse
945 4369 969 4415 Α.
989 4365 1053 4414 leva
1105 4361 1401 4431 35manileetobleid.

225 4441 248 4488 l.
270 4441 298 4486 rie
318 4441 436 4487 nativitate
456 4439 490 4486 cd.
541 4438 562 4483 5.
584 4438 645 4484 idem
666 4440 697 4495 d,
718 4452 768 4484 oum
785 4437 866 4485 Fuluio
887 4434 977 4482 llrsiao.
1025 4430 1048 4480 6.
1068 4429 1275 4480 opimantur.
1316 4427 1400 4504 'bro-

226 4509 318 4555 cabitur
337 4515 434 4553 sanetus
452 4509 476 4553 Α.
497 4505 560 4552 leid.
623 4503 646 4552 8.
671 4505 838 4565 qvvod--
862 4503 987 4549 verebatur
1010 4499 1177 4548 embleitl.
1239 4496 1263 4546 9.
1288 4496 1401 4570 spirltum

226 4576 263 4622 dei
283 4593 302 4624 c.
339 4575 439 4635 spiritns
458 4573 495 4619 tlei
516 4572 575 4618 dens
594 4573 626 4632 d„
647 4587 697 4619 rum
715 4572 794 4619 l'uluio
807 4570 896 4618 llrsr'no.
946 4567 984 4616 tu.
1003 4565 1070 4614 Sicut
1087 4567 1124 4614 erl.
1142 4565 1215 4625 teia,
1235 4571 1281 4613 tres
1290 4563 1401 4636 Votienus²

227 4643 377 4704 Siereliqai.
434 4641 471 4687 ll.
492 4638 713 4687 [octembleitl.
761 4636 798 4685 ll.
818 4638 917 4699 spiritus
935 4651 957 4683 α.
1012 4631 1261 4682 taeniarum.
1306 4627 1343 4676 14.
1363 4626 1401 4675 det

227 4711 287 4758 deus
306 4718 329 4758 et
347 4722 428 4757 sermo
448 4708 485 4755 dei
504 4707 564 4755 deus
583 4709 615 4765 vt,
635 4706 698 4753 Folo.
711 4705 815 4753 lirainur.
871 4702 908 4750 lb.
929 4701 1036 4759 Quodsi
1056 4701 1087 4760 a,
1108 4714 1159 4750 conv
1176 4698 1256 4747 Fulvio
1276 4696 1368 4744 llrviao.

263 4811 279 4857 t.
301 4810 531 4857 demonstrationem
551 4806 658 4855 eiusdem
675 4807 751 4868 patris
771 4813 794 4854 et
811 4798 867 4867 tilii]
898 4803 949 4851 lloo
975 4807 1012 4851 est
1034 4800 1098 4866 quod
1123 4806 1193 4864 pater
1216 4804 1239 4846 et
1257 4795 1321 4844 filius
1339 4793 1402 4842 idem

228 4878 285 4926 sint.
319 4877 510 4939 Breviloquentia
529 4874 686 4937 Septimiana.

261 4963 419 5005 Tnnruttrrar
435 4972 645 5004 obermunster.
665 4957 728 5001 Tem.
739 4955 766 5000 ll.
941 4931 945 4938 Ι
1217 4944 1251 4994 44
