3242 5775
681 689 831 733 anrmsus
852 690 994 735 euaxern.
1358 682 1416 746 691

244 837 423 897 sententiam
440 837 626 915 interpretari
643 849 803 912 conantur,
826 847 859 899 ut
880 858 973 919 aeque
993 841 1023 901 in
1040 860 1098 903 una
1112 861 1241 922 persona
1263 852 1421 927 utrumque

245 938 446 1014 distinguant,
469 946 582 1015 patrem
606 938 763 1011 etlilium,
787 940 939 1001 discentes
962 941 1054 1003 lilium
1077 962 1195 1005 carnem
1217 963 1298 1018 esse,
1322 946 1351 1007 id
1374 956 1420 1009 est

245 1038 413 1109 bominem,
437 1037 465 1097 id
490 1047 537 1098 εει
558 1037 671 1112 lesum,
693 1048 808 1118 patrem
832 1049 928 1102 autem
952 1041 1107 1121 spiritum,
1136 1045 1165 1105 id
1188 1053 1235 1106 est
1257 1045 1361 1117 deum,
1390 1046 1420 1107 id
1468 1045 1474 1122 l

243 1149 293 1199 est
308 1139 468 1198 Christum.
504 1138 540 1199 Et
561 1139 611 1217 qui
634 1158 724 1200 unum
747 1140 932 1221 eundemque
948 1142 1131 1204 contendunt
1144 1154 1257 1223 patrem
1274 1146 1419 1218 etlilium,

243 1239 303 1299 iam
327 1238 470 1317 incipiunt
491 1239 622 1300 dividere
644 1240 711 1300 illos
734 1242 835 1319 potius
858 1261 944 1321 quam
967 1242 1086 1304 ‘unare
1120 1243 1152 1304 Si
1175 1244 1253 1305 enim
1276 1245 1351 1308 alius
1373 1255 1421 1307 est

244 1339 341 1410 lesus,
365 1340 439 1399 alius
456 1340 603 1410 Christus,
626 1341 701 1401 alius
724 1342 780 1401 erit
801 1342 890 1414 lilius,
913 1342 1005 1404 ³alius
1026 1352 1121 1421 pater,
1143 1344 1419 1422 palentinensis,

244 1451 276 1499 ει
299 1452 382 1518 pater
404 1440 550 1502 Christus.
601 1441 701 1502 Talem
730 1442 930 1503 monarchiam
959 1443 1036 1521 apud
1059 1444 1245 1506 Valentinum
1273 1447 1420 1508 lortasscl·

243 1541 427 1613 didicerunt,
451 1541 526 1601 duos
549 1542 661 1613 lacere,
696 1543 794 1603 lesum
819 1552 849 1604 et
869 1537 1030 1605 Christum.
1074 1543 1133 1605 Sed
1156 1554 1185 1607 et
1207 1546 1280 1608 boec
1300 1547 1420 1610 iniectio

243 1660 350 1702 eorum
374 1662 407 1702 ex
431 1643 653 1721 “praetractatis
676 1643 733 1702 iam
756 1652 858 1704 retusa
881 1653 943 1717 est,
966 1644 1046 1723 quod
1069 1662 1169 1706 sermo
1191 1646 1239 1707 dei
1261 1647 1306 1707 rel
1328 1648 1420 1727 spiri·

246 1751 296 1802 tus
320 1742 366 1803 dei
390 1753 418 1803 et
440 1744 534 1803 virtus
558 1743 692 1803 altissimi
721 1743 816 1804 dictus
845 1744 898 1816 sit,
933 1763 1020 1823 quem
1048 1753 1162 1824 patrem
1191 1746 1311 1808 faciunt.
1354 1747 1421 1808 Nou

243 1843 429 1921 enimtpsae
451 1852 520 1904 sunt
543 1843 626 1904 ouius
648 1844 801 1915 dicuntur,
835 1844 888 1905 sed
919 1864 954 1905 ex
982 1845 1047 1924 ipso
1077 1853 1107 1906 et
1129 1846 1234 1924 ipsius.
1278 1846 1316 1907 Et
1337 1846 1422 1908 alitor
1470 1861 1480 1882 ³

244 1953 344 2003 tamen
369 1944 398 2003 in
422 1945 479 2004 isto
502 1944 628 2023 capitulo
652 1945 849 2005 revincentur.
883 1945 968 2018 Ecce,
991 1945 1137 2024 inquiunt,
1160 1945 1197 2008 ab
1212 1946 1316 2026 angelo
1330 1944 1419 2027 prae-

242 2045 373 2104 dicatum
396 2053 455 2105 est:
478 2045 639 2123 Propterea
662 2045 740 2124 quod
764 2053 902 2106 nascetur
923 2054 1072 2119 sanctum,
1095 2046 1246 2109 vocabitur
1266 2046 1344 2109 filius
1359 2046 1529 2114 doitrant

243 2144 321 2204 Caro
345 2146 442 2223 itaque
466 2155 532 2205 nata
556 2155 616 2217 est,
640 2164 708 2206 caro
730 2146 847 2224 'itaque
870 2147 926 2206 erit
947 2146 1024 2206 lilius
1045 2146 1102 2207 dei.
1136 2147 1230 2208 lmmo
1252 2148 1290 2209 de
1312 2148 1420 2229 spiritu

243 2245 293 2305 dei
317 2245 425 2307 dictum
449 2254 505 2307 est.
551 2246 636 2307 Certe
659 2246 737 2306 enim
760 2246 797 2306 de
827 2246 933 2324 spiritu
963 2254 1065 2307 sancto
1093 2247 1176 2326 virgo
1207 2248 1357 2328 concepit,
1390 2255 1421 2309 et
1524 2259 1529 2278 ⁴

244 2346 324 2424 quod
348 2347 497 2425 concepit,
532 2346 560 2405 id
589 2346 720 2424 peperit3
752 2345 781 2406 id
810 2364 881 2424 ergo
904 2347 986 2407 nasci
1008 2345 1135 2409 habebat
1157 2348 1235 2427 quod
1258 2355 1323 2409 erat
1343 2366 1418 2409 con·
1487 2426 1490 2432 ,

244 2455 364 2524 ceptum
388 2457 417 2507 et
439 2447 633 2526 pariundum‚
667 2446 696 2506 id
720 2455 765 2507 est
787 2447 925 2524 spiritus,
959 2447 1044 2508 cuius
1073 2457 1103 2509 ει
1130 2448 1283 2509 vocabitur
1310 2466 1420 2510 nomen

242 2547 453 2619 ‘EmmanueL
477 2547 556 2627 quod
580 2555 625 2607 est
646 2547 887 2624 interpretatum:
910 2545 1069 2608 Nobiscum
1092 2548 1178 2610 deus.
1223 2548 1297 2609 Caro
1321 2558 1529 2636 arrtemnuuu¹

245 2647 321 2708 deris
344 2667 405 2708 non
429 2657 484 2720 εει,
508 2657 539 2709 ιιι
563 2648 598 2708 de
622 2647 669 2707 illa
687 2647 797 2707 dictum
812 2648 860 2718 sit,
884 2648 1080 2716 ”Vocabitur
1102 2659 1235 2710 sanctum
1258 2648 1336 2711 lilius
1359 2649 1418 2723 dei,

245 2747 301 2807 sed
323 2747 371 2807 ille
394 2749 443 2827 qui
466 2748 496 2808 in
513 2767 545 2808 ea
562 2757 648 2808 natus
664 2756 711 2808 est
726 2747 810 2820 deus,
834 2748 945 2827 dequo
962 2757 990 2809 et
1005 2749 1156 2827 psalmus:
1181 2749 1328 2822 Quoniam
1343 2748 1529 2841 deusmfffi

244 2850 336 2909 homo
360 2859 447 2911 natus
470 2858 515 2911 est
536 2849 653 2921 imilla,
685 2857 714 2910 et
740 2848 904 2915 aedificarit
932 2868 996 2912 eant
1025 2849 1175 2911 voluntate
1197 2849 1300 2929 patris.
1345 2848 1420 2923 Quis

245 2951 321 3012 deus
344 2951 372 3010 in
397 2969 430 3011 ea
453 2949 563 3011 natus?
595 2955 695 3010 sermo
719 2960 748 3011 et
770 2951 909 3030 spiritus,
939 2951 989 3031 qui
1018 2969 1083 3012 cum
1107 2969 1247 3012 sermone
1269 2952 1306 3012 de
1327 2951 1420 3030 patris

244 3052 396 3112 voluntate
419 3059 576 3111 natusest.
615 3051 707 3128 lgitur
728 3069 828 3112 sermo
850 3052 880 3112 iu
903 3071 1005 3124 carne,
1028 3050 1115 3112 ⁹dnm
1139 3060 1167 3112 et
1189 3051 1228 3113 de
1247 3051 1305 3112 boc
1326 3070 1418 3130 quae-

244 3152 386 3224 rendum,
410 3152 559 3230 quomodo
583 3170 682 3212 sermo
706 3171 774 3212 caro
797 3152 967 3223 sitiamus,
995 3160 1133 3211 utrumne
1155 3153 1239 3230 quasi
1262 3152 1422 3231 transfigu-

246 3263 327 3312 ratus
351 3254 380 3312 in
404 3271 507 3325 carne,
530 3271 567 3312 an
590 3252 711 3312 indutus
734 3270 863 3312 carnem.
898 3251 991 3312 lmmo
1014 3251 1146 3312 indutus.
1181 3251 1318 3312 Ceterum
1333 3238 1422 3312 deum

246 3353 448 3413 inmutabilem
483 3363 513 3414 ct
545 3352 761 3412 informabilem
795 3351 875 3411 credi
909 3369 1032 3411 necesse
1066 3360 1127 3421 εει,
1166 3351 1226 3410 ¹⁰ut
1258 3361 1421 3409 aeternum.

245 3454 481 3532 Transfiguratie
505 3463 602 3513 autem
625 3451 815 3530 interemptio
844 3459 890 3511 est
911 3450 1040 3529 pristini.
1086 3450 1182 3510 Omne
1205 3448 1300 3519 euim,
1322 3448 1419 3527 quod-

246 3574 363 3633 cunque
387 3555 613 3633 transfiguratur
641 3555 670 3613 in
701 3552 795 3624 aliud,
830 3550 939 3610 desinit
968 3568 1036 3610 esse
1064 3547 1144 3627 quod
1172 3550 1282 3619 luerat,
1316 3557 1345 3609 et
1372 3549 1420 3608 in-

245 3655 319 3732 cipit
340 3674 408 3716 esse
431 3656 509 3733 quod
533 3674 592 3715 uon
617 3662 687 3714 erat
743 3652 822 3712 Deus
850 3660 947 3711 autem
970 3667 1066 3726 neque
1095 3648 1205 3709 desinit
1232 3665 1299 3709 esse
1326 3665 1421 3726 neque

245 3755 324 3815 aliud
347 3765 448 3835 potest
472 3775 550 3816 esse.
596 3756 702 3815 Sermo
726 3761 824 3814 autem
846 3751 920 3812 deus
949 3758 978 3810 et
1000 3767 1100 3811 sermo
1128 3747 1242 3810 domini
1263 3754 1363 3820 manet
1390 3747 1420 3808 in

245 3875 368 3928 aerum,
401 3856 621 3935 perseverando
646 3855 758 3915 scilicet
786 3854 816 3913 in
839 3870 893 3914 sua
915 3851 1020 3912 forma.
1063 3850 1170 3923 Quem
1202 3849 1228 3910 si
1255 3866 1315 3909 non
1344 3847 1423 3928 capit

246 3957 469 4035 ¹¹configurari,
501 3974 687 4034 consequens
717 3964 818 4016 estut
841 3952 974 4014 siccaro
998 3952 1090 4013 luctus
1119 3951 1320 4030 intellegatur,
1350 3949 1420 4010 dum

246 4058 308 4117 ¹²lrt
331 4058 360 4117 in
384 4076 481 4128 carne,
505 4067 534 4117 et
556 4057 760 4117 manilestatur
782 4065 812 4116 ει
834 4053 950 4115 videtur
965 4061 996 4112 et
1010 4061 1209 4113 contrectatur
1222 4069 1276 4130 per
1291 4067 1420 4140 carnem,

244 4159 315 4237 quia
339 4168 367 4219 et
389 4167 484 4219 cetera
509 4159 553 4218 sic
574 4155 665 4236 accipi
689 4157 818 4234 exigunt.
872 4154 904 4214 Si
934 4152 1013 4213 enim
1042 4169 1141 4212 sermo
1170 4171 1205 4212 ex
1227 4151 1420 4229 transfigura-

247 4260 330 4320 tione
353 4268 383 4320 et
411 4259 612 4320 demutatione
640 4257 823 4318 substantiae
852 4274 920 4316 caro
949 4255 1043 4314 lactus
1071 4259 1134 4325 est,
1168 4269 1226 4311 una
1256 4251 1313 4313 iam
1337 4250 1423 4311 ¹³erit

244 4380 271 4427 4.
292 4395 366 4427 unare
385 4380 469 4428 Bobcd.
506 4379 589 4426 iuuare
607 4379 631 4426 Α.
651 4378 715 4425 leid.
751 4377 820 4424 unire
839 4375 1008 4434 tresVuticoni‚
1027 4371 1202 4420 tertel'omelio.
1254 4369 1277 4419 b.
1296 4369 1358 4419 alius
1377 4385 1445 4427 om„

246 4448 290 4495 to.
311 4448 374 4495 leid.
436 4445 460 4493 6.
479 4446 645 4507 praetractatis
663 4446 705 4494 la.
726 4445 798 4503 leid„
824 4451 845 4492 et
864 4443 889 4490 ll.
908 4444 932 4489 in
949 4454 1030 4502 muru„
1057 4454 1086 4487 ec
1102 4438 1272 4500 Hirrcupienri,
1298 4439 1323 4485 ni
1340 4436 1419 4500 tollor,

247 4517 335 4562 codice.
378 4516 513 4562 retractatis
538 4514 605 4561 llubc.
658 4511 681 4560 t.
708 4513 790 4574 utiquc
815 4512 847 4570 d,
876 4524 925 4559 rum
950 4508 1030 4556 Fulvio
1050 4505 1140 4554 Ursino.
1202 4503 1225 4552 8.
1250 4503 1376 4553 emanuhel
1396 4502 1421 4550 Β.

246 4580 293 4629 8b.
313 4582 377 4643 qnod
397 4589 509 4628 nascetur
527 4588 645 4637 sanctum,
664 4579 786 4627 uocabitur
804 4577 868 4626 ultus
887 4576 924 4623 dei
943 4572 975 4635 d,
993 4588 1046 4624 cum
1063 4573 1144 4622 Fulvio
1163 4571 1253 4647 vrsipo.
1305 4570 1329 4619 a.
1350 4569 1421 4616 Deur-

247 4664 294 4711 que
314 4650 381 4697 etde
401 4649 579 4697 bocloliaius.
624 4645 662 4693 lo.
681 4647 704 4694 iu
723 4646 890 4694 aeternuml.
911 4643 972 4691 leid.
1019 4638 1306 4713 lbeoollgurarrbobc.
1341 4645 1422 4684 traus-

247 4718 345 4776 srgurari
365 4718 396 4775 d,
417 4732 466 4765 cum
485 4716 565 4763 Fuluio
586 4714 675 4761 Ursino.
717 4711 855 4772 consignari
873 4712 898 4760 A.
959 4706 998 4757 12.
1016 4708 1042 4756 tu
1059 4707 1100 4756 td.
1119 4707 1183 4756 told.
1219 4705 1334 4755 sltrlnbc.
1383 4699 1425 4749 13.

245 4788 293 4831 erit
312 4785 343 4843 d.‚
364 4800 413 4833 cum
433 4784 513 4831 fulcio
533 4782 623 4829 t'rsiao.
661 4789 711 4828 erat
728 4781 816 4828 Allobo.
835 4778 899 4828 leid.

282 4883 306 4930 b.
325 4884 389 4946 apud
408 4882 557 4931 Valentinum
577 4874 693 4942 lortasse]
714 4880 749 4929 Cl.
768 4878 825 4930 Adr.
838 4876 954 4926 Valentio.
973 4888 1027 4938 cop.
1040 4872 1071 4922 16
1090 4880 1113 4921 ει
1131 4870 1171 4919 2ι.
1211 4948 1269 5000 w
