3242 5775
554 647 859 698 mmsusmsses.
910 709 914 716 Ι
963 669 966 674 -
1231 629 1297 708 m

123 804 213 868 etiam
235 801 365 864 nominis
388 800 527 864 dominini
548 799 740 882 inrugurrtus
761 809 810 866 est
829 785 939 884 ligura,
959 811 993 868 ut
1012 803 1098 870 lesus
1119 805 1292 872 nominare·

124 916 183 968 tur.
218 904 291 965 Nam
313 903 362 982 qui
384 903 420 966 ad
441 903 563 983 Moysen
585 902 776 984 loquebatur,
806 904 874 986 ipse
893 912 959 968 erat
977 904 1026 970 dei
1056 905 1153 983 fliius,
1182 907 1234 990 qni
1261 915 1293 974 et
1413 909 1416 916 '

124 1024 245 1087 semper
260 1003 420 1067 ridebatur.
453 1004 546 1066 Deum
568 1004 647 1066 enim
668 1014 781 1086 patrem
803 1023 892 1068 nemo
912 1003 986 1070 vidit
1005 991 1144 1088 unquam,
1164 1007 1435 1120 mmxitfflp'*

125 1109 166 1171 Et
187 1109 255 1170 ideo
277 1113 395 1168 constat
414 1105 511 1186 ipsum
533 1105 581 1167 dei
603 1104 693 1168 tilium
707 1105 802 1187 Moysi
820 1125 890 1170 esse
903 1106 1051 1183 loentum,
1072 1117 1105 1172 et
1122 1099 1235 1176 daim
1255 1113 1304 1178 sd¹

123 1209 287 1291 populum:
319 1206 410 1280 Eone,
433 1206 517 1286 'ego
539 1207 623 1270 mitto
645 1198 906 1288 angelum'meum
928 1197 997 1272 aute
1018 1208 1124 1274 laniem
1142 1203 1240 1288 tuun',
1260 1201 1405 1318 idum
1495 1209 1500 1224 ²

123 1319 175 1374 est
195 1308 313 1391 populi,
336 1309 386 1389 qui
408 1317 438 1370 te
459 1307 657 1371 custodiaria
679 1308 799 1385 itinere,
822 1317 854 1372 et
872 1307 1159 1386 prodeuntem
1172 1301 1299 1391 turam,
1407 1279 1445 1327 η’

124 1427 215 1492 quam
237 1409 436 1491 “praeparavi
460 1409 527 1483 tibi;
559 1410 679 1472 intende
708 1409 749 1473 iili
771 1419 802 1473 et
822 1411 890 1474 sudi
911 1405 993 1488 eum,
1026 1421 1059 1476 et
1076 1429 1117 1476 no
1135 1411 1294 1482 “irnham
1359 1425 1362 1430 '
1412 1445 1416 1464 ·

122 1515 213 1576 diens
235 1512 325 1574 tueris
340 1511 383 1585 ei,
406 1528 466 1572 non
489 1510 566 1573 enim
589 1510 742 1574 ''beslarit
760 1520 807 1588 te,
829 1511 1097 1591 quoniam-nomeu
1117 1529 1293 1582 memsu-
1354 1555 1357 1560 -
1386 1503 1390 1510 ’
1482 1553 1488 1566 ·

124 1634 184 1697 per
204 1615 285 1677 illum
308 1620 364 1675 est
406 1612 551 1692 Populum
579 1612 658 1676 enim
687 1613 912 1677 introducturus
940 1621 1005 1677 erat
1022 1613 1109 1680 lesus
1128 1615 1162 1680 iu
1182 1613 1292 1684 hittun

123 1715 387 1798 repromissionis,
409 1732 470 1775 non
485 1714 612 1795 Moyses.
644 1715 785 1794 Angelum
807 1713 926 1794 quidem
947 1715 1023 1779 dixit
1040 1735 1108 1780 eum
1122 1709 1301 1800 081ῳῖ-
1382 1739 1386 1744 ·

125 1818 261 1882 tudinem
283 1818 438 1889 virtutum,
460 1834 534 1895 quas
557 1825 621 1879 erat
641 1816 773 1878 editurus
795 1820 880 1897 (quas
894 1815 1019 1882 virtutes
1033 1817 1204 1884 lotitiam
1212 1819 1294 1886 Nare
1340 1893 1346 1902 ‚

124 1930 161 1984 et
181 1920 240 2000 ipsi
261 1918 387 1998 legitis),
410 1925 440 1979 et
461 1916 527 1979 ⁸'nb
549 1917 677 1980 officium
698 1917 877 1998 prophetae,
899 1917 1062 1982 nuntiantis
1083 1918 1197 1986 sdiiert
1215 1921 1300 1986 divi·
1342 1913 1345 1920 '
1373 1905 1376 1912 ’
1424 1901 1427 1912 ’

126 2041 198 2085 nam
219 2020 416 2095 voluntatem
439 2018 525 2081 sicuti
547 2028 577 2080 et
596 2037 823 2099 praeoursorem
838 2018 964 2092 Christi,
984 2019 1143 2097 loannem,
1162 2023 1294 2102 lemgum
1349 2003 1362 2076 ⁵.

124 2122 265 2204 angelum
287 2120 413 2202 appellat
433 2139 488 2201 per
498 2120 682 2200 “propheta
705 2120 828 2201 spiritus
855 2120 959 2184 diosus
980 2139 1016 2184 ex
1036 2139 1165 2202 persona
1183 2125 1293 2206 petr'n:

125 2202 221 2298 Eone,
249 2224 334 2286 mitto
353 2222 490 2301 angdum
512 2239 610 2284 meum
631 2231 699 2284 ante
720 2221 824 2285 laniem
846 2231 943 2295 tuam,
975 2221 1006 2286 id
1027 2231 1074 2288 est
1094 2219 1218 2318 Christi,
1240 2219 1446 2334 sprifflffl

125 2325 316 2411 praeparabit
336 2324 413 2386 viam
435 2333 513 2386 tuam
535 2330 603 2385 ante
625 2332 664 2386 te.
695 2322 757 2386 Nee
776 2340 887 2387 uorum
908 2332 956 2388 est
974 2324 1093 2406 spiritui
1113 2333 1216 2392 meto
1236 2347 1293 2392 an·
1361 2307 1369 2322 ⁸

125 2429 215 2510 gelos
246 2426 392 2507 appellare
424 2443 478 2487 eos
506 2443 583 2505 quos
611 2424 764 2489 ministros
791 2443 864 2489 suae
894 2424 1012 2489 uirtutis
1038 2426 1112 2490 deus
1133 2427 1295 2510 ¹praeierit.

126 2532 212 2594 ldem
234 2530 313 2591 enim
335 2529 459 2589 {oannes
480 2545 541 2588 uon
563 2534 675 2588 tautum
697 2526 819 2606 augelus
834 2525 944 2590 Christi
963 2534 1083 2591 voratus
1104 2535 1168 2605 est,
1190 2531 1249 2614 sed,
1265 2537 1304 2595 et·
1432 2607 1435 2612 ,

125 2634 250 2696 lucerua
270 2631 373 2693 luoens
395 2627 636 2690 antechristum.
667 2627 770 2690 Paravi
791 2627 899 2691 *euim
912 2628 1061 2692 lunernan
1076 2627 1195 2698 Christe
1213 2619 1425 2735 mm,'ffi,

130 2733 226 2799 David
247 2731 410 2812 praedicat3
438 2729 553 2810 ⁸’quem
575 2729 641 2811 ipse
663 2728 816 2805 Christus,
837 2729 960 2792 renisus
980 2729 1143 2811 adinplere
1162 2719 1297 2814 prephe-¹
1424 2711 1435 2730 ’

130 2845 196 2909 tas,
218 2834 289 2897 dicit
309 2833 345 2896 ad
366 2831 503 2895 ludaeos.
544 2830 597 2893 Ille
617 2829 687 2907 luit,
716 2830 828 2912 inquit,
855 2830 975 2895 luesrna
996 2830 1104 2896 ardens
1131 2841 1162 2897 et
1180 2821 1408 2911 lunensium

128 2946 236 3020 utpote
258 2937 307 3015 qni
329 2952 390 2996 non
411 2943 525 2996 tantum
546 2933 608 2996 ries
631 2933 696 2995 eins
715 2931 839 3013 parabat
858 2933 889 2995 in
909 2931 1054 3011 ”eremo,
1075 2934 1129 3003 sed
1143 2920 1423 3017 pugnaueris*

125 3040 179 3105 dei
201 3036 432 3101 demonstrando
463 3034 642 3097 illuminabat
665 3043 780 3096 mentes
802 3034 955 3123 hominum
976 3035 1136 3116 praeconio
1158 3054 1231 3112 suo,
1261 3044 1306 3101 ut·

129 3154 201 3206 eum
223 3158 291 3202 esse
312 3137 517 3216 intellegerent
537 3155 643 3215 agnum
666 3154 753 3215 quem
774 3136 892 3217 Moyses
921 3154 1078 3217 passumm
1106 3134 1297 3203 ”nuntiabat
1390 3170 1395 3185 ·

128 3244 184 3307 Sie
204 3250 235 3303 et
248 3242 331 3303 lesus
355 3238 393 3301 ob
415 3237 545 3299 nominis
569 3238 616 3299 sui
637 3239 766 3298 futurum
781 3246 1014 3312 sacramentum,
1036 3236 1065 3300 id
1087 3236 1167 3300 enim
1187 3228 1298 3303 nomeu

130 3362 221 3408 sunm
243 3340 426 3405 confirmavit
446 3339 524 3418 quod
553 3339 619 3418 ipse
647 3337 673 3398 ei
702 3337 862 3412 indiderat,
894 3336 962 3417 quia
988 3356 1049 3399 nnn
1081 3337 1216 3418 angelum
1241 3356 1298 3403 neo
1400 3410 1403 3415 ,

127 3432 297 3518 misnen,
320 3441 373 3504 sed
395 3440 495 3503 lesum
518 3457 584 3500 eum
606 3437 863 3500 iusserat'exindr
876 3438 984 3500 vorari.
1012 3438 1062 3501 Sie
1074 3438 1166 3517 igitur
1178 3444 1295 3501 uuum-
1418 3490 1422 3497 .

130 3565 194 3629 que
225 3563 334 3608 nomen
366 3541 508 3622 competit
534 3541 652 3602 Ciuisto
679 3540 745 3614 dei,
780 3547 815 3601 ut
840 3547 871 3602 et
896 3538 978 3600 lesus
1007 3537 1213 3619 appellaretiu.
1259 3538 1307 3603 iit·

134 3646 275 3729 quoniam
297 3664 333 3707 ex
355 3644 469 3706 semine
484 3642 576 3704 David
597 3660 690 3722 genus
711 3640 828 3703 uehere
849 3638 972 3702 deberet
991 3638 1073 3719 uirgo
1095 3658 1201 3721 exque
1215 3641 1299 3705 uasa

132 3748 270 3830 oportuit
288 3746 452 3817 Christum,
476 3753 508 3806 ut
528 3762 617 3824 supra
639 3740 882 3817 memoravimus,
904 3734 1055 3805 evidenter
1074 3739 1245 3824 ”propheta
1265 3742 1309 3806 iu'

130 3849 327 3932 sequentibus
358 3847 471 3908 ⁹'dicim
508 3845 546 3906 Et
572 3854 727 3919 nascetur,
758 3845 868 3924 inquit,
900 3843 980 3925 virga
1006 3842 1045 3906 de
1075 3843 1174 3907 radios
1199 3842 1451 3923 insternatur.

132 3952 216 4035 quod
238 3961 287 4014 est
308 3950 410 4022 Maria,
444 3957 474 4008 et
502 3948 558 4008 iios
586 3945 742 4008 deradice
769 3945 835 4007 eius
861 3944 1043 4020 “ascendet
1077 3956 1106 4007 et
1131 3943 1301 4027 requiesset

131 4056 255 4135 “super
275 4052 356 4113 illum
379 4050 501 4131 spiritus
525 4049 588 4122 dei,
610 4047 764 4127 ”spiritus
785 4047 947 4128 sapientiae
961 4054 992 4108 et
1003 4044 1184 4123 intellectus,
1203 4046 1297 4128 ”spi-

134 4156 210 4219 ritus
233 4153 392 4235 agnitionis
415 4162 444 4213 et
464 4150 598 4231 pietatis,
627 4149 749 4230 spiritus
777 4148 894 4211 consilii
921 4156 952 4209 et
970 4146 1145 4223 ”veritatim
1174 4148 1298 4229 spiritns

134 4258 184 4320 dei
206 4256 323 4319 timoris
345 4253 478 4333 implebit
499 4254 589 4314 illum.
640 4251 741 4329 Neque
767 4250 846 4313 enim
873 4248 923 4312 ulli
950 4247 1104 4311 homiuum
1125 4248 1300 4315 universitas

133 4409 178 4463 88.
197 4424 243 4472 ego
262 4409 330 4458 mitto
348 4403 418 4458 ised.
438 4407 507 4457 Velie.
543 4420 587 4467 ego
604 4406 697 4470 reliqui.
744 4402 788 4473 84.
807 4412 831 4453 te
848 4403 872 4453 iu
889 4399 912 4452 λ.
953 4403 977 4452 in
992 4396 1087 4466 reliqui.
1136 4400 1177 4453 88.
1196 4416 1299 4469 praepe-

135 4478 196 4530 rrsit
212 4477 257 4528 rt.
311 4475 352 4525 88.
371 4475 528 4525 inobaudiens
544 4469 566 4522 λ.
601 4472 741 4522 inobediens
758 4472 850 4536 reliqui.
904 4468 969 4521 sst.
986 4468 1074 4519 alulit
1090 4470 1114 4521 d.
1129 4471 1298 4535 iodddrsdts,

135 4547 276 4599 friantur.
328 4542 368 4593 87.
387 4544 418 4591 ob
436 4544 540 4592 oilleinm
556 4537 596 4590 ld.
638 4541 742 4590 silicium
765 4541 856 4604 reliqui
914 4537 956 4589 88.
973 4538 1038 4587 enlm
1054 4532 1094 4589 M.
1136 4540 1200 4589 eni·
1224 4538 1301 4604 iuquit

134 4616 231 4680 reliqui.
284 4610 568 4671 enodarentur.
614 4607 654 4658 88,
673 4617 770 4658 aeterno
787 4601 809 4654 λ.
855 4605 897 4657 et.
915 4604 1054 4656 uenustas
1070 4606 1105 4657 ie.
1143 4605 1205 4657 811).
1218 4618 1300 4667 ,austu

135 4683 179 4734 AB.
221 4678 263 4731 92
283 4680 400 4743 propheta
417 4673 456 4727 ld.
499 4678 582 4726 Esaias
605 4676 722 4740 prophete
745 4676 837 4739 religet
889 4672 930 4724 88.
954 4666 1065 4724 diutia
1086 4672 1155 4726 l'stie.
1189 4674 1312 4725 diriter-⁸

134 4752 205 4818 lipsi.
241 4748 282 4799 84.
303 4746 605 4808 ascendet,etreqniescet
619 4739 671 4794 ted.
706 4742 926 4808 lseeudetrelipsl.
960 4739 1002 4791 88.
1018 4734 1144 4793 lentot.
1177 4740 1313 4805 superet·

135 4819 178 4870 88.
198 4817 302 4882 spiritus
318 4810 358 4865 ld.
393 4822 415 4864 et
433 4814 531 4879 spiritus
547 4814 639 4876 religni.
681 4810 723 4861 at.
741 4810 840 4874 spiritns
853 4809 947 4861 consilli
963 4814 987 4861 et
1002 4809 1103 4872 uirtutis,
1119 4809 1219 4874 spiritns
1232 4810 1302 4873 agal·

127 4887 212 4940 tionis
232 4892 257 4936 et
273 4884 370 4949 pietatis
388 4883 423 4934 ed.
474 4880 516 4932 88.
534 4880 637 4930 veritatis
654 4874 726 4942 (liet.
759 4878 852 4930 rimulis
866 4878 960 4945 religni,
978 4880 1001 4929 st
1020 4876 1090 4931 trae
1271 4882 1306 4909 ’·’·
