3242 5775
317 619 379 688 726
483 691 486 696 ,
572 631 673 685 orrum
696 630 827 675 sarrruu
848 629 1013 674 rnonunrre
1035 629 1232 672 runrunctuu
1344 599 1349 608 ’

316 784 491 867 spiritalium
513 784 757 846 documentorum
779 779 965 861 competebat
986 779 1072 842 ⁹⁹uisi
1087 781 1117 842 in
1133 765 1297 849 Christum,
1322 780 1407 842 'flori
1422 780 1488 860 qui·

316 889 384 952 dem
405 885 460 948 'ob
483 885 622 964 gloriam,
644 882 700 945 'ob
723 883 846 963 gratiam
868 883 1076 962 adaequatum,
1104 902 1139 943 ex
1162 882 1256 961 stirpe
1280 891 1383 943 autem
1405 881 1484 944 lesse

315 990 500 1070 deputatum,
533 1004 587 1065 per
614 985 733 1046 hieriam
761 984 874 1046 scilicet
904 984 973 1045 inde
1001 984 1191 1045 censendum.
1242 983 1313 1044 Fuit
1341 983 1423 1045 enim
1450 983 1485 1046 de

314 1090 408 1171 patria
428 1087 598 1150 Bethlehem
621 1085 709 1148 etde
731 1086 820 1147 domo
843 1084 951 1157 David,
972 1085 1048 1146 sicut
1069 1086 1145 1164 apud
1164 1085 1318 1146 Romanos
1342 1085 1376 1146 in
1398 1104 1484 1147 ceusu

315 1190 463 1270 descripta
490 1198 537 1250 est
556 1187 662 1260 llaria,
696 1207 731 1248 er
759 1205 816 1265 qua
843 1186 975 1248 nascitur
997 1186 1141 1247 Christus.
1187 1186 1359 1266 Expostulo
1389 1188 1483 1261 eham,

308 1293 365 1371 tut
391 1291 439 1371 qui
467 1310 485 1352 a
511 1289 666 1369 prophetis
697 1286 920 1367 praedicabatur
952 1306 985 1356 er
1018 1288 1103 1350 lesse
1135 1303 1244 1367 genere
1277 1295 1426 1350 venturus
1457 1296 1487 1349 et

316 1412 435 1460 omnem
456 1390 649 1452 bumilitatem
673 1398 703 1451 et
723 1388 894 1468 patientiam
916 1397 947 1448 et
967 1389 1203 1468 tranquillitatem
1229 1398 1311 1450 esset
1334 1389 1483 1452 exhibitu·

315 1480 453 1568 rus,'an
475 1492 596 1554 venerit.
639 1491 754 1570 ‘Aeque
776 1491 816 1551 ita
838 1490 864 1551 is
892 1491 999 1562 homo,
1033 1490 1082 1569 qui
1104 1489 1169 1551 talis
1199 1491 1388 1563 ostenditur,
1423 1492 1483 1571 ipse

164 1597 376 1660 numanam
396 1594 547 1668 Christus,
574 1594 625 1673 qui
653 1592 742 1653 venit.
784 1591 828 1653 De
850 1591 908 1652 hoc
929 1592 1007 1652 enim
1028 1592 1172 1671 propheta
1194 1590 1297 1652 “dicit:
1328 1592 1430 1654 Homo
1457 1592 1485 1653 in

315 1697 398 1779 plaga
420 1694 554 1777 positus,
583 1702 613 1756 et
633 1695 732 1756 sciens
755 1694 832 1754 serre
854 1693 1097 1767 imbecillitatem,
1127 1693 1177 1772 qui
1199 1700 1340 1773 tanquam
1365 1694 1430 1756 oris
1450 1693 1482 1756 ad

316 1799 464 1862 uictimam
485 1797 590 1859 ductus
613 1805 674 1869 est,
698 1803 728 1856 et
749 1794 826 1856 sicut
848 1813 940 1874 agnus
962 1813 1061 1856 coram
1084 1795 1225 1856 tondente
1242 1814 1277 1857 se
1292 1814 1356 1857 non
1372 1795 1485 1875 aperuit

214 1915 266 1988 Μ,
293 1914 354 1963 ’os
375 1918 472 1962 suum.
515 1898 564 1959 ⁷si
586 1915 681 1977 neque
703 1896 869 1969 contendit,
898 1915 994 1976 neque
1021 1896 1169 1968 clamavit,
1198 1915 1296 1975 neque
1319 1897 1422 1959 audita
1443 1905 1486 1958 est

189 1985 304 2091 fflffi
318 2003 391 2066 ioris
412 2020 469 2063 ror
492 1999 556 2063 eius
578 1999 628 2078 qui
650 1998 824 2059 arundinem
845 1997 1030 2072 ⁸contusam,
1052 1997 1171 2059 Israelis
1195 1998 1293 2071 tidem,
1316 2017 1381 2060 non
1404 2017 1483 2061 eom·

315 2103 437 2177 minuit,
459 2101 509 2181 qui
531 2099 622 2162 linum
645 2100 768 2172 ardens,
800 2099 830 2160 id
854 2107 901 2160 est
922 2109 1159 2161 momentaneum
1181 2100 1318 2161 ardorem
1343 2102 1482 2179 gentium,

315 2222 377 2268 nou
399 2202 536 2275 extinxit,
558 2202 610 2263 sed
632 2200 748 2263 ⁹lucere
769 2201 862 2279 magis
884 2201 954 2262 iecit
975 2211 1041 2262 ortu
1062 2201 1181 2262 luminis
1209 2202 1271 2275 sui,
1301 2221 1366 2264 non
1389 2208 1483 2282 potest

316 2305 390 2368 alius
413 2321 591 2384 essequam
613 2303 663 2382 qui
687 2302 945 2381 ¹⁰praedicabatur.
990 2303 1116 2382 Oportet
1137 2303 1234 2382 itaque
1256 2315 1357 2365 actum
1376 2301 1481 2366 Christi

259 2464 262 2470 .
316 2406 396 2480 eius,
418 2407 468 2487 qui
491 2406 585 2479 venit,
607 2404 643 2466 ad
665 2403 878 2483 scripturarum
900 2403 1029 2483 regulam
1045 2404 1228 2482 recognosci.
1262 2404 1382 2483 lluplici
1398 2405 1482 2477 eoin,

315 2507 373 2572 nisi
395 2507 494 2578 lallor,
529 2503 701 2585 operatione
723 2504 892 2566 distinctum
915 2524 981 2566 eum
1003 2505 1143 2583 legimus,
1177 2505 1437 2584 “praedicationis
1456 2515 1486 2568 et

315 2608 442 2670 virtutis.
485 2606 544 2668 Sed
566 2607 603 2668 de
625 2616 750 2687 utroque
773 2605 885 2667 ¹²tittdo
914 2605 982 2669 ¹³sit
1008 2606 1196 2685 dispositum.
1240 2608 1346 2686 ltaque
1370 2609 1483 2689 specia-

316 2709 384 2771 liter
406 2707 642 2788 ”dispungamus
665 2708 800 2770 ordinem
823 2716 974 2787 coeptum,
1009 2709 1149 2769 docentes
1172 2709 1410 2786 praedicatorem
1431 2709 1484 2771 ad·

186 2810 481 2886 tmsrnrnuotiatum
504 2809 669 2883 Christum,
702 2818 734 2870 ut
755 2827 808 2889 per
831 2809 990 2871 “Esaiamz
1012 2810 1162 2884 Exclama,
1185 2811 1296 2891 inquit,
1319 2810 1352 2873 in
1376 2812 1483 2892 rigore,

216 2882 267 2941 ¹⁸⁴⁸
318 2921 349 2975 ot
370 2932 407 2975 ue
428 2912 613 2993 peperceris,
647 2911 740 2972 exalta
761 2919 794 2973 ut
815 2911 884 2973 tuba
906 2931 1006 2973 rocem
1036 2922 1130 2985 tuam,
1165 2913 1220 2974 ¹⁰et
1241 2915 1386 2975 adnuntia
1407 2912 1482 2993 plehi

317 3033 400 3077 meac
421 3013 550 3075 facinora
572 3013 720 3092 ipsorum,
744 3021 773 3074 et
795 3013 897 3075 domui
917 3013 1004 3075 iacob
1026 3013 1131 3075 delicta
1153 3032 1272 3075 eorum:
1307 3015 1356 3076 hle
1381 3016 1417 3077 de
1438 3015 1483 3077 die

316 3117 348 3186 in
370 3115 447 3178 diem
469 3122 629 3194 quaerunt,
652 3124 682 3175 el
702 3114 966 3193 cognoscere'rias
987 3135 1067 3176 meas
1084 3116 1220 3194 cupiunt3
1242 3116 1327 3196 quasi
1345 3116 1484 3196 populus,

316 3217 367 3297 qui
387 3215 530 3279 iustitiam
552 3214 669 3290 lecerit,
700 3224 730 3277 et
750 3216 890 3280 iudicium
912 3216 958 3278 dei
987 3234 1047 3277 non
1075 3218 1280 3296 dereliquerit,
1310 3227 1341 3278 ct
1363 3218 1483 3298 reliqua.

173 3317 302 3428 Jssffib
316 3320 446 3382 Virtutes
467 3327 564 3382 autem
587 3319 731 3379 iacturum
746 3336 762 3378 a
777 3326 876 3398 patre:
900 3316 1000 3381 ¹⁷Ecce
1022 3318 1094 3379 deus
1116 3329 1218 3380 noster
1240 3319 1384 3381 iudicium
1406 3320 1484 3382 ¹‘re-

315 3421 441 3494 tribuet,
463 3421 528 3500 ipse
549 3420 648 3483 reniet
670 3428 699 3481 et
720 3419 818 3481 salros
841 3418 927 3481 saciet
948 3439 1023 3495 nos,
1055 3429 1125 3481 tunc
1153 3420 1260 3482 infirmi
1290 3421 1483 3493 curabuntur,

112 3524 129 3585 1
316 3533 347 3586 et
367 3522 445 3591 oculi
465 3540 619 3586 caecorum
640 3520 796 3592 videbunt,
826 3530 856 3582 et
877 3539 964 3582 aures
987 3522 1145 3583 surdorum
1167 3521 1302 3595 audient,
1332 3523 1394 3585 ¹⁹ct
1415 3541 1480 3585 mu·

315 3633 413 3687 torum
434 3624 550 3703 liuguae
572 3623 740 3697 solventur,
762 3630 792 3685 et
814 3622 935 3685 claudus
951 3621 1052 3691 saliet,
1076 3622 1154 3683 velut
1176 3641 1296 3695 cerrus,
1320 3634 1353 3685 et
1375 3634 1480 3687 oeten.

315 3726 398 3800 Quae
420 3735 571 3805 operatum
595 3725 743 3787 Christum
765 3742 895 3786 necros
918 3723 1098 3797 diffitemini,
1127 3732 1229 3802 utpote
1258 3724 1307 3802 qui
1338 3725 1482 3802 dicebatis

200 3840 301 3895 ranis
314 3829 392 3908 quod
415 3834 537 3907 propter
558 3842 647 3904 opera
669 3843 736 3887 cum
758 3844 819 3889 non
840 3824 1026 3905 lapidaretis,
1055 3825 1267 3905 sedquoniam
1290 3826 1348 3888 ista
1372 3827 1482 3889 sabbe·

315 3929 355 3999 tis
376 3925 509 3989 iaciebat

312 4113 354 4166 99.
372 4114 416 4163 nisi
436 4112 531 4162 Christo
549 4108 606 4163 lid.
661 4114 681 4163 1.
701 4114 753 4163 dori
772 4116 816 4175 cri,
837 4129 866 4164 eu
883 4113 1117 4174 liutdullcrcdll,
1138 4130 1187 4178 ccp.
1198 4112 1237 4161 11.
1274 4115 1388 4167 floridum
1408 4110 1483 4177 illul.

314 4181 399 4230 dorido
418 4180 460 4231 Aa.
511 4179 535 4230 2.
554 4181 585 4231 ob
604 4180 704 4243 gloriam
723 4197 766 4231 one
785 4184 821 4231 cd.
879 4179 902 4230 9.
929 4182 960 4230 ob
985 4183 1083 4242 gratiam
1109 4198 1152 4230 om.
1171 4185 1195 4231 1.
1254 4182 1277 4230 l.
1298 4190 1323 4231 nt
1342 4179 1425 4247 quil.
1459 4192 1483 4235 et

235 4304 241 4313 ,
314 4251 369 4313 qaia
386 4251 478 4314 reliqui.
529 4250 554 4300 5.
571 4252 651 4313 leque
668 4265 717 4312 epo.
759 4257 830 4313 atque
847 4250 940 4314 reliqui.
999 4249 1022 4298 6.
1042 4249 1099 4298 dicit
1115 4245 1154 4297 ld.
1197 4249 1280 4298 Esaias
1305 4252 1367 4301 diest
1388 4255 1484 4318 reliqui.

314 4312 436 4365 ’1.81141.
472 4317 511 4366 stc
528 4319 620 4383 reliqui.
680 4316 704 4366 8.
723 4319 865 4366 concussam
887 4318 956 4367 Votis.
1003 4325 1137 4374 contusam,
1157 4317 1179 4365 id
1199 4325 1234 4365 est
1253 4333 1370 4379 quassam
1388 4323 1435 4381 cd,
1454 4336 1484 4370 ee·

313 4386 354 4434 lib.
372 4386 426 4435 lde.
443 4385 512 4435 llorc.
531 4386 570 4447 Ill,
590 4401 638 4448 cop.
657 4384 696 4433 li.
755 4384 779 4434 9.
798 4385 879 4434 lucere
897 4379 936 4435 ld.
977 4384 1098 4434 lucernam
1118 4385 1209 4449 reliqui.
1265 4385 1304 4434 10.
1324 4388 1482 4449 praediceba-

313 4459 351 4502 tur
370 4455 419 4502 obc.
478 4453 516 4501 11.
540 4453 741 4516 praedicationem
766 4460 790 4502 et
812 4452 926 4502 Virtutem
944 4455 968 4503 l.
1028 4452 1066 4500 12.
1091 4448 1228 4502 titutolcd.
1270 4456 1364 4518 populo
1387 4458 1481 4521 reliqui.

315 4519 355 4570 19.
373 4522 404 4570 sit
421 4520 563 4582 dispositum
582 4536 631 4584 epo.
671 4520 864 4583 siodispositam
883 4516 989 4579 (tituto.
1032 4521 1068 4570 sic
1086 4520 1213 4583 disponam
1232 4522 1269 4570 cd.
1313 4524 1360 4573 Sed
1379 4529 1409 4587 cs.
1426 4525 1481 4576 dds.

312 4589 382 4640 ttae.
400 4588 491 4647 11117.
547 4587 584 4638 ll.
602 4588 769 4652 dispungimur
785 4589 811 4639 t.
865 4588 904 4639 ld.
923 4589 1015 4638 Esaiam
1033 4584 1071 4638 ld.
1112 4589 1205 4638 Esaiam
1226 4590 1395 4656 diritreliqur'.
1442 4592 1480 4643 19.

313 4664 337 4708 et
353 4657 464 4706 adnuntio
482 4650 521 4705 ld
556 4655 668 4706 adnuntia
685 4657 777 4720 meliori⁴
832 4655 871 4705 11.
890 4651 989 4705 uuest
1030 4657 1113 4706 Esaias
1132 4658 1203 4706 dicit:
1223 4657 1283 4707 Ecce
1300 4661 1397 4724 reliqui.
1442 4659 1481 4710 19.

312 4724 421 4774 retribuit
439 4725 489 4773 ded.
542 4721 581 4773 19.
600 4732 760 4774 etmalorum
779 4722 918 4784 (multorum
934 4725 966 4781 b.)
986 4724 1080 4786 linguae
1098 4725 1228 4784 solventur,
1248 4735 1271 4775 et
1289 4727 1394 4778 claudus
1412 4729 1482 4779 saliet

311 4793 376 4843 relut
392 4786 578 4842 camellum.
624 4800 648 4843 et
672 4790 772 4843 claudus
795 4792 866 4843 saliet
888 4791 951 4843 relat
975 4807 1066 4853 cerrus,
1091 4802 1114 4843 et
1141 4802 1260 4842 mutorum
1286 4796 1431 4857 (multorum
1451 4800 1484 4854 cl

310 4858 407 4922 liuguae
425 4859 546 4915 solventur
563 4860 600 4911 ed.
