3242 5775
279 623 341 688 588
532 638 635 690 oururr
658 639 789 681 serrrrur
812 637 978 680 rcoashrrs
1001 638 1198 682 remunerem

281 789 377 869 genia.
421 787 516 848 Porro
539 786 588 848 ⁴et
613 786 730 866 hugum
760 787 926 848 seminibus
956 805 1014 848 una
1043 788 1163 866 generis
1191 788 1344 870 cuiusque
1371 792 1457 852 torma

282 898 343 962 est,
367 906 528 967 processus
552 895 648 947 tamen
672 886 760 959 rarii,
796 887 850 948 alia
874 888 990 968 integro
1013 896 1091 949 statu
1114 890 1258 963 evadunt,
1291 890 1348 952 alia
1377 892 1454 953 etiam

271 990 404 1052 ¹meliora
432 989 633 1068 respondent,
663 988 719 1049 alia
748 989 935 1067 degenerant,
956 1007 1011 1068 pro
1040 989 1217 1051 condicione
1241 991 1317 1053 caeli
1340 1000 1369 1053 et
1395 992 1452 1064 soli,

278 1108 334 1173 pro
358 1090 472 1151 ratione
495 1089 595 1169 operis
625 1098 654 1151 et
683 1108 786 1161 curae,
820 1108 876 1170 pro
905 1097 1073 1170 temporum
1101 1100 1225 1164 eventu,
1262 1111 1321 1171 pro
1347 1091 1450 1154 licentia

280 1209 417 1255 casuum:
447 1190 486 1250 ita
510 1199 540 1252 et
560 1190 687 1252 animam
711 1189 831 1251 licebitl
854 1192 967 1251 semine
989 1192 1185 1265 uniformem,
1219 1194 1281 1254 fetu
1311 1193 1448 1255 multifor-

281 1310 370 1355 mem.
415 1292 487 1351 Nam
518 1299 548 1351 et
576 1290 625 1350 hic
652 1291 740 1351 etiam
769 1291 805 1352 de
834 1291 908 1352 locis
938 1293 1072 1353 interest.
1121 1293 1234 1354 Thebis
1262 1294 1386 1357 hebetes
1410 1295 1449 1355 ‘et

280 1394 385 1455 brutos
408 1392 488 1452 nasci
512 1391 634 1452 relatum
658 1399 718 1463 est,
741 1392 865 1455 Athenis
888 1392 1023 1471 sapiendi
1045 1393 1220 1472 dicendique
1236 1396 1447 1467 acutissimos‘3

279 1494 330 1555 ubi
347 1511 439 1573 penes
454 1491 637 1571 ⁶Colyttum⁴
653 1493 736 1570 pueri
754 1512 857 1554 mense
872 1494 959 1555 citius
977 1495 1156 1573 eloquuntur
1173 1495 1336 1573 'praecoca
1352 1497 1446 1575 lingua.

282 1594 434 1674 Siquidem
458 1602 488 1653 et
502 1592 585 1665 Plato
609 1592 639 1652 in
656 1592 795 1654 Timaeo·
817 1594 976 1655 Minervam
999 1595 1139 1669 altirmat,
1163 1615 1229 1657 cum
1253 1598 1358 1659 urbem
1380 1598 1445 1658 illan

280 1695 452 1767 moliretur,
477 1692 548 1754 nibil
571 1693 648 1755 aliud
672 1713 758 1773 quam
782 1694 913 1774 regionis
937 1704 1069 1757 naturam
1086 1697 1297 1775 prospexisse,
1323 1698 1386 1760 talia
1406 1699 1445 1759 in·

281 1797 366 1877 genia
388 1795 562 1876 pollicitam,
587 1796 665 1857 unde
687 1804 717 1856 et
739 1796 803 1874 ipse
827 1795 856 1856 in
879 1796 1010 1874 Legibus
1028 1796 1143 1874 blegillo
1167 1807 1197 1858 et
1218 1798 1349 1860 'Cliniae
1369 1817 1467 1879 prae·

279 1899 351 1978 cipit
371 1897 542 1959 condendae
564 1895 671 1957 civitati
693 1895 809 1957 ⁹locum
831 1896 1016 1976 procurare‘.
1050 1897 1108 1958 Sed
1124 1898 1323 1976 Empedocles
1339 1916 1443 1961 causam

280 2006 401 2077 argutae
425 1997 533 2059 indolis
564 2007 593 2058 et
623 1997 745 2059 obtusae
774 1997 804 2058 in
834 1998 987 2077 sanguinis
1016 1998 1153 2076 qualitate
1182 1999 1355 2072 constituit,
1386 2018 1443 2079 per-

285 2101 393 2162 lectum
418 2119 451 2160 ac
471 2100 637 2178 proiectum
661 2098 697 2159 de
720 2099 854 2159 doctrina
879 2098 1118 2178 ¹⁰disciplinaque
1145 2100 1274 2161 deducit.
1321 2100 1443 2161 ”Taum

280 2201 394 2280 vulgata
418 2202 474 2261 iam
497 2218 547 2261 res
570 2210 617 2261 est
638 2200 789 2278 gentilium
812 2199 1045 2279 proprietatum·
1069 2200 1200 2261 ·Comioi
1224 2201 1356 2281 Phrygas
1376 2201 1443 2261 timi·

282 2302 338 2364 dos
360 2302 513 2374 inludunt,
537 2301 695 2362 Sallustius
718 2319 810 2361 vanos
833 2302 970 2362 hlaurost
994 2311 1023 2362 et
1044 2303 1162 2363 seroces
1176 2301 1328 2365 Dalmatas
1351 2302 1443 2383 pulsat

161 2402 265 2456 Til-¹³2
279 2405 436 2466 mendaces
459 2403 561 2464 Cretas
585 2403 671 2464 etiarn
694 2402 849 2480 apostolus
871 2400 973 2463 inurit.
1018 2402 1196 2463 Fortassean
1220 2402 1311 2465 etde
1333 2417 1445 2483 corpore

281 2514 311 2568 et
339 2504 404 2566 ¹¹de
432 2504 599 2565 valetudine
626 2502 735 2582 aliquid
764 2502 892 2564 accedat
949 2503 1093 2582 Opimitas
1122 2504 1298 2582 sapientiam
1326 2503 1446 2584 impedit

281 2605 423 2666 ¹'exilitas
439 2604 567 2683 expedit,
589 2604 731 2684 paralysis
746 2611 876 2665 mentem
892 2604 1032 2682 prodigit,
1055 2605 1184 2684 phthisis
1201 2613 1310 2666 serrat.
1342 2607 1449 2678 Quanto

281 2705 375 2785 magis
398 2705 436 2765 de
458 2704 657 2766 accidentibus
686 2705 900 2784 habebuntur,
924 2724 1000 2783 quae
1029 2703 1127 2766 ¹⁴citra
1158 2706 1374 2785 corpulentiam
1401 2706 1453 2766 '‘et

280 2806 437 2868 valentiam
459 2804 504 2866 rel
526 2814 634 2867 acuunt
649 2807 693 2867 vel
710 2806 913 2867 ¹‘obtundunt
950 2806 1065 2867 Acuunt
1079 2806 1250 2879 doctrinae,
1274 2807 1455 2888 disciplinae.

282 2917 361 2971 artes
378 2909 397 2940 ¹⁷
407 2915 436 2968 et
451 2907 666 2986 experientiae,
688 2909 825 2986 negotia,
848 2907 963 2981 studia,
987 2908 1156 2973 obtundunt
1169 2908 1323 2983 inscitiae,
1348 2909 1457 2989 ¹'igna-

281 3009 362 3082 viae,
386 3008 533 3081 desidiae,
557 3008 712 3081 libidines,
735 3009 983 3088 inexperientiae,
1008 3009 1083 3083 otia,
1106 3009 1191 3082 vitia3
1223 3028 1318 3090 super
1340 3010 1414 3071 haec
1432 3006 1460 3070 si

282 3118 312 3171 et
334 3108 415 3171 ¹⁹alia
438 3127 513 3188 quae
536 3119 679 3189 praesunt
701 3118 876 3188 potestates.
921 3110 1079 3171 Enimvero
1108 3119 1265 3190 praesunt3
1297 3110 1461 3173 secundum

280 3229 337 3272 nos
358 3211 477 3290 quidem
500 3210 606 3272 ”deus
629 3210 768 3271 dominus
792 3219 823 3272 et
844 3210 982 3272 diabolus
1004 3210 1155 3282 aemulus,
1185 3210 1352 3273 secundum
1375 3230 1459 3274 com-

280 3331 400 3374 munem
422 3321 519 3374 autem
542 3311 712 3391 opinionem
734 3312 794 3373 ²¹et
816 3313 1018 3390 providentiae
1039 3314 1130 3374 latum
1161 3320 1192 3373 et
1212 3313 1398 3387 necessitas,
1431 3321 1464 3374 et

280 3412 447 3475 ”fortunae
469 3413 583 3475 arbitrii
605 3412 736 3475 libertas.
787 3413 861 3473 Nam
890 3414 962 3474 baec
984 3425 1014 3474 et
1041 3413 1212 3493 philosophi
1233 3413 1460 3494 ”distinguunt

282 3600 306 3650 l.
323 3609 348 3650 ut
366 3603 403 3651 ob.
462 3601 487 3651 5.
512 3607 535 3649 et
560 3599 644 3650 brutos
663 3603 745 3649 cml.
804 3600 828 3649 6.
848 3600 961 3663 colpttum
979 3602 1004 3651 A.
1047 3600 1155 3664 Colptum
1180 3601 1273 3664 reliqui.
1341 3602 1365 3651 'l.
1391 3616 1461 3666 prae·

282 3683 339 3718 coca
359 3673 407 3732 lap.
443 3682 560 3730 praecare
578 3669 620 3728 tp.
662 3681 780 3730 praecoce
804 3669 897 3731 reliqui
956 3667 979 3717 8.
1001 3668 1111 3717 incliniae
1130 3670 1155 3718 l.
1213 3667 1238 3718 9.
1263 3668 1346 3717 locum
1372 3683 1459 3732 procu·

280 3749 336 3784 rara
355 3739 376 3783 tr.
412 3735 459 3783 loci
478 3736 522 3783 rim
543 3749 673 3795 procurare
692 3738 717 3785 Α.
753 3735 833 3782 locum
853 3744 1025 3798 praepararent
1043 3736 1101 3785 heu.
1151 3735 1190 3785 10.
1208 3735 1388 3800 disciplinaque
1408 3737 1459 3787 Cel.

281 3802 483 3864 disciplinamque
502 3802 563 3860 ΑβΒ.
604 3802 756 3865 disciplinam
775 3804 825 3866 Aqt.
881 3802 995 3851 ll.Tam
1016 3803 1187 3866 mulgatatq.
1250 3802 1461 3865 lhdeonrdd.

283 3866 322 3917 13.
342 3869 435 3916 exilitas
453 3867 548 3928 expedit
565 3883 609 3916 oar.
622 3870 646 3917 Δ.
701 3869 740 3917 14.
760 3870 818 3918 citra
838 3871 878 3918 Ab.
933 3869 971 3918 lb.
992 3871 1258 3920 ravennianum.
1311 3870 1460 3935 lboptna·

281 3934 400 3995 dantes.
456 3933 495 3981 ll.
514 3943 538 3982 et
556 3935 715 3996 experientiae
735 3938 759 3985 B.
795 3937 956 3999 experientiae
973 3939 1015 3998 Αβ.
1052 3939 1306 4002 experimentueetp.
1343 3946 1367 3988 et
1389 3953 1461 4001 expe·

280 4000 366 4049 rieutia
386 4002 439 4050 Geb.
495 4001 533 4051 18.
552 4001 658 4063 ignaviae
675 4006 716 4053 Ab.
758 4004 848 4064 ignaria
866 4006 960 4069 reliqui.
1019 4004 1058 4055 ts.
1078 4004 1173 4070 aliquae
1191 4007 1377 4057 lonllercerus.
1419 4005 1461 4056 2⁰.

280 4067 341 4116 deus
359 4068 472 4117 domiuus
490 4071 530 4118 lo.
567 4071 679 4119 dominus
698 4070 757 4120 deus
775 4073 868 4135 reliqui.
922 4071 962 4120 rt.
981 4080 1005 4122 ct
1022 4075 1055 4130 let
1073 4089 1117 4122 ont.
1132 4075 1182 4129 Ab.)
1200 4074 1367 4136 providentiae
1385 4075 1458 4124 lata·

280 4134 338 4184 tlte.
374 4144 398 4183 et
415 4137 563 4199 providentia
582 4146 606 4185 et
624 4139 697 4187 iatum
716 4140 808 4203 reliqui.
870 4137 910 4189 22.
930 4141 1041 4189 fortunae
1060 4141 1151 4189 arbitrii
1169 4142 1209 4189 to.
1246 4141 1359 4192 [ortunae
1378 4150 1402 4192 et
1419 4155 1459 4190 ar·

280 4202 344 4251 bitrii
364 4203 388 4252 ll.
431 4205 526 4253 fortuna
546 4212 569 4254 et
594 4206 685 4256 arbitrii
706 4207 744 4255 Co.
803 4205 844 4256 23.
863 4208 1037 4270 distinguntd.
1070 4209 1157 4272 Ubique
1173 4213 1228 4271 [ere.

314 4370 337 4419 b.
365 4367 464 4437 licebit]
499 4375 537 4422 Fr.
559 4373 640 4423 lunius
671 4374 842 4437 interpretatur
893 4377 947 4440 qnia
972 4380 1048 4440 patria
1073 4385 1124 4427 arat
1142 4376 1258 4438 Platonis,
1283 4385 1347 4429 teste
1365 4379 1456 4428 Laertio

279 4439 385 4502 liquebit.
421 4441 545 4490 Rationem
565 4456 613 4490 non
631 4442 708 4492 rideo.
894 4445 1006 4506 lll,l,3.

314 4555 333 4587 c.
353 4540 442 4588 ‘lhehis
462 4542 560 4590 hebetes
582 4568 614 4578 -
635 4568 663 4578 -
684 4543 782 4593 Athenis
800 4559 841 4592 sa·
928 4553 948 4587 c.
967 4535 1078 4601 Timaeo]
1098 4537 1156 4587 l'lat.
1175 4538 1235 4587 l'im.
1256 4554 1279 4602 p.
1291 4538 1334 4590 24.

278 4606 359 4671 piendi
384 4608 527 4672 dicendique
552 4610 717 4674 acutissimos]
747 4611 772 4660 ll.
791 4611 841 4662 Cic.
928 4633 943 4680 q,
964 4632 1043 4681 popum
1068 4627 1212 4696 procurare]
1241 4631 1302 4682 Plan,
1330 4632 1364 4682 lla
1387 4633 1456 4693 Legg.

278 4674 312 4724 lle
331 4675 388 4724 Fato
408 4690 460 4738 cop.
475 4677 499 4725 4.
893 4697 934 4747 lib.
947 4700 982 4759 lv,
1002 4701 1071 4753 init..

312 4776 335 4825 d.
355 4771 487 4840 Colyttum]
516 4777 602 4838 lluins,
625 4781 721 4843 opinor,
740 4781 840 4845 potissi·
928 4799 949 4845 g.
970 4784 1100 4833 Sallustius
1122 4798 1198 4833 ranna
1223 4780 1335 4852 Mauros]
1361 4785 1386 4836 l'.
1404 4782 1459 4835 Sal·

278 4858 343 4893 mum
363 4847 507 4894 htlrenaruru
527 4844 591 4894 demi
610 4847 749 4899 meminisse
767 4849 842 4900 rolnit
894 4850 950 4900 lust.
970 4851 1031 4915 Opp.
1051 4852 1089 4902 ed.
1110 4852 1205 4916 [lipom.
1223 4851 1316 4917 pest.
