3242 5775
330 621 392 690 888
578 639 680 692 oumrt
700 637 830 683 sermm
851 614 1016 684 mandaras
1039 637 1233 683 rrnromruu

329 798 414 872 pater
433 797 530 851 autem
551 806 674 852 manens
695 787 725 849 itt
746 806 794 850 me
816 788 883 850 lacit
904 805 1005 867 opera.
1053 787 1110 849 Per
1136 807 1225 869 opera
1254 803 1325 868 ergo
1349 789 1490 851 virtutum

331 898 361 953 et
381 890 470 952 rerba
491 889 642 952 doctrinae
662 907 783 952 manens
805 890 836 952 in
863 888 924 951 lilio
951 898 1035 971 pater
1060 908 1114 970 per
1143 908 1176 950 ea
1203 889 1319 951 ridetur
1339 910 1395 970 per
1417 910 1489 971 quae

330 1000 445 1062 manet,
467 998 496 1053 et
515 1009 570 1071 per
591 1009 657 1053 eum
679 990 710 1051 in
731 1009 789 1071 quo
811 999 926 1064 manet,
948 1009 984 1053 ex
1004 989 1062 1052 hoc
1083 992 1149 1071 ipso
1172 999 1332 1071 apparente
1351 993 1490 1072 proprie-

192 1101 389 1162 toxmtctste
410 1092 563 1172 utriusque
584 1109 748 1172 personae,
768 1091 839 1154 dum
861 1090 947 1166 dicit,
969 1092 1031 1171 Ego
1054 1110 1120 1154 sum
1136 1093 1166 1153 in
1181 1100 1282 1171 patre,
1305 1101 1334 1154 et
1356 1103 1443 1173 pater
1463 1094 1490 1154 in

193 1210 313 1255 nonen.
330 1212 389 1257 nte.
421 1196 515 1274 Atque
530 1192 619 1267 adeo,
642 1192 774 1268 Credite,
797 1192 847 1254 ait
880 1191 980 1266 Quint
1012 1193 1058 1256 lle
1078 1203 1190 1274 patrem
1212 1190 1305 1255 esse?
1337 1193 1406 1255 Non
1421 1203 1490 1275 puto

254 1311 310 1356 nto.
332 1295 473 1376 seriptum
495 1312 580 1368 esse,
609 1294 679 1369 sed,
708 1294 783 1368 Quia
805 1312 860 1373 ego
883 1295 912 1355 in
934 1303 1033 1374 patre,
1065 1303 1095 1356 et
1114 1303 1199 1375 pater
1219 1294 1249 1356 in
1279 1314 1342 1367 me,
1377 1295 1405 1355 ai
1433 1315 1489 1375 quo

330 1397 446 1470 minus,
467 1396 513 1458 rel
533 1403 656 1476 propter
676 1413 766 1476 opera
788 1395 917 1470 credite,
946 1394 1102 1474 cautique
1124 1414 1213 1475 opera
1235 1414 1289 1476 per
1311 1414 1386 1475 quae
1408 1406 1490 1476 pater

222 1524 229 1536 ·
329 1499 361 1561 in
382 1498 459 1570 filio,
480 1514 541 1558 non
562 1494 644 1571 deu,
666 1497 719 1560 sed
742 1514 834 1559 sensu
855 1495 1017 1558 ridebatur.

198 1621 321 1679 copus.
413 1598 487 1661 Post
505 1597 672 1677 Philippum
694 1606 724 1659 et
743 1606 833 1660 totam
857 1598 1050 1660 substantiam
1080 1597 1262 1677 quaestionis
1296 1597 1384 1658 istius
1419 1618 1490 1679 quae

331 1700 362 1764 in
383 1701 471 1762 linem
494 1697 651 1779 evangelii,
681 1699 902 1779 ¹persererant·
930 1700 960 1761 in
983 1698 1087 1761 eodem
1110 1717 1217 1778 genere
1240 1699 1406 1774 sermonis,
1435 1719 1489 1780 quo

193 1818 318 1871 textura
331 1809 416 1884 poter
437 1810 467 1864 et
486 1800 564 1863 filius
586 1800 616 1862 in
630 1818 683 1862 sua
697 1799 876 1880 proprietate
890 1800 1138 1879 ’distinguuntur
1172 1800 1353 1862 Paracletum
1375 1820 1490 1881 qnoque

330 1912 451 1984 epatre
472 1920 506 1963 se
526 1900 760 1982 postulaturum,
782 1919 848 1963 cum
870 1902 1054 1964 ascendisset
1074 1902 1109 1963 ad
1129 1910 1257 1981 patrem,
1281 1910 1310 1963 et
1331 1903 1491 1964 missurum

216 1987 234 2040 ¹·
330 2002 516 2084 repromittit,
538 2001 698 2082 etquidem
718 2001 816 2065 alium.
845 2003 902 2065 Sed
917 2003 974 2064 iam
988 2003 1195 2083 praemisimus
1210 2004 1360 2083 quomodo
1372 2002 1490 2066 aliuml.

219 2103 311 2210 ¹232}
333 2104 485 2178 Ceterum,
517 2103 560 2165 De
581 2120 648 2165 meo
671 2111 783 2176 sumet,
814 2103 922 2183 inquit,
951 2105 1027 2167 sicut
1054 2105 1119 2183 ipse
1147 2104 1183 2165 de
1204 2104 1306 2184 patris.
1351 2105 1394 2166 lta
1418 2124 1490 2167 oon·

331 2224 424 2270 uexus
452 2205 544 2286 patris
573 2204 602 2266 in
630 2204 690 2266 lilio
718 2213 749 2265 et
775 2204 827 2266 filii
854 2206 885 2268 in
912 2206 1060 2286 paracleto
1089 2214 1150 2266 tres
1173 2205 1262 2266 efficit
1283 2207 1489 2277 cohaerentes,

331 2307 453 2371 alterum
482 2325 518 2368 ex
546 2306 649 2367 altero.
703 2305 761 2380 Qui
792 2313 855 2367 tres
883 2323 974 2368 unum
1003 2317 1088 2379 sunt,
1124 2325 1184 2367 non
1213 2326 1307 2381 unus,
1341 2308 1490 2388 quomodo

218 2410 441 2479 tonttdictum
469 2416 531 2482 est,
562 2407 625 2486 Ego
653 2414 683 2469 et
702 2415 786 2487 pater
813 2426 902 2469 unum
923 2426 1042 2481 sumus,
1072 2408 1107 2469 ad
1137 2408 1318 2470 substantiae
1340 2410 1492 2486 unitatem,

330 2528 391 2572 non
413 2510 448 2571 ad
470 2507 585 2570 numeri
607 2508 849 2589 singularitatem.
891 2509 1035 2571 Percurre
1057 2509 1166 2582 adhuc,
1196 2522 1224 2570 et
1251 2510 1385 2571 invenies
1409 2528 1491 2590 quem

215 2619 445 2692 ro.xr.t.patrem
460 2608 563 2671 credis
596 2610 670 2683 (rice
696 2610 788 2691 patris
816 2611 925 2672 dictum
955 2620 984 2672 et
1010 2619 1123 2689 patrem
1145 2610 1301 2689 agricolam
1322 2610 1443 2691 ³utique
1464 2613 1491 2673 in

332 2719 409 2774 terra
430 2719 462 2773 tu
482 2718 569 2790 putas
591 2710 713 2786 luisse),
735 2710 813 2773 hunc
834 2716 957 2774 rursus⁸
979 2711 1008 2772 in
1031 2711 1118 2798 caelis
1141 2731 1157 2773 a
1179 2712 1238 2772 lilio
1261 2711 1397 2792 agnosci,
1427 2731 1490 2774 cum

182 2810 401 2883 n.xvn.1t.illuc
420 2810 581 2891 respiciens
602 2810 765 2892 discipulos
788 2831 860 2874 suos
882 2813 956 2893 patri
977 2812 1122 2873 *tradidit
1176 2812 1236 2902 Sed
1264 2822 1294 2875 et
1321 2813 1348 2873 si
1376 2813 1407 2874 in
1436 2814 1491 2874 isto

234 2916 307 2961 ”¹1¹⁸-
333 2912 482 2994 evangelio
504 2931 565 2975 non
585 2912 650 2974 ⁸est
669 2913 843 2987 revelatum,
867 2914 945 2976 lleus
960 2934 1060 2985 meus.
1084 2914 1120 2975 ad
1142 2914 1210 2993 quid
1226 2934 1273 2975 me
1287 2913 1493 2995 dereliquisti?

208 2967 323 3022 mim.

208 3020 312 3122 affl
333 3022 380 3088 et,
406 3014 509 3087 Pater,
536 3013 567 3075 in
595 3013 653 3075 tuis
681 3013 817 3077 manibus
844 3014 962 3094 depono
990 3016 1124 3096 spiritum
1153 3035 1267 3088 meum,
1298 3027 1394 3079 tamen
1423 3026 1492 3098 post

332 3115 580 3177 resurrectionem
602 3122 630 3176 et
643 3112 798 3177 “devictae
820 3115 941 3194 gloriam
968 3116 1090 3190 mortis,
1124 3117 1254 3196 exposita
1275 3117 1492 3179 'necessitate‘

218 3211 220 3217 ’
332 3217 430 3279 omnis
452 3215 638 3290 humilitatis,
671 3235 737 3278 cum
759 3217 817 3279 iam
839 3225 952 3298 patrem
975 3237 1007 3279 se
1028 3227 1132 3298 posset
1154 3219 1312 3281 ostendere
1334 3228 1391 3280 mm
1414 3219 1492 3281 fideli

331 3317 472 3393 leminae,
495 3335 531 3380 ex
552 3316 723 3391 dilectione,
744 3336 804 3379 non
828 3337 862 3380 ex
885 3319 1055 3380 curiositate
1071 3338 1126 3380 nec
1140 3338 1173 3380 ex
1191 3320 1391 3381 incredulitate
1407 3321 1491 3381 'lho-

200 3440 319 3495 tomen.
332 3436 412 3492 mae,
434 3428 555 3499 tangere
576 3435 643 3480 eum
665 3418 838 3499 adgressae,
870 3420 929 3493 Ne,
950 3421 1060 3500 inquit,
1091 3420 1247 3500 contigeris
1269 3440 1331 3493 me,
1358 3422 1491 3483 nondum

332 3521 451 3583 ascendi
472 3520 509 3582 ad
530 3529 642 3600 patrem
665 3538 777 3593 meum,
800 3521 873 3581 rade
895 3529 990 3582 autem
1013 3521 1048 3582 ad
1071 3523 1176 3583 tratres
1200 3542 1282 3584 meos
1298 3522 1401 3603 (⁸quin
1417 3525 1491 3585 etin

332 3622 500 3684 hostilium
522 3621 678 3694 ostendit·‚
701 3621 778 3682 lilios
801 3621 879 3682 enim
902 3622 1081 3702 appellasset
1102 3624 1183 3696 illos,
1213 3624 1238 3684 si
1261 3632 1343 3702 pater
1366 3626 1491 3700 luisset),

332 3732 363 3785 et
383 3723 463 3784 dices
485 3722 544 3796 eis,
573 3722 708 3784 Ascendo
731 3722 766 3784 ad
787 3731 901 3802 patrem
923 3741 1021 3784 meum
1045 3733 1074 3785 et
1094 3734 1207 3805 patrem
1229 3734 1376 3798 vestrum,
1404 3726 1490 3788 deum

331 3841 428 3886 meum
451 3831 481 3883 et
502 3821 588 3884 deum
610 3831 750 3885 vestrum.
793 3824 879 3885 Pater
899 3824 936 3884 ad
957 3833 1086 3904 patrem,
1110 3835 1140 3887 et
1159 3826 1232 3888 deus
1255 3827 1291 3887 ad
1314 3825 1428 3889 deum?
1456 3847 1490 3888 an

401 3976 458 4038 Cap.
475 3973 540 4024 att.
585 3974 605 4023 l.
625 3984 760 4038 perseveret
778 3978 889 4047 latinius.
952 3976 975 4026 2.
999 3978 1159 4040 distinguntur
1183 3981 1214 4039 d.,
1234 3996 1283 4029 cum
1301 3981 1382 4029 Fuluio
1402 3982 1491 4031 Ursino.

333 4043 484 4104 distinguitur
499 4042 586 4093 Allobo.
604 4043 667 4093 leid.
727 4043 751 4095 3.
769 4047 802 4094 uti
821 4059 891 4109 quem
910 4046 964 4095 edit.
983 4047 1099 4110 leopoldi·
1141 4057 1163 4096 et
1187 4061 1256 4110 quem
1281 4049 1424 4098 Faltonius.
1469 4050 1490 4097 l.

333 4110 404 4160 tradit
421 4116 453 4171 d,
472 4111 711 4162 cumFaloiollrsioo.
751 4112 774 4161 d.
794 4121 859 4162 essct
876 4115 908 4175 d.,
927 4128 977 4163 cum
989 4115 1170 4165 Fulviollreino.
1212 4115 1235 4164 6.
1254 4115 1359 4166 devictae
1377 4117 1491 4178 glorial.

333 4178 420 4226 devicta
439 4177 514 4240 gloria
532 4178 557 4228 Δ.
575 4180 638 4229 leid.
691 4179 714 4228 i.
733 4181 900 4229 necessitatem
919 4180 943 4229 ll.
989 4181 1012 4231 8.
1031 4184 1086 4245 quin
1106 4191 1129 4231 et
1147 4185 1168 4231 in
1188 4183 1234 4232 hoc
1251 4198 1277 4231 se
1296 4183 1371 4232 lilium
1391 4187 1423 4244 d,
1444 4201 1491 4235 cun

333 4245 411 4296 Fuluio
431 4246 519 4296 Ursino.
555 4248 610 4313 qaia
628 4255 651 4297 et
668 4248 702 4308 (et
718 4249 804 4308 ont.)
822 4249 845 4297 in
864 4248 910 4298 lroc
927 4249 1001 4299 llliom
1019 4250 1104 4300 Adule.
1124 4252 1186 4299 leid.

367 4380 424 4444 Cap.
442 4381 506 4431 xxv.
546 4398 566 4431 a.
585 4377 749 4448 perseverant]
773 4382 804 4430 Ea
823 4398 884 4446 quse
968 4386 991 4435 d.
1010 4386 1116 4449 suposita
1142 4381 1295 4449 netessitate]
1320 4387 1442 4451 Exposita,
1469 4386 1489 4433 id

332 4447 539 4512 indesequuntur‚
558 4449 884 4513 usqueinllnememngelii‚
934 4462 970 4502 est
993 4453 1109 4515 deposita.
1155 4453 1190 4502 et.
1215 4454 1268 4502 nlo.
1288 4454 1378 4503 Valent.
1403 4454 1488 4518 copti.

333 4525 485 4579 perseverant
508 4518 531 4567 in
549 4518 633 4567 eodem
652 4532 739 4579 genere
756 4520 883 4568 sermonis.
935 4520 968 4570 lle
986 4521 1083 4569 Resurr.
1102 4521 1185 4571 Carnis
1204 4538 1255 4583 cap.
1268 4521 1309 4570 ts.
1328 4531 1351 4571 et
1371 4523 1474 4585 cap.lu.

366 4583 388 4633 b.
415 4584 461 4634 Sed
489 4586 534 4634 iam
567 4586 733 4648 proemisimus
762 4587 883 4650 quomodo
968 4604 989 4637 e.
1008 4590 1095 4638 inhoc
1114 4589 1186 4637 lilium
1212 4587 1327 4651 ostendit}
1353 4590 1432 4639 littlen
1451 4606 1489 4637 ro-

333 4650 425 4715 alium]
445 4652 480 4702 Ci.
499 4667 570 4716 supra
590 4668 641 4715 cap.
651 4652 689 4702 13.
934 4656 1010 4705 culam
1029 4673 1061 4716 eo,
1091 4658 1237 4720 Septimiano
1257 4659 1352 4721 quidem
1372 4658 1428 4706 stilo
1447 4659 1489 4705 rni-

366 4736 385 4768 c.
405 4721 467 4769 hiano
486 4716 579 4785 rursus]
597 4721 692 4781 Vulgata
710 4721 829 4770 distinctio
848 4729 885 4771 est
933 4725 996 4772 nimo
1022 4730 1188 4773 necessariam.
1238 4727 1274 4773 ct.
1298 4742 1359 4788 quiae
1383 4725 1489 4774 adnotati

332 4796 442 4850 „putrem
460 4788 546 4848 credis,
565 4792 613 4837 rite
631 4790 705 4852 patris
723 4790 819 4838 dictum.
856 4789 884 4839 lit
935 4792 963 4841 ad
988 4792 1021 4842 lle
1047 4792 1106 4853 virg.
1131 4793 1227 4842 leland.
1254 4808 1306 4857 esp.
1321 4794 1359 4842 15.
1387 4803 1409 4843 et
1435 4794 1487 4842 ldr.

330 4864 423 4919 patrem
441 4880 514 4892 --
533 4855 615 4907 luisse.
638 4856 817 4921 lloncrorsos“
829 4848 882 4907 ceit
934 4859 1135 4924 llare.‚ll'‚2ti.‚
1454 4850 1463 4869 '
