<?xml version="1.0" encoding="UTF-8"?>
<!DOCTYPE html PUBLIC "-//W3C//DTD XHTML 1.0 Transitional//EN"
    "http://www.w3.org/TR/xhtml1/DTD/xhtml1-transitional.dtd">
<html xmlns="http://www.w3.org/1999/xhtml" xml:lang="en" lang="en">
 <head>
  <title>
</title>
<meta http-equiv="Content-Type" content="text/html;charset=utf-8" />
  <meta name='ocr-system' content='tesseract 3.04.00' />
  <meta name='ocr-capabilities' content='ocr_page ocr_carea ocr_par ocr_line ocrx_word'/>
</head>
<body>
  <div class='ocr_page' id='page_1' title='image "./quaesupersuntom00oehlgoog_0738.png"; bbox 0 0 3242 5775; ppageno 0'>
   <div class='ocr_carea' id='block_1_1' title="bbox 157 799 299 852">
    <p class='ocr_par' dir='ltr' id='par_1_1' title="bbox 157 799 299 852">
     <span class='ocr_line' id='line_1_1' title="bbox 157 799 299 852; baseline 0.028 -12"><span class='ocrx_word' id='word_1_1' title='bbox 157 833 159 840; x_wconf 94' lang='lat'>.</span> <span class='ocrx_word' id='word_1_2' title='bbox 178 799 299 852; x_wconf 60' lang='lat' dir='ltr'>rendae.</span> 
     </span>
    </p>
   </div>
   <div class='ocr_carea' id='block_1_2' title="bbox 318 621 1210 701">
    <p class='ocr_par' dir='ltr' id='par_1_2' title="bbox 318 621 1210 701">
     <span class='ocr_line' id='line_1_2' title="bbox 318 621 1210 701; baseline -0.01 -15"><span class='ocrx_word' id='word_1_3' title='bbox 318 621 380 686; x_wconf 78' lang='grc'>686</span> <span class='ocrx_word' id='word_1_4' title='bbox 561 635 663 688; x_wconf 76' lang='lat' dir='ltr'>nomer</span> <span class='ocrx_word' id='word_1_5' title='bbox 684 634 814 701; x_wconf 67' lang='lat' dir='ltr'>arrarum</span> <span class='ocrx_word' id='word_1_6' title='bbox 834 631 997 680; x_wconf 72' lang='lat' dir='ltr'>anomacus</span> <span class='ocrx_word' id='word_1_7' title='bbox 1018 633 1210 677; x_wconf 80' lang='lat' dir='ltr'>renrumvuvr</span> 
     </span>
    </p>
   </div>
   <div class='ocr_carea' id='block_1_3' title="bbox 316 782 1475 1067">
    <p class='ocr_par' dir='ltr' id='par_1_3' title="bbox 316 782 1475 1067">
     <span class='ocr_line' id='line_1_3' title="bbox 318 782 1475 864; baseline -0.004 -14"><span class='ocrx_word' id='word_1_8' title='bbox 318 788 417 850; x_wconf 88' lang='lat' dir='ltr'>dicere</span> <span class='ocrx_word' id='word_1_9' title='bbox 437 802 606 849; x_wconf 86' lang='lat' dir='ltr'>sermonem</span> <span class='ocrx_word' id='word_1_10' title='bbox 627 803 712 864; x_wconf 89' lang='lat' dir='ltr'>quem</span> <span class='ocrx_word' id='word_1_11' title='bbox 734 802 788 862; x_wconf 93' lang='lat' dir='ltr'>ego</span> <span class='ocrx_word' id='word_1_12' title='bbox 809 784 925 863; x_wconf 85' lang='lat' dir='ltr'>loquor.</span> <span class='ocrx_word' id='word_1_13' title='bbox 967 783 1050 846; x_wconf 86' lang='lat' dir='ltr'>Sicut</span> <span class='ocrx_word' id='word_1_14' title='bbox 1069 784 1142 848; x_wconf 92' lang='lat' dir='ltr'>mihi</span> <span class='ocrx_word' id='word_1_15' title='bbox 1163 793 1246 863; x_wconf 91' lang='lat' dir='ltr'>pater</span> <span class='ocrx_word' id='word_1_16' title='bbox 1268 782 1356 857; x_wconf 80' lang='lat' dir='ltr'>dixit,</span> <span class='ocrx_word' id='word_1_17' title='bbox 1383 782 1423 844; x_wconf 92' lang='lat' dir='ltr'>ita</span> <span class='ocrx_word' id='word_1_18' title='bbox 1446 792 1475 845; x_wconf 91' lang='lat' dir='ltr'>et</span> 
     </span>
     <span class='ocr_line' id='line_1_4' title="bbox 316 886 1472 967; baseline -0.003 -18"><span class='ocrx_word' id='word_1_19' title='bbox 316 888 430 967; x_wconf 91' lang='lat' dir='ltr'>loquor.</span> <span class='ocrx_word' id='word_1_20' title='bbox 463 886 541 948; x_wconf 80' lang='lat' dir='ltr'>llaec</span> <span class='ocrx_word' id='word_1_21' title='bbox 561 886 709 965; x_wconf 92' lang='lat' dir='ltr'>quomodo</span> <span class='ocrx_word' id='word_1_22' title='bbox 731 886 807 948; x_wconf 89' lang='lat' dir='ltr'>dicta</span> <span class='ocrx_word' id='word_1_23' title='bbox 829 886 902 956; x_wconf 85' lang='lat' dir='ltr'>sint,</span> <span class='ocrx_word' id='word_1_24' title='bbox 925 886 1138 965; x_wconf 80' lang='lat' dir='ltr'>evangelizator</span> <span class='ocrx_word' id='word_1_25' title='bbox 1152 893 1182 947; x_wconf 89' lang='lat' dir='ltr'>et</span> <span class='ocrx_word' id='word_1_26' title='bbox 1196 886 1297 965; x_wconf 89' lang='lat' dir='ltr'>utique</span> <span class='ocrx_word' id='word_1_27' title='bbox 1313 893 1373 946; x_wconf 92' lang='lat' dir='ltr'>tam</span> <span class='ocrx_word' id='word_1_28' title='bbox 1387 903 1472 946; x_wconf 89' lang='lat' dir='ltr'>carus</span> 
     </span>
     <span class='ocr_line' id='line_1_5' title="bbox 317 985 1473 1067; baseline -0.003 -16"><span class='ocrx_word' id='word_1_29' title='bbox 317 988 477 1067; x_wconf 61' lang='lat' dir='ltr'>discipulus</span> <span class='ocrx_word' id='word_1_30' title='bbox 499 987 623 1049; x_wconf 85' lang='lat' dir='ltr'>loannes</span> <span class='ocrx_word' id='word_1_31' title='bbox 645 985 736 1066; x_wconf 90' lang='lat' dir='ltr'>magis</span> <span class='ocrx_word' id='word_1_32' title='bbox 758 1005 845 1067; x_wconf 89' lang='lat' dir='ltr'>quam</span> <span class='ocrx_word' id='word_1_33' title='bbox 867 986 992 1049; x_wconf 75' lang='lat' dir='ltr'><strong>Praxeas</strong></span> <span class='ocrx_word' id='word_1_34' title='bbox 1013 985 1178 1058; x_wconf 79' lang='lat' dir='ltr'>¹&#39;noverat,</span> <span class='ocrx_word' id='word_1_35' title='bbox 1201 987 1328 1066; x_wconf 87' lang='lat' dir='ltr'>ideoque</span> <span class='ocrx_word' id='word_1_36' title='bbox 1350 986 1414 1066; x_wconf 88' lang='lat' dir='ltr'>ipse</span> <span class='ocrx_word' id='word_1_37' title='bbox 1436 986 1473 1048; x_wconf 89' lang='lat' dir='ltr'>de</span> 
     </span>
    </p>
   </div>
   <div class='ocr_carea' id='block_1_4' title="bbox 167 1087 1472 1170">
    <p class='ocr_par' dir='ltr' id='par_1_4' title="bbox 167 1087 1472 1170">
     <span class='ocr_line' id='line_1_6' title="bbox 167 1087 1472 1170; baseline 0.001 -22"><span class='ocrx_word' id='word_1_38' title='bbox 167 1100 374 1160; x_wconf 65' lang='lat' dir='ltr'>normanno</span> <span class='ocrx_word' id='word_1_39' title='bbox 396 1107 503 1162; x_wconf 87' lang='lat' dir='ltr'>sensu,</span> <span class='ocrx_word' id='word_1_40' title='bbox 523 1089 598 1150; x_wconf 87' lang='lat' dir='ltr'>llnte</span> <span class='ocrx_word' id='word_1_41' title='bbox 619 1097 716 1150; x_wconf 93' lang='lat' dir='ltr'>autem</span> <span class='ocrx_word' id='word_1_42' title='bbox 738 1087 962 1149; x_wconf 74' lang='lat' dir='ltr'>sollemnitatem</span> <span class='ocrx_word' id='word_1_43' title='bbox 984 1089 1124 1167; x_wconf 80' lang='lat' dir='ltr'>paschae,</span> <span class='ocrx_word' id='word_1_44' title='bbox 1148 1088 1256 1170; x_wconf 90' lang='lat' dir='ltr'>inquit,</span> <span class='ocrx_word' id='word_1_45' title='bbox 1277 1088 1375 1149; x_wconf 92' lang='lat' dir='ltr'>sciens</span> <span class='ocrx_word' id='word_1_46' title='bbox 1393 1088 1472 1150; x_wconf 86' lang='lat' dir='ltr'>lesus</span> 
     </span>
    </p>
   </div>
   <div class='ocr_carea' id='block_1_5' title="bbox 315 1188 1472 1377">
    <p class='ocr_par' dir='ltr' id='par_1_5' title="bbox 315 1188 1472 1377">
     <span class='ocr_line' id='line_1_7' title="bbox 316 1188 1472 1269; baseline -0.001 -16"><span class='ocrx_word' id='word_1_47' title='bbox 316 1190 413 1253; x_wconf 91' lang='lat' dir='ltr'>omnia</span> <span class='ocrx_word' id='word_1_48' title='bbox 433 1189 489 1252; x_wconf 88' lang='lat' dir='ltr'>sihi</span> <span class='ocrx_word' id='word_1_49' title='bbox 511 1189 653 1252; x_wconf 87' lang='lat' dir='ltr'>traditae</span> <span class='ocrx_word' id='word_1_50' title='bbox 673 1198 755 1269; x_wconf 90' lang='lat' dir='ltr'>patre</span> <span class='ocrx_word' id='word_1_51' title='bbox 777 1208 863 1263; x_wconf 89' lang='lat' dir='ltr'>esse,</span> <span class='ocrx_word' id='word_1_52' title='bbox 885 1198 915 1250; x_wconf 90' lang='lat' dir='ltr'>et</span> <span class='ocrx_word' id='word_1_53' title='bbox 936 1207 970 1251; x_wconf 92' lang='lat' dir='ltr'>se</span> <span class='ocrx_word' id='word_1_54' title='bbox 991 1208 1027 1251; x_wconf 86' lang='lat' dir='ltr'>ex</span> <span class='ocrx_word' id='word_1_55' title='bbox 1046 1189 1103 1252; x_wconf 92' lang='lat' dir='ltr'>deo</span> <span class='ocrx_word' id='word_1_56' title='bbox 1125 1188 1239 1264; x_wconf 77' lang='lat' dir='ltr'>²³esse,</span> <span class='ocrx_word' id='word_1_57' title='bbox 1260 1189 1319 1250; x_wconf 63' lang='lat' dir='ltr'>²‘et</span> <span class='ocrx_word' id='word_1_58' title='bbox 1333 1190 1370 1251; x_wconf 90' lang='lat' dir='ltr'>ad</span> <span class='ocrx_word' id='word_1_59' title='bbox 1385 1189 1472 1252; x_wconf 91' lang='lat' dir='ltr'>deum</span> 
     </span>
     <span class='ocr_line' id='line_1_8' title="bbox 315 1290 1472 1377; baseline -0.004 -21"><span class='ocrx_word' id='word_1_60' title='bbox 315 1292 430 1356; x_wconf 90' lang='lat' dir='ltr'>vadere.</span> <span class='ocrx_word' id='word_1_61' title='bbox 473 1290 536 1377; x_wconf 87' lang='lat' dir='ltr'>Sed</span> <span class='ocrx_word' id='word_1_62' title='bbox 553 1291 679 1352; x_wconf 86' lang='lat' dir='ltr'>Praxeas</span> <span class='ocrx_word' id='word_1_63' title='bbox 701 1290 797 1370; x_wconf 88' lang='lat' dir='ltr'>ipsum</span> <span class='ocrx_word' id='word_1_64' title='bbox 819 1290 880 1352; x_wconf 88' lang='lat' dir='ltr'>vult</span> <span class='ocrx_word' id='word_1_65' title='bbox 899 1298 1012 1370; x_wconf 90' lang='lat' dir='ltr'>patrem</span> <span class='ocrx_word' id='word_1_66' title='bbox 1041 1290 1078 1352; x_wconf 91' lang='lat' dir='ltr'>de</span> <span class='ocrx_word' id='word_1_67' title='bbox 1106 1291 1265 1371; x_wconf 87' lang='lat' dir='ltr'>semetipso</span> <span class='ocrx_word' id='word_1_68' title='bbox 1297 1291 1410 1363; x_wconf 81' lang='lat' dir='ltr'>exisse,</span> <span class='ocrx_word' id='word_1_69' title='bbox 1443 1299 1472 1352; x_wconf 92' lang='lat' dir='ltr'>et</span> 
     </span>
    </p>
   </div>
   <div class='ocr_carea' id='block_1_6' title="bbox 254 1383 1469 1473">
    <p class='ocr_par' dir='ltr' id='par_1_6' title="bbox 254 1383 1469 1473">
     <span class='ocr_line' id='line_1_9' title="bbox 254 1383 1469 1473; baseline -0.005 -15"><span class='ocrx_word' id='word_1_70' title='bbox 254 1383 258 1391; x_wconf 65' lang='grc'><strong>’</strong></span> <span class='ocrx_word' id='word_1_71' title='bbox 315 1395 351 1458; x_wconf 90' lang='lat' dir='ltr'>ad</span> <span class='ocrx_word' id='word_1_72' title='bbox 373 1392 565 1473; x_wconf 86' lang='lat' dir='ltr'>semetipsum</span> <span class='ocrx_word' id='word_1_73' title='bbox 585 1391 700 1464; x_wconf 86' lang='lat' dir='ltr'>abisse,</span> <span class='ocrx_word' id='word_1_74' title='bbox 738 1402 769 1454; x_wconf 90' lang='lat' dir='ltr'>ut</span> <span class='ocrx_word' id='word_1_75' title='bbox 790 1390 923 1453; x_wconf 89' lang='lat' dir='ltr'>diabolus</span> <span class='ocrx_word' id='word_1_76' title='bbox 945 1391 976 1452; x_wconf 91' lang='lat' dir='ltr'>in</span> <span class='ocrx_word' id='word_1_77' title='bbox 998 1410 1050 1453; x_wconf 91' lang='lat' dir='ltr'>cor</span> <span class='ocrx_word' id='word_1_78' title='bbox 1070 1392 1159 1454; x_wconf 86' lang='lat' dir='ltr'>Iudae</span> <span class='ocrx_word' id='word_1_79' title='bbox 1181 1411 1241 1454; x_wconf 92' lang='lat' dir='ltr'>non</span> <span class='ocrx_word' id='word_1_80' title='bbox 1262 1392 1314 1452; x_wconf 84' lang='lat' dir='ltr'>lilii</span> <span class='ocrx_word' id='word_1_81' title='bbox 1336 1392 1469 1453; x_wconf 89' lang='lat' dir='ltr'>traditio-</span> 
     </span>
    </p>
   </div>
   <div class='ocr_carea' id='block_1_7' title="bbox 179 1811 305 1866">
    <p class='ocr_par' dir='ltr' id='par_1_7' title="bbox 179 1811 305 1866">
     <span class='ocr_line' id='line_1_10' title="bbox 179 1811 305 1866; baseline 0 -10"><span class='ocrx_word' id='word_1_82' title='bbox 179 1811 305 1866; x_wconf 65' lang='lat' dir='ltr'>lomet.</span> 
     </span>
    </p>
   </div>
   <div class='ocr_carea' id='block_1_8' title="bbox 315 1492 1470 1875">
    <p class='ocr_par' dir='ltr' id='par_1_8' title="bbox 315 1492 1470 1875">
     <span class='ocr_line' id='line_1_11' title="bbox 316 1492 1470 1573; baseline -0.005 -14"><span class='ocrx_word' id='word_1_83' title='bbox 316 1513 400 1567; x_wconf 89' lang='lat' dir='ltr'>nem,</span> <span class='ocrx_word' id='word_1_84' title='bbox 422 1492 474 1554; x_wconf 87' lang='lat' dir='ltr'>sed</span> <span class='ocrx_word' id='word_1_85' title='bbox 496 1493 587 1573; x_wconf 85' lang='lat' dir='ltr'>patrie</span> <span class='ocrx_word' id='word_1_86' title='bbox 608 1492 703 1573; x_wconf 90' lang='lat' dir='ltr'>ipsius</span> <span class='ocrx_word' id='word_1_87' title='bbox 724 1492 881 1555; x_wconf 85' lang='lat' dir='ltr'>immiserit.</span> <span class='ocrx_word' id='word_1_88' title='bbox 916 1492 976 1554; x_wconf 87' lang='lat' dir='ltr'>Nec</span> <span class='ocrx_word' id='word_1_89' title='bbox 990 1493 1106 1555; x_wconf 90' lang='lat' dir='ltr'>diaholo</span> <span class='ocrx_word' id='word_1_90' title='bbox 1122 1493 1213 1567; x_wconf 92' lang='lat' dir='ltr'>hene,</span> <span class='ocrx_word' id='word_1_91' title='bbox 1237 1512 1292 1554; x_wconf 92' lang='lat' dir='ltr'>nec</span> <span class='ocrx_word' id='word_1_92' title='bbox 1312 1493 1470 1567; x_wconf 90' lang='lat' dir='ltr'>haeretico,</span> 
     </span>
     <span class='ocr_line' id='line_1_12' title="bbox 316 1592 1470 1676; baseline 0.001 -21"><span class='ocrx_word' id='word_1_93' title='bbox 316 1595 383 1675; x_wconf 85' lang='lat' dir='ltr'>quia</span> <span class='ocrx_word' id='word_1_94' title='bbox 405 1612 459 1656; x_wconf 92' lang='lat' dir='ltr'>nec</span> <span class='ocrx_word' id='word_1_95' title='bbox 479 1594 510 1656; x_wconf 82' lang='lat' dir='ltr'>in</span> <span class='ocrx_word' id='word_1_96' title='bbox 531 1593 590 1656; x_wconf 89' lang='lat' dir='ltr'>lilio</span> <span class='ocrx_word' id='word_1_97' title='bbox 614 1593 693 1656; x_wconf 93' lang='lat' dir='ltr'>hono</span> <span class='ocrx_word' id='word_1_98' title='bbox 717 1613 772 1655; x_wconf 90' lang='lat' dir='ltr'>suo</span> <span class='ocrx_word' id='word_1_99' title='bbox 788 1592 922 1655; x_wconf 88' lang='lat' dir='ltr'>diabolus</span> <span class='ocrx_word' id='word_1_100' title='bbox 938 1603 1076 1676; x_wconf 89' lang='lat' dir='ltr'>operatus</span> <span class='ocrx_word' id='word_1_101' title='bbox 1091 1603 1138 1656; x_wconf 93' lang='lat' dir='ltr'>est</span> <span class='ocrx_word' id='word_1_102' title='bbox 1152 1594 1348 1656; x_wconf 84' lang='lat' dir='ltr'>traditionem.</span> <span class='ocrx_word' id='word_1_103' title='bbox 1376 1595 1470 1668; x_wconf 84' lang='lat' dir='ltr'>¹Filius</span> 
     </span>
     <span class='ocr_line' id='line_1_13' title="bbox 316 1681 1470 1776; baseline -0.002 -18"><span class='ocrx_word' id='word_1_104' title='bbox 316 1695 394 1758; x_wconf 91' lang='lat' dir='ltr'>enim</span> <span class='ocrx_word' id='word_1_105' title='bbox 424 1681 548 1756; x_wconf 72' lang='lat' dir='ltr'>unditus</span> <span class='ocrx_word' id='word_1_106' title='bbox 577 1704 621 1756; x_wconf 90' lang='lat' dir='ltr'>est</span> <span class='ocrx_word' id='word_1_107' title='bbox 648 1694 711 1768; x_wconf 89' lang='lat' dir='ltr'>dei,</span> <span class='ocrx_word' id='word_1_108' title='bbox 744 1693 793 1774; x_wconf 92' lang='lat' dir='ltr'>qui</span> <span class='ocrx_word' id='word_1_109' title='bbox 822 1703 885 1756; x_wconf 92' lang='lat' dir='ltr'>erat</span> <span class='ocrx_word' id='word_1_110' title='bbox 912 1694 942 1755; x_wconf 93' lang='lat' dir='ltr'>in</span> <span class='ocrx_word' id='word_1_111' title='bbox 969 1695 1029 1756; x_wconf 87' lang='lat' dir='ltr'>lilio</span> <span class='ocrx_word' id='word_1_112' title='bbox 1052 1695 1198 1767; x_wconf 90' lang='lat' dir='ltr'>hominis,</span> <span class='ocrx_word' id='word_1_113' title='bbox 1229 1695 1306 1757; x_wconf 87' lang='lat' dir='ltr'>sicut</span> <span class='ocrx_word' id='word_1_114' title='bbox 1327 1697 1470 1776; x_wconf 92' lang='lat' dir='ltr'>scriptura</span> 
     </span>
     <span class='ocr_line' id='line_1_14' title="bbox 315 1794 1470 1875; baseline -0.001 -15"><span class='ocrx_word' id='word_1_115' title='bbox 315 1795 478 1875; x_wconf 83' lang='lat' dir='ltr'>subiungit:</span> <span class='ocrx_word' id='word_1_116' title='bbox 500 1795 584 1856; x_wconf 88' lang='lat' dir='ltr'>Nunc</span> <span class='ocrx_word' id='word_1_117' title='bbox 604 1794 780 1874; x_wconf 88' lang='lat' dir='ltr'>glorificatus</span> <span class='ocrx_word' id='word_1_118' title='bbox 803 1805 850 1856; x_wconf 90' lang='lat' dir='ltr'>est</span> <span class='ocrx_word' id='word_1_119' title='bbox 869 1794 946 1858; x_wconf 83' lang='lat' dir='ltr'>tilius</span> <span class='ocrx_word' id='word_1_120' title='bbox 966 1796 1111 1869; x_wconf 87' lang='lat' dir='ltr'>hominis,</span> <span class='ocrx_word' id='word_1_121' title='bbox 1134 1796 1191 1858; x_wconf 74' lang='lat' dir='ltr'>¹⁵et</span> <span class='ocrx_word' id='word_1_122' title='bbox 1205 1797 1278 1858; x_wconf 90' lang='lat' dir='ltr'>deus</span> <span class='ocrx_word' id='word_1_123' title='bbox 1294 1796 1470 1875; x_wconf 80' lang='lat' dir='ltr'>glorificatus</span> 
     </span>
    </p>
   </div>
   <div class='ocr_carea' id='block_1_9' title="bbox 231 1894 1470 1978">
    <p class='ocr_par' dir='ltr' id='par_1_9' title="bbox 231 1894 1470 1978">
     <span class='ocr_line' id='line_1_15' title="bbox 231 1894 1470 1978; baseline -0.002 -18"><span class='ocrx_word' id='word_1_124' title='bbox 231 1969 234 1974; x_wconf 49' lang='grc'>,</span> <span class='ocrx_word' id='word_1_125' title='bbox 315 1905 361 1960; x_wconf 85' lang='lat' dir='ltr'>eat</span> <span class='ocrx_word' id='word_1_126' title='bbox 381 1898 412 1958; x_wconf 93' lang='lat' dir='ltr'>in</span> <span class='ocrx_word' id='word_1_127' title='bbox 434 1896 493 1958; x_wconf 90' lang='lat' dir='ltr'>illo.</span> <span class='ocrx_word' id='word_1_128' title='bbox 538 1896 612 1969; x_wconf 88' lang='lat' dir='ltr'>Quis</span> <span class='ocrx_word' id='word_1_129' title='bbox 634 1894 731 1958; x_wconf 81' lang='lat' dir='ltr'>deus?</span> <span class='ocrx_word' id='word_1_130' title='bbox 767 1895 870 1976; x_wconf 87' lang='lat' dir='ltr'>Utique</span> <span class='ocrx_word' id='word_1_131' title='bbox 893 1915 953 1957; x_wconf 89' lang='lat' dir='ltr'>non</span> <span class='ocrx_word' id='word_1_132' title='bbox 974 1906 1072 1976; x_wconf 87' lang='lat' dir='ltr'>pater,</span> <span class='ocrx_word' id='word_1_133' title='bbox 1095 1899 1148 1958; x_wconf 88' lang='lat' dir='ltr'>sed</span> <span class='ocrx_word' id='word_1_134' title='bbox 1169 1916 1268 1959; x_wconf 90' lang='lat' dir='ltr'>sermo</span> <span class='ocrx_word' id='word_1_135' title='bbox 1289 1898 1400 1976; x_wconf 90' lang='lat' dir='ltr'>patris,</span> <span class='ocrx_word' id='word_1_136' title='bbox 1423 1897 1470 1978; x_wconf 94' lang='lat' dir='ltr'>qui</span> 
     </span>
    </p>
   </div>
   <div class='ocr_carea' id='block_1_10' title="bbox 174 2525 303 2674">
    <p class='ocr_par' dir='ltr' id='par_1_10' title="bbox 174 2525 303 2674">
     <span class='ocr_line' id='line_1_16' title="bbox 174 2525 303 2584; baseline -0.008 -13"><span class='ocrx_word' id='word_1_137' title='bbox 174 2525 303 2584; x_wconf 70' lang='lat' dir='ltr'>Gapffll.</span> 
     </span>
     <span class='ocr_line' id='line_1_17' title="bbox 186 2622 299 2674; baseline -0.044 -6"><span class='ocrx_word' id='word_1_138' title='bbox 186 2622 299 2674; x_wconf 59' lang='lat' dir='ltr'>lenm.</span> 
     </span>
    </p>
   </div>
   <div class='ocr_carea' id='block_1_11' title="bbox 165 2723 308 2777">
    <p class='ocr_par' dir='ltr' id='par_1_11' title="bbox 165 2723 308 2777">
     <span class='ocr_line' id='line_1_18' title="bbox 165 2723 308 2777; baseline -0.035 -8"><span class='ocrx_word' id='word_1_139' title='bbox 165 2723 308 2777; x_wconf 57' lang='lat' dir='ltr'>tomheae.</span> 
     </span>
    </p>
   </div>
   <div class='ocr_carea' id='block_1_12' title="bbox 165 3233 308 3294">
    <p class='ocr_par' dir='ltr' id='par_1_12' title="bbox 165 3233 308 3294">
     <span class='ocr_line' id='line_1_19' title="bbox 165 3233 308 3294; baseline -0.028 -16"><span class='ocrx_word' id='word_1_140' title='bbox 165 3233 308 3294; x_wconf 71' lang='lat' dir='ltr'>lo.11ll,8eq.</span> 
     </span>
    </p>
   </div>
   <div class='ocr_carea' id='block_1_13' title="bbox 312 1997 1472 3601">
    <p class='ocr_par' dir='ltr' id='par_1_13' title="bbox 314 1997 1470 2481">
     <span class='ocr_line' id='line_1_20' title="bbox 316 1997 1468 2086; baseline -0.001 -25"><span class='ocrx_word' id='word_1_141' title='bbox 316 2006 379 2061; x_wconf 90' lang='lat' dir='ltr'>erat</span> <span class='ocrx_word' id='word_1_142' title='bbox 399 1999 429 2060; x_wconf 87' lang='lat' dir='ltr'>in</span> <span class='ocrx_word' id='word_1_143' title='bbox 450 1997 510 2060; x_wconf 88' lang='lat' dir='ltr'>tilio</span> <span class='ocrx_word' id='word_1_144' title='bbox 533 1997 677 2069; x_wconf 86' lang='lat' dir='ltr'>hominis,</span> <span class='ocrx_word' id='word_1_145' title='bbox 710 1997 739 2058; x_wconf 95' lang='lat' dir='ltr'>id</span> <span class='ocrx_word' id='word_1_146' title='bbox 762 2007 807 2059; x_wconf 92' lang='lat' dir='ltr'>est</span> <span class='ocrx_word' id='word_1_147' title='bbox 828 1997 858 2060; x_wconf 91' lang='lat' dir='ltr'>in</span> <span class='ocrx_word' id='word_1_148' title='bbox 880 2016 992 2086; x_wconf 56' lang='lat' dir='ltr'>carne,</span> <span class='ocrx_word' id='word_1_149' title='bbox 1010 1999 1039 2058; x_wconf 92' lang='lat' dir='ltr'>in</span> <span class='ocrx_word' id='word_1_150' title='bbox 1068 2007 1175 2078; x_wconf 90' lang='lat' dir='ltr'>quaet</span> <span class='ocrx_word' id='word_1_151' title='bbox 1202 1998 1380 2077; x_wconf 83' lang='lat' dir='ltr'>glorificatus</span> <span class='ocrx_word' id='word_1_152' title='bbox 1404 2000 1468 2073; x_wconf 91' lang='lat' dir='ltr'>iam,</span> 
     </span>
     <span class='ocr_line' id='line_1_21' title="bbox 315 2097 1469 2180; baseline -0.001 -18"><span class='ocrx_word' id='word_1_153' title='bbox 315 2100 422 2163; x_wconf 90' lang='lat' dir='ltr'>virtute</span> <span class='ocrx_word' id='word_1_154' title='bbox 443 2117 513 2159; x_wconf 90' lang='lat' dir='ltr'>vero</span> <span class='ocrx_word' id='word_1_155' title='bbox 536 2108 566 2160; x_wconf 93' lang='lat' dir='ltr'>et</span> <span class='ocrx_word' id='word_1_156' title='bbox 587 2116 740 2171; x_wconf 90' lang='lat' dir='ltr'>sermone,</span> <span class='ocrx_word' id='word_1_157' title='bbox 763 2108 792 2160; x_wconf 89' lang='lat' dir='ltr'>et</span> <span class='ocrx_word' id='word_1_158' title='bbox 812 2108 880 2160; x_wconf 88' lang='lat' dir='ltr'>ante</span> <span class='ocrx_word' id='word_1_159' title='bbox 901 2097 1023 2161; x_wconf 73' lang='lat' dir='ltr'>”lesus</span> <span class='ocrx_word' id='word_1_160' title='bbox 1055 2098 1120 2161; x_wconf 68' lang='lat' dir='ltr'>²⁷Et</span> <span class='ocrx_word' id='word_1_161' title='bbox 1134 2099 1222 2172; x_wconf 92' lang='lat' dir='ltr'>deus,</span> <span class='ocrx_word' id='word_1_162' title='bbox 1244 2100 1355 2178; x_wconf 90' lang='lat' dir='ltr'>iuquit,</span> <span class='ocrx_word' id='word_1_163' title='bbox 1377 2100 1469 2180; x_wconf 74' lang='lat' dir='ltr'>”glo-</span> 
     </span>
     <span class='ocr_line' id='line_1_22' title="bbox 314 2199 1468 2279; baseline 0 -16"><span class='ocrx_word' id='word_1_164' title='bbox 314 2199 439 2263; x_wconf 89' lang='lat' dir='ltr'>rificabit</span> <span class='ocrx_word' id='word_1_165' title='bbox 457 2200 538 2262; x_wconf 89' lang='lat' dir='ltr'>illum</span> <span class='ocrx_word' id='word_1_166' title='bbox 560 2200 589 2261; x_wconf 91' lang='lat' dir='ltr'>in</span> <span class='ocrx_word' id='word_1_167' title='bbox 612 2199 788 2279; x_wconf 88' lang='lat' dir='ltr'>semetipso,</span> <span class='ocrx_word' id='word_1_168' title='bbox 810 2200 840 2261; x_wconf 94' lang='lat' dir='ltr'>id</span> <span class='ocrx_word' id='word_1_169' title='bbox 863 2208 909 2261; x_wconf 88' lang='lat' dir='ltr'>est</span> <span class='ocrx_word' id='word_1_170' title='bbox 929 2207 1013 2279; x_wconf 90' lang='lat' dir='ltr'>pater</span> <span class='ocrx_word' id='word_1_171' title='bbox 1034 2200 1141 2274; x_wconf 87' lang='lat' dir='ltr'>lilium,</span> <span class='ocrx_word' id='word_1_172' title='bbox 1169 2200 1282 2279; x_wconf 67' lang='lat' dir='ltr'>”quem</span> <span class='ocrx_word' id='word_1_173' title='bbox 1305 2202 1336 2262; x_wconf 92' lang='lat' dir='ltr'>in</span> <span class='ocrx_word' id='word_1_174' title='bbox 1359 2212 1468 2263; x_wconf 83' lang='lat' dir='ltr'>semet-</span> 
     </span>
     <span class='ocr_line' id='line_1_23' title="bbox 315 2300 1470 2383; baseline 0.001 -19"><span class='ocrx_word' id='word_1_175' title='bbox 315 2301 380 2383; x_wconf 82' lang='lat' dir='ltr'>ipso</span> <span class='ocrx_word' id='word_1_176' title='bbox 402 2301 531 2375; x_wconf 84' lang='lat' dir='ltr'>hahens,</span> <span class='ocrx_word' id='word_1_177' title='bbox 565 2302 621 2363; x_wconf 91' lang='lat' dir='ltr'>etsi</span> <span class='ocrx_word' id='word_1_178' title='bbox 642 2309 809 2380; x_wconf 88' lang='lat' dir='ltr'>porrectum</span> <span class='ocrx_word' id='word_1_179' title='bbox 832 2300 867 2362; x_wconf 93' lang='lat' dir='ltr'>ad</span> <span class='ocrx_word' id='word_1_180' title='bbox 897 2311 1022 2374; x_wconf 91' lang='lat' dir='ltr'>terram,</span> <span class='ocrx_word' id='word_1_181' title='bbox 1052 2321 1119 2364; x_wconf 91' lang='lat' dir='ltr'>mox</span> <span class='ocrx_word' id='word_1_182' title='bbox 1146 2320 1199 2382; x_wconf 93' lang='lat' dir='ltr'>per</span> <span class='ocrx_word' id='word_1_183' title='bbox 1221 2304 1470 2366; x_wconf 80' lang='lat' dir='ltr'>resurrectionem</span> 
     </span>
     <span class='ocr_line' id='line_1_24' title="bbox 315 2401 600 2481; baseline -0.011 -15"><span class='ocrx_word' id='word_1_184' title='bbox 315 2401 439 2481; x_wconf 76' lang='lat' dir='ltr'>”morte</span> <span class='ocrx_word' id='word_1_185' title='bbox 459 2402 600 2464; x_wconf 69' lang='lat' dir='ltr'>devictal’.</span> 
     </span>
    </p>

    <p class='ocr_par' dir='ltr' id='par_1_14' title="bbox 312 2502 1472 3601">
     <span class='ocr_line' id='line_1_25' title="bbox 398 2502 1467 2584; baseline 0.002 -19"><span class='ocrx_word' id='word_1_186' title='bbox 398 2504 503 2565; x_wconf 81' lang='lat' dir='ltr'>’Erant</span> <span class='ocrx_word' id='word_1_187' title='bbox 522 2503 609 2584; x_wconf 90' lang='lat' dir='ltr'>plane</span> <span class='ocrx_word' id='word_1_188' title='bbox 629 2503 679 2583; x_wconf 93' lang='lat' dir='ltr'>qui</span> <span class='ocrx_word' id='word_1_189' title='bbox 700 2511 730 2564; x_wconf 88' lang='lat' dir='ltr'>et</span> <span class='ocrx_word' id='word_1_190' title='bbox 750 2511 820 2565; x_wconf 92' lang='lat' dir='ltr'>tunc</span> <span class='ocrx_word' id='word_1_191' title='bbox 841 2521 900 2566; x_wconf 92' lang='lat' dir='ltr'>non</span> <span class='ocrx_word' id='word_1_192' title='bbox 921 2502 1131 2582; x_wconf 79' lang='lat' dir='ltr'>intellegerent</span> <span class='ocrx_word' id='word_1_193' title='bbox 1161 2504 1325 2580; x_wconf 73' lang='lat' dir='ltr'>²Quoniam</span> <span class='ocrx_word' id='word_1_194' title='bbox 1342 2514 1372 2567; x_wconf 94' lang='lat' dir='ltr'>et</span> <span class='ocrx_word' id='word_1_195' title='bbox 1387 2506 1467 2567; x_wconf 85' lang='lat' dir='ltr'>Tho-</span> 
     </span>
     <span class='ocr_line' id='line_1_26' title="bbox 313 2603 1468 2687; baseline 0.001 -20"><span class='ocrx_word' id='word_1_196' title='bbox 313 2624 377 2667; x_wconf 92' lang='lat' dir='ltr'>mas</span> <span class='ocrx_word' id='word_1_197' title='bbox 397 2604 574 2684; x_wconf 86' lang='lat' dir='ltr'>aliquamdiu</span> <span class='ocrx_word' id='word_1_198' title='bbox 595 2603 779 2677; x_wconf 86' lang='lat' dir='ltr'>incredulus,</span> <span class='ocrx_word' id='word_1_199' title='bbox 801 2603 957 2682; x_wconf 73' lang='lat' dir='ltr'>&#39;Domine,</span> <span class='ocrx_word' id='word_1_200' title='bbox 979 2604 1101 2685; x_wconf 84' lang='lat' dir='ltr'>inquit·,</span> <span class='ocrx_word' id='word_1_201' title='bbox 1124 2625 1183 2668; x_wconf 90' lang='lat' dir='ltr'>non</span> <span class='ocrx_word' id='word_1_202' title='bbox 1199 2607 1308 2668; x_wconf 90' lang='lat' dir='ltr'>scimus</span> <span class='ocrx_word' id='word_1_203' title='bbox 1325 2627 1386 2687; x_wconf 92' lang='lat' dir='ltr'>quo</span> <span class='ocrx_word' id='word_1_204' title='bbox 1410 2627 1468 2682; x_wconf 92' lang='lat' dir='ltr'>eas,</span> 
     </span>
     <span class='ocr_line' id='line_1_27' title="bbox 315 2703 1470 2796; baseline 0 -28"><span class='ocrx_word' id='word_1_205' title='bbox 315 2714 345 2768; x_wconf 87' lang='lat' dir='ltr'>et</span> <span class='ocrx_word' id='word_1_206' title='bbox 365 2704 513 2786; x_wconf 92' lang='lat' dir='ltr'>quomodo</span> <span class='ocrx_word' id='word_1_207' title='bbox 535 2704 610 2766; x_wconf 88' lang='lat' dir='ltr'>viem</span> <span class='ocrx_word' id='word_1_208' title='bbox 632 2703 790 2767; x_wconf 74' lang='lat' dir='ltr'>novimus?</span> <span class='ocrx_word' id='word_1_209' title='bbox 832 2705 869 2767; x_wconf 85' lang='lat' dir='ltr'>Et</span> <span class='ocrx_word' id='word_1_210' title='bbox 893 2705 992 2767; x_wconf 88' lang='lat' dir='ltr'>lesus:</span> <span class='ocrx_word' id='word_1_211' title='bbox 1022 2706 1086 2796; x_wconf 83' lang='lat' dir='ltr'>Ego</span> <span class='ocrx_word' id='word_1_212' title='bbox 1114 2726 1179 2769; x_wconf 87' lang='lat' dir='ltr'>sum</span> <span class='ocrx_word' id='word_1_213' title='bbox 1207 2707 1268 2781; x_wconf 94' lang='lat' dir='ltr'>via,</span> <span class='ocrx_word' id='word_1_214' title='bbox 1302 2709 1414 2772; x_wconf 85' lang='lat' dir='ltr'>veritas</span> <span class='ocrx_word' id='word_1_215' title='bbox 1443 2716 1470 2770; x_wconf 93' lang='lat' dir='ltr'>et</span> 
     </span>
     <span class='ocr_line' id='line_1_28' title="bbox 315 2805 1468 2889; baseline 0.005 -23"><span class='ocrx_word' id='word_1_216' title='bbox 315 2808 387 2869; x_wconf 89' lang='lat' dir='ltr'>vita:</span> <span class='ocrx_word' id='word_1_217' title='bbox 409 2824 495 2867; x_wconf 90' lang='lat' dir='ltr'>nemo</span> <span class='ocrx_word' id='word_1_218' title='bbox 516 2806 597 2866; x_wconf 89' lang='lat' dir='ltr'>venit</span> <span class='ocrx_word' id='word_1_219' title='bbox 617 2805 653 2866; x_wconf 91' lang='lat' dir='ltr'>ad</span> <span class='ocrx_word' id='word_1_220' title='bbox 674 2815 785 2886; x_wconf 89' lang='lat' dir='ltr'>patrem</span> <span class='ocrx_word' id='word_1_221' title='bbox 807 2806 865 2869; x_wconf 84' lang='lat' dir='ltr'>nisi</span> <span class='ocrx_word' id='word_1_222' title='bbox 885 2826 939 2889; x_wconf 89' lang='lat' dir='ltr'>per</span> <span class='ocrx_word' id='word_1_223' title='bbox 960 2826 1023 2883; x_wconf 82' lang='lat' dir='ltr'>me3</span> <span class='ocrx_word' id='word_1_224' title='bbox 1046 2810 1071 2870; x_wconf 92' lang='lat' dir='ltr'>si</span> <span class='ocrx_word' id='word_1_225' title='bbox 1093 2808 1308 2889; x_wconf 80' lang='lat' dir='ltr'>cognovissetis</span> <span class='ocrx_word' id='word_1_226' title='bbox 1330 2829 1395 2882; x_wconf 89' lang='lat' dir='ltr'>me,</span> <span class='ocrx_word' id='word_1_227' title='bbox 1419 2829 1468 2872; x_wconf 91' lang='lat' dir='ltr'>co-</span> 
     </span>
     <span class='ocr_line' id='line_1_29' title="bbox 314 2907 1470 2989; baseline 0.002 -18"><span class='ocrx_word' id='word_1_228' title='bbox 314 2907 493 2989; x_wconf 86' lang='lat' dir='ltr'>gnovissetis</span> <span class='ocrx_word' id='word_1_229' title='bbox 515 2917 543 2968; x_wconf 88' lang='lat' dir='ltr'>et</span> <span class='ocrx_word' id='word_1_230' title='bbox 564 2916 692 2989; x_wconf 74' lang='lat' dir='ltr'>patrem,</span> <span class='ocrx_word' id='word_1_231' title='bbox 724 2907 794 2969; x_wconf 85' lang='lat' dir='ltr'>⁴sed</span> <span class='ocrx_word' id='word_1_232' title='bbox 816 2908 921 2970; x_wconf 92' lang='lat' dir='ltr'>ahhinc</span> <span class='ocrx_word' id='word_1_233' title='bbox 942 2911 1038 2988; x_wconf 88' lang='lat' dir='ltr'>nostis</span> <span class='ocrx_word' id='word_1_234' title='bbox 1067 2910 1164 2983; x_wconf 90' lang='lat' dir='ltr'>illum,</span> <span class='ocrx_word' id='word_1_235' title='bbox 1193 2918 1223 2971; x_wconf 91' lang='lat' dir='ltr'>et</span> <span class='ocrx_word' id='word_1_236' title='bbox 1243 2911 1356 2973; x_wconf 88' lang='lat' dir='ltr'>vidistis</span> <span class='ocrx_word' id='word_1_237' title='bbox 1380 2913 1470 2975; x_wconf 89' lang='lat' dir='ltr'>illum.</span> 
     </span>
     <span class='ocr_line' id='line_1_30' title="bbox 314 3007 1470 3094; baseline 0.003 -21"><span class='ocrx_word' id='word_1_238' title='bbox 314 3010 352 3073; x_wconf 77' lang='lat' dir='ltr'>Et</span> <span class='ocrx_word' id='word_1_239' title='bbox 372 3008 557 3090; x_wconf 87' lang='lat' dir='ltr'>pervenimus</span> <span class='ocrx_word' id='word_1_240' title='bbox 579 3008 637 3069; x_wconf 91' lang='lat' dir='ltr'>iam</span> <span class='ocrx_word' id='word_1_241' title='bbox 658 3008 694 3069; x_wconf 91' lang='lat' dir='ltr'>ad</span> <span class='ocrx_word' id='word_1_242' title='bbox 716 3007 897 3089; x_wconf 83' lang='lat' dir='ltr'>Philippum,</span> <span class='ocrx_word' id='word_1_243' title='bbox 920 3012 970 3090; x_wconf 92' lang='lat' dir='ltr'>qui</span> <span class='ocrx_word' id='word_1_244' title='bbox 992 3031 1046 3093; x_wconf 87' lang='lat' dir='ltr'>epe</span> <span class='ocrx_word' id='word_1_245' title='bbox 1068 3011 1208 3073; x_wconf 88' lang='lat' dir='ltr'>excitatus</span> <span class='ocrx_word' id='word_1_246' title='bbox 1230 3012 1347 3074; x_wconf 91' lang='lat' dir='ltr'>videndi</span> <span class='ocrx_word' id='word_1_247' title='bbox 1371 3015 1470 3094; x_wconf 82' lang='lat' dir='ltr'>patris,</span> 
     </span>
     <span class='ocr_line' id='line_1_31' title="bbox 315 3109 1470 3195; baseline 0.003 -22"><span class='ocrx_word' id='word_1_248' title='bbox 315 3129 371 3173; x_wconf 90' lang='lat' dir='ltr'>nec</span> <span class='ocrx_word' id='word_1_249' title='bbox 391 3109 561 3188; x_wconf 87' lang='lat' dir='ltr'>intellegens</span> <span class='ocrx_word' id='word_1_250' title='bbox 584 3109 732 3189; x_wconf 92' lang='lat' dir='ltr'>quomodo</span> <span class='ocrx_word' id='word_1_251' title='bbox 754 3111 849 3172; x_wconf 90' lang='lat' dir='ltr'>visum</span> <span class='ocrx_word' id='word_1_252' title='bbox 870 3120 981 3192; x_wconf 90' lang='lat' dir='ltr'>patrem</span> <span class='ocrx_word' id='word_1_253' title='bbox 1003 3112 1151 3185; x_wconf 87' lang='lat' dir='ltr'>audisset,</span> <span class='ocrx_word' id='word_1_254' title='bbox 1186 3114 1333 3188; x_wconf 88' lang='lat' dir='ltr'>Ostende,</span> <span class='ocrx_word' id='word_1_255' title='bbox 1366 3115 1470 3195; x_wconf 88' lang='lat' dir='ltr'>inquit,</span> 
     </span>
     <span class='ocr_line' id='line_1_32' title="bbox 314 3210 1470 3295; baseline 0.003 -22"><span class='ocrx_word' id='word_1_256' title='bbox 314 3212 402 3274; x_wconf 84' lang='lat' dir='ltr'>nobis</span> <span class='ocrx_word' id='word_1_257' title='bbox 423 3220 550 3293; x_wconf 79' lang='lat' dir='ltr'>patrem,</span> <span class='ocrx_word' id='word_1_258' title='bbox 574 3219 605 3273; x_wconf 91' lang='lat' dir='ltr'>et</span> <span class='ocrx_word' id='word_1_259' title='bbox 624 3212 732 3274; x_wconf 83' lang='lat' dir='ltr'>sufficit</span> <span class='ocrx_word' id='word_1_260' title='bbox 751 3210 850 3295; x_wconf 85' lang='lat' dir='ltr'>nohis.</span> <span class='ocrx_word' id='word_1_261' title='bbox 883 3212 922 3273; x_wconf 86' lang='lat' dir='ltr'>Et</span> <span class='ocrx_word' id='word_1_262' title='bbox 940 3213 1092 3274; x_wconf 87' lang='lat' dir='ltr'>dominus:</span> <span class='ocrx_word' id='word_1_263' title='bbox 1115 3214 1264 3294; x_wconf 89' lang='lat' dir='ltr'>Philippe,</span> <span class='ocrx_word' id='word_1_264' title='bbox 1288 3222 1370 3276; x_wconf 90' lang='lat' dir='ltr'>tanto</span> <span class='ocrx_word' id='word_1_265' title='bbox 1395 3224 1470 3277; x_wconf 79' lang='lat' dir='ltr'>tem</span> 
     </span>
     <span class='ocr_line' id='line_1_33' title="bbox 312 3312 1472 3396; baseline 0.004 -23"><span class='ocrx_word' id='word_1_266' title='bbox 312 3331 387 3395; x_wconf 90' lang='lat' dir='ltr'>pore</span> <span class='ocrx_word' id='word_1_267' title='bbox 408 3313 558 3375; x_wconf 90' lang='lat' dir='ltr'>vobiscum</span> <span class='ocrx_word' id='word_1_268' title='bbox 580 3330 664 3386; x_wconf 88' lang='lat' dir='ltr'>sum,</span> <span class='ocrx_word' id='word_1_269' title='bbox 687 3322 717 3374; x_wconf 91' lang='lat' dir='ltr'>et</span> <span class='ocrx_word' id='word_1_270' title='bbox 737 3330 798 3373; x_wconf 92' lang='lat' dir='ltr'>non</span> <span class='ocrx_word' id='word_1_271' title='bbox 820 3314 997 3393; x_wconf 85' lang='lat' dir='ltr'>cognovistis</span> <span class='ocrx_word' id='word_1_272' title='bbox 1021 3312 1090 3376; x_wconf 77' lang='lat' dir='ltr'>me?</span> <span class='ocrx_word' id='word_1_273' title='bbox 1123 3315 1216 3388; x_wconf 84' lang='lat' dir='ltr'>Quem</span> <span class='ocrx_word' id='word_1_274' title='bbox 1240 3315 1309 3377; x_wconf 91' lang='lat' dir='ltr'>dicit</span> <span class='ocrx_word' id='word_1_275' title='bbox 1330 3316 1472 3396; x_wconf 77' lang='lat' dir='ltr'>cognosci</span> 
     </span>
     <span class='ocr_line' id='line_1_34' title="bbox 313 3414 1471 3498; baseline 0.003 -21"><span class='ocrx_word' id='word_1_276' title='bbox 313 3414 349 3477; x_wconf 86' lang='lat' dir='ltr'>ah</span> <span class='ocrx_word' id='word_1_277' title='bbox 372 3414 429 3476; x_wconf 91' lang='lat' dir='ltr'>illis</span> <span class='ocrx_word' id='word_1_278' title='bbox 452 3414 591 3476; x_wconf 87' lang='lat' dir='ltr'>debuisse</span> <span class='ocrx_word' id='word_1_279' title='bbox 612 3414 681 3490; x_wconf 90' lang='lat' dir='ltr'>(hoc</span> <span class='ocrx_word' id='word_1_280' title='bbox 703 3415 781 3476; x_wconf 91' lang='lat' dir='ltr'>enim</span> <span class='ocrx_word' id='word_1_281' title='bbox 808 3415 906 3477; x_wconf 83' lang='lat' dir='ltr'>solnm</span> <span class='ocrx_word' id='word_1_282' title='bbox 927 3415 1033 3478; x_wconf 91' lang='lat' dir='ltr'>discuti</span> <span class='ocrx_word' id='word_1_283' title='bbox 1056 3423 1197 3494; x_wconf 76' lang='lat' dir='ltr'>oportet),</span> <span class='ocrx_word' id='word_1_284' title='bbox 1234 3417 1318 3496; x_wconf 90' lang='lat' dir='ltr'>quasi</span> <span class='ocrx_word' id='word_1_285' title='bbox 1344 3425 1471 3498; x_wconf 87' lang='lat' dir='ltr'>patrem,</span> 
     </span>
     <span class='ocr_line' id='line_1_35' title="bbox 313 3513 1472 3601; baseline 0.003 -24"><span class='ocrx_word' id='word_1_286' title='bbox 313 3534 351 3579; x_wconf 84' lang='lat' dir='ltr'>en</span> <span class='ocrx_word' id='word_1_287' title='bbox 372 3516 455 3596; x_wconf 85' lang='lat' dir='ltr'>quasi</span> <span class='ocrx_word' id='word_1_288' title='bbox 476 3513 590 3578; x_wconf 72' lang='lat' dir='ltr'>lilium?</span> <span class='ocrx_word' id='word_1_289' title='bbox 634 3515 666 3576; x_wconf 88' lang='lat' dir='ltr'>Si</span> <span class='ocrx_word' id='word_1_290' title='bbox 687 3516 771 3595; x_wconf 90' lang='lat' dir='ltr'>quasi</span> <span class='ocrx_word' id='word_1_291' title='bbox 792 3525 921 3596; x_wconf 89' lang='lat' dir='ltr'>patrem,</span> <span class='ocrx_word' id='word_1_292' title='bbox 952 3517 1055 3579; x_wconf 90' lang='lat' dir='ltr'>doceat</span> <span class='ocrx_word' id='word_1_293' title='bbox 1076 3517 1199 3580; x_wconf 84' lang='lat' dir='ltr'>Praxeas</span> <span class='ocrx_word' id='word_1_294' title='bbox 1227 3527 1307 3579; x_wconf 90' lang='lat' dir='ltr'>tanto</span> <span class='ocrx_word' id='word_1_295' title='bbox 1336 3525 1472 3601; x_wconf 91' lang='lat' dir='ltr'>tempore</span> 
     </span>
    </p>
   </div>
   <div class='ocr_carea' id='block_1_14' title="bbox 271 3680 1471 3764">
    <p class='ocr_par' dir='ltr' id='par_1_15' title="bbox 271 3680 1471 3764">
     <span class='ocr_line' id='line_1_36' title="bbox 271 3680 1471 3764; baseline 0.001 -10"><span class='ocrx_word' id='word_1_296' title='bbox 271 3682 277 3693; x_wconf 48' lang='lat'><strong>⁴</strong></span> <span class='ocrx_word' id='word_1_297' title='bbox 314 3703 354 3754; x_wconf 78' lang='lat'>22.</span> <span class='ocrx_word' id='word_1_298' title='bbox 374 3705 479 3754; x_wconf 87' lang='lat' dir='ltr'>nominat</span> <span class='ocrx_word' id='word_1_299' title='bbox 496 3705 536 3753; x_wconf 75' lang='lat' dir='ltr'>le.</span> <span class='ocrx_word' id='word_1_300' title='bbox 555 3705 619 3754; x_wconf 83' lang='lat' dir='ltr'>leid.</span> <span class='ocrx_word' id='word_1_301' title='bbox 671 3701 710 3752; x_wconf 77' lang='lat'>23.</span> <span class='ocrx_word' id='word_1_302' title='bbox 730 3705 806 3752; x_wconf 78' lang='lat' dir='ltr'>exisse</span> <span class='ocrx_word' id='word_1_303' title='bbox 822 3704 856 3764; x_wconf 90' lang='lat' dir='ltr'>&#39;d.,</span> <span class='ocrx_word' id='word_1_304' title='bbox 877 3680 1023 3754; x_wconf 26' lang='lat' dir='ltr'>cum—Fulvio</span> <span class='ocrx_word' id='word_1_305' title='bbox 1043 3704 1132 3754; x_wconf 81' lang='lat' dir='ltr'>Ursino.</span> <span class='ocrx_word' id='word_1_306' title='bbox 1190 3703 1229 3753; x_wconf 77' lang='lat'>24.</span> <span class='ocrx_word' id='word_1_307' title='bbox 1249 3712 1271 3753; x_wconf 91' lang='lat' dir='ltr'>et</span> <span class='ocrx_word' id='word_1_308' title='bbox 1289 3721 1333 3755; x_wconf 84' lang='lat' dir='ltr'>om.</span> <span class='ocrx_word' id='word_1_309' title='bbox 1348 3708 1384 3757; x_wconf 77' lang='lat' dir='ltr'>lec.</span> <span class='ocrx_word' id='word_1_310' title='bbox 1431 3707 1471 3757; x_wconf 77' lang='lat'>25.</span> 
     </span>
    </p>
   </div>
   <div class='ocr_carea' id='block_1_15' title="bbox 313 3769 1471 4040">
    <p class='ocr_par' dir='ltr' id='par_1_16' title="bbox 313 3769 1471 3970">
     <span class='ocr_line' id='line_1_37' title="bbox 314 3769 1471 3831; baseline 0.002 -9"><span class='ocrx_word' id='word_1_311' title='bbox 314 3780 338 3822; x_wconf 82' lang='lat' dir='ltr'>et</span> <span class='ocrx_word' id='word_1_312' title='bbox 355 3772 435 3822; x_wconf 65' lang='lat' dir='ltr'>ooth</span> <span class='ocrx_word' id='word_1_313' title='bbox 454 3772 518 3821; x_wconf 80' lang='lat' dir='ltr'>leid.</span> <span class='ocrx_word' id='word_1_314' title='bbox 569 3769 609 3818; x_wconf 80' lang='lat'>26.</span> <span class='ocrx_word' id='word_1_315' title='bbox 628 3770 701 3818; x_wconf 79' lang='lat' dir='ltr'>leons.</span> <span class='ocrx_word' id='word_1_316' title='bbox 727 3770 755 3820; x_wconf 78' lang='lat' dir='ltr'>Et</span> <span class='ocrx_word' id='word_1_317' title='bbox 772 3771 809 3820; x_wconf 75' lang='lat' dir='ltr'>rr.</span> <span class='ocrx_word' id='word_1_318' title='bbox 823 3772 910 3821; x_wconf 80' lang='lat' dir='ltr'>lenius.</span> <span class='ocrx_word' id='word_1_319' title='bbox 951 3772 1038 3831; x_wconf 85' lang='lat' dir='ltr'>lesum,</span> <span class='ocrx_word' id='word_1_320' title='bbox 1057 3780 1080 3821; x_wconf 88' lang='lat' dir='ltr'>et</span> <span class='ocrx_word' id='word_1_321' title='bbox 1097 3774 1152 3822; x_wconf 83' lang='lat' dir='ltr'>lihri</span> <span class='ocrx_word' id='word_1_322' title='bbox 1168 3788 1253 3823; x_wconf 75' lang='lat' dir='ltr'>oraora.</span> <span class='ocrx_word' id='word_1_323' title='bbox 1313 3772 1355 3823; x_wconf 74' lang='grc'>21.</span> <span class='ocrx_word' id='word_1_324' title='bbox 1382 3782 1406 3824; x_wconf 90' lang='lat' dir='ltr'>et</span> <span class='ocrx_word' id='word_1_325' title='bbox 1429 3792 1471 3824; x_wconf 72' lang='lat' dir='ltr'>ove.</span> 
     </span>
     <span class='ocr_line' id='line_1_38' title="bbox 313 3837 1471 3904; baseline 0.002 -13"><span class='ocrx_word' id='word_1_326' title='bbox 313 3845 339 3892; x_wconf 77' lang='grc' dir='ltr'>Δ.</span> <span class='ocrx_word' id='word_1_327' title='bbox 358 3841 421 3890; x_wconf 79' lang='lat' dir='ltr'>leid.</span> <span class='ocrx_word' id='word_1_328' title='bbox 472 3838 513 3887; x_wconf 78' lang='lat'>28.</span> <span class='ocrx_word' id='word_1_329' title='bbox 531 3837 673 3898; x_wconf 80' lang='lat' dir='ltr'>glorilleahit</span> <span class='ocrx_word' id='word_1_330' title='bbox 690 3853 739 3900; x_wconf 78' lang='lat' dir='ltr'>ego.</span> <span class='ocrx_word' id='word_1_331' title='bbox 779 3838 919 3899; x_wconf 86' lang='lat' dir='ltr'>glorillcavit</span> <span class='ocrx_word' id='word_1_332' title='bbox 935 3841 989 3890; x_wconf 83' lang='lat' dir='ltr'>lihri</span> <span class='ocrx_word' id='word_1_333' title='bbox 1006 3856 1090 3890; x_wconf 74' lang='lat' dir='ltr'>omnes.</span> <span class='ocrx_word' id='word_1_334' title='bbox 1149 3839 1189 3888; x_wconf 80' lang='lat'>29.</span> <span class='ocrx_word' id='word_1_335' title='bbox 1207 3854 1277 3904; x_wconf 90' lang='lat' dir='ltr'>quem</span> <span class='ocrx_word' id='word_1_336' title='bbox 1296 3842 1319 3890; x_wconf 89' lang='lat' dir='ltr'>in</span> <span class='ocrx_word' id='word_1_337' title='bbox 1344 3843 1389 3891; x_wconf 73' lang='lat' dir='ltr'>la.</span> <span class='ocrx_word' id='word_1_338' title='bbox 1409 3844 1471 3893; x_wconf 78' lang='lat' dir='ltr'>leid.</span> 
     </span>
     <span class='ocr_line' id='line_1_39' title="bbox 314 3904 1217 3970; baseline -0.001 -14"><span class='ocrx_word' id='word_1_339' title='bbox 314 3908 446 3970; x_wconf 70' lang='lat' dir='ltr'>inreliqui.</span> <span class='ocrx_word' id='word_1_340' title='bbox 497 3904 538 3954; x_wconf 81' lang='lat'>³0.</span> <span class='ocrx_word' id='word_1_341' title='bbox 554 3905 691 3965; x_wconf 85' lang='lat' dir='ltr'>glurillcavit</span> <span class='ocrx_word' id='word_1_342' title='bbox 710 3913 786 3954; x_wconf 89' lang='lat' dir='ltr'>morte</span> <span class='ocrx_word' id='word_1_343' title='bbox 803 3907 892 3956; x_wconf 83' lang='lat' dir='ltr'>devicte</span> <span class='ocrx_word' id='word_1_344' title='bbox 910 3909 942 3968; x_wconf 78' lang='lat' dir='ltr'>d,</span> <span class='ocrx_word' id='word_1_345' title='bbox 963 3923 1012 3957; x_wconf 84' lang='lat' dir='ltr'>cum</span> <span class='ocrx_word' id='word_1_346' title='bbox 1030 3908 1108 3957; x_wconf 83' lang='lat' dir='ltr'>Fulvio</span> <span class='ocrx_word' id='word_1_347' title='bbox 1128 3908 1217 3957; x_wconf 76' lang='lat' dir='ltr'>Ursino.</span> 
     </span>
    </p>

    <p class='ocr_par' dir='ltr' id='par_1_17' title="bbox 380 3971 1471 4040">
     <span class='ocr_line' id='line_1_40' title="bbox 380 3971 1471 4040; baseline 0.004 -17"><span class='ocrx_word' id='word_1_348' title='bbox 380 3974 438 4038; x_wconf 85' lang='lat' dir='ltr'>Cap.</span> <span class='ocrx_word' id='word_1_349' title='bbox 457 3971 532 4022; x_wconf 73' lang='lat' dir='ltr'>ml.</span> <span class='ocrx_word' id='word_1_350' title='bbox 568 3971 590 4020; x_wconf 88' lang='lat' dir='ltr'>l.</span> <span class='ocrx_word' id='word_1_351' title='bbox 609 3971 680 4020; x_wconf 80' lang='lat' dir='ltr'>Erant</span> <span class='ocrx_word' id='word_1_352' title='bbox 697 3973 737 4022; x_wconf 89' lang='lat' dir='ltr'>tihi</span> <span class='ocrx_word' id='word_1_353' title='bbox 756 3974 818 4031; x_wconf 77' lang='lat' dir='ltr'>(lue.</span> <span class='ocrx_word' id='word_1_354' title='bbox 838 3975 880 4033; x_wconf 82' lang='lat' dir='ltr'>ihil</span> <span class='ocrx_word' id='word_1_355' title='bbox 898 3974 968 4038; x_wconf 83' lang='lat' dir='ltr'>plane</span> <span class='ocrx_word' id='word_1_356' title='bbox 987 3976 1074 4038; x_wconf 89' lang='lat' dir='ltr'>quippe</span> <span class='ocrx_word' id='word_1_357' title='bbox 1091 3976 1131 4038; x_wconf 87' lang='lat' dir='ltr'>qui</span> <span class='ocrx_word' id='word_1_358' title='bbox 1149 3980 1173 4025; x_wconf 83' lang='grc' dir='ltr'>Α.</span> <span class='ocrx_word' id='word_1_359' title='bbox 1193 3977 1255 4025; x_wconf 85' lang='lat' dir='ltr'>leid.</span> <span class='ocrx_word' id='word_1_360' title='bbox 1305 3974 1328 4023; x_wconf 81' lang='lat'>2.</span> <span class='ocrx_word' id='word_1_361' title='bbox 1348 3977 1471 4040; x_wconf 84' lang='lat' dir='ltr'>quomodo</span> 
     </span>
    </p>
   </div>
   <div class='ocr_carea' id='block_1_16' title="bbox 277 4038 1473 4111">
    <p class='ocr_par' dir='ltr' id='par_1_18' title="bbox 277 4038 1473 4111">
     <span class='ocr_line' id='line_1_41' title="bbox 277 4038 1473 4111; baseline 0.003 -19"><span class='ocrx_word' id='word_1_362' title='bbox 277 4048 290 4071; x_wconf 80' lang='lat'>⁸</span> <span class='ocrx_word' id='word_1_363' title='bbox 313 4043 339 4093; x_wconf 76' lang='grc' dir='ltr'>Δ.</span> <span class='ocrx_word' id='word_1_364' title='bbox 356 4042 420 4091; x_wconf 72' lang='lat' dir='ltr'>leid.</span> <span class='ocrx_word' id='word_1_365' title='bbox 470 4039 494 4089; x_wconf 78' lang='grc'>3.</span> <span class='ocrx_word' id='word_1_366' title='bbox 513 4038 620 4099; x_wconf 83' lang='lat' dir='ltr'>Domine,</span> <span class='ocrx_word' id='word_1_367' title='bbox 638 4040 779 4105; x_wconf 82' lang='lat' dir='ltr'>inquitego.</span> <span class='ocrx_word' id='word_1_368' title='bbox 813 4041 914 4092; x_wconf 84' lang='lat' dir='ltr'>Domine</span> <span class='ocrx_word' id='word_1_369' title='bbox 931 4043 1004 4104; x_wconf 89' lang='lat' dir='ltr'>enim,</span> <span class='ocrx_word' id='word_1_370' title='bbox 1022 4044 1098 4106; x_wconf 90' lang='lat' dir='ltr'>inquit</span> <span class='ocrx_word' id='word_1_371' title='bbox 1115 4045 1150 4093; x_wconf 85' lang='lat' dir='ltr'>ed.</span> <span class='ocrx_word' id='word_1_372' title='bbox 1191 4043 1293 4093; x_wconf 84' lang='lat' dir='ltr'>liomino</span> <span class='ocrx_word' id='word_1_373' title='bbox 1312 4046 1379 4094; x_wconf 88' lang='lat' dir='ltr'>enim</span> <span class='ocrx_word' id='word_1_374' title='bbox 1397 4046 1473 4111; x_wconf 77' lang='lat' dir='ltr'>inquit</span> 
     </span>
    </p>
   </div>
   <div class='ocr_carea' id='block_1_17' title="bbox 313 4107 820 4160">
    <p class='ocr_par' dir='ltr' id='par_1_19' title="bbox 313 4107 820 4160">
     <span class='ocr_line' id='line_1_42' title="bbox 313 4107 820 4160; baseline 0.002 -2"><span class='ocrx_word' id='word_1_375' title='bbox 313 4108 386 4160; x_wconf 74' lang='lat' dir='ltr'>that.</span> <span class='ocrx_word' id='word_1_376' title='bbox 437 4108 461 4157; x_wconf 79' lang='lat' dir='ltr'>t.</span> <span class='ocrx_word' id='word_1_377' title='bbox 479 4108 521 4156; x_wconf 84' lang='lat' dir='ltr'>sed</span> <span class='ocrx_word' id='word_1_378' title='bbox 540 4115 563 4157; x_wconf 91' lang='lat' dir='ltr'>et</span> <span class='ocrx_word' id='word_1_379' title='bbox 579 4107 666 4157; x_wconf 81' lang='lat' dir='ltr'>abhinc</span> <span class='ocrx_word' id='word_1_380' title='bbox 682 4109 738 4158; x_wconf 79' lang='lat' dir='ltr'>tha.</span> <span class='ocrx_word' id='word_1_381' title='bbox 756 4109 820 4158; x_wconf 82' lang='lat' dir='ltr'>leid.</span> 
     </span>
    </p>
   </div>
   <div class='ocr_carea' id='block_1_18' title="bbox 313 4242 1473 4918">
    <p class='ocr_par' dir='ltr' id='par_1_20' title="bbox 313 4242 1473 4851">
     <span class='ocr_line' id='line_1_43' title="bbox 347 4242 1471 4312; baseline 0.004 -20"><span class='ocrx_word' id='word_1_382' title='bbox 347 4242 370 4292; x_wconf 89' lang='lat' dir='ltr'>h.</span> <span class='ocrx_word' id='word_1_383' title='bbox 397 4242 537 4305; x_wconf 80' lang='lat' dir='ltr'>glorificabit</span> <span class='ocrx_word' id='word_1_384' title='bbox 560 4243 626 4292; x_wconf 88' lang='lat' dir='ltr'>illum</span> <span class='ocrx_word' id='word_1_385' title='bbox 646 4269 677 4279; x_wconf 92' lang='lat'>—</span> <span class='ocrx_word' id='word_1_386' title='bbox 695 4269 727 4279; x_wconf 98' lang='lat'>-</span> <span class='ocrx_word' id='word_1_387' title='bbox 751 4257 804 4292; x_wconf 88' lang='lat' dir='ltr'>mox</span> <span class='ocrx_word' id='word_1_388' title='bbox 822 4258 866 4307; x_wconf 93' lang='lat' dir='ltr'>per</span> <span class='ocrx_word' id='word_1_389' title='bbox 915 4245 1054 4308; x_wconf 82' lang='lat' dir='ltr'>semetipso,</span> <span class='ocrx_word' id='word_1_390' title='bbox 1080 4245 1102 4293; x_wconf 94' lang='lat' dir='ltr'>id</span> <span class='ocrx_word' id='word_1_391' title='bbox 1127 4253 1162 4293; x_wconf 86' lang='lat' dir='ltr'>est</span> <span class='ocrx_word' id='word_1_392' title='bbox 1185 4254 1253 4308; x_wconf 88' lang='lat' dir='ltr'>pater</span> <span class='ocrx_word' id='word_1_393' title='bbox 1271 4245 1357 4304; x_wconf 78' lang='lat' dir='ltr'>ulium,</span> <span class='ocrx_word' id='word_1_394' title='bbox 1384 4249 1471 4312; x_wconf 82' lang='lat' dir='ltr'>qnippe</span> 
     </span>
     <span class='ocr_line' id='line_1_44' title="bbox 315 4306 1471 4380; baseline 0.003 -20"><span class='ocrx_word' id='word_1_395' title='bbox 315 4313 513 4361; x_wconf 84' lang='lat' dir='ltr'>resurrectionem</span> <span class='ocrx_word' id='word_1_396' title='bbox 532 4321 607 4361; x_wconf 87' lang='lat' dir='ltr'>morte</span> <span class='ocrx_word' id='word_1_397' title='bbox 625 4306 735 4375; x_wconf 65' lang='lat' dir='ltr'>devicte]</span> <span class='ocrx_word' id='word_1_398' title='bbox 753 4311 786 4360; x_wconf 89' lang='lat' dir='ltr'>lta</span> <span class='ocrx_word' id='word_1_399' title='bbox 806 4311 865 4361; x_wconf 80' lang='lat' dir='ltr'>haec</span> <span class='ocrx_word' id='word_1_400' title='bbox 916 4327 986 4375; x_wconf 88' lang='lat' dir='ltr'>quem</span> <span class='ocrx_word' id='word_1_401' title='bbox 1005 4314 1028 4361; x_wconf 92' lang='lat' dir='ltr'>in</span> <span class='ocrx_word' id='word_1_402' title='bbox 1046 4314 1176 4375; x_wconf 85' lang='lat' dir='ltr'>semetipso</span> <span class='ocrx_word' id='word_1_403' title='bbox 1195 4314 1294 4369; x_wconf 87' lang='lat' dir='ltr'>hahens,</span> <span class='ocrx_word' id='word_1_404' title='bbox 1322 4314 1368 4364; x_wconf 89' lang='lat' dir='ltr'>etsi</span> <span class='ocrx_word' id='word_1_405' title='bbox 1386 4331 1471 4380; x_wconf 86' lang='lat' dir='ltr'>porre-</span> 
     </span>
     <span class='ocr_line' id='line_1_45' title="bbox 313 4379 1472 4443; baseline 0.006 -16"><span class='ocrx_word' id='word_1_406' title='bbox 313 4379 382 4427; x_wconf 80' lang='lat' dir='ltr'>verha</span> <span class='ocrx_word' id='word_1_407' title='bbox 407 4379 500 4429; x_wconf 78' lang='lat' dir='ltr'>distinxi</span> <span class='ocrx_word' id='word_1_408' title='bbox 529 4388 598 4443; x_wconf 88' lang='lat' dir='ltr'>atque</span> <span class='ocrx_word' id='word_1_409' title='bbox 627 4379 756 4429; x_wconf 87' lang='lat' dir='ltr'>emendavi.</span> <span class='ocrx_word' id='word_1_410' title='bbox 798 4379 866 4428; x_wconf 85' lang='lat' dir='ltr'>Nunc</span> <span class='ocrx_word' id='word_1_411' title='bbox 916 4388 978 4429; x_wconf 91' lang='lat' dir='ltr'>ctnm</span> <span class='ocrx_word' id='word_1_412' title='bbox 998 4381 1026 4427; x_wconf 91' lang='lat' dir='ltr'>ad</span> <span class='ocrx_word' id='word_1_413' title='bbox 1044 4389 1131 4429; x_wconf 85' lang='lat' dir='ltr'>terram</span> <span class='ocrx_word' id='word_1_414' title='bbox 1156 4389 1179 4429; x_wconf 92' lang='lat' dir='ltr'>et</span> <span class='ocrx_word' id='word_1_415' title='bbox 1206 4388 1334 4441; x_wconf 89' lang='lat' dir='ltr'>mortuum,</span> <span class='ocrx_word' id='word_1_416' title='bbox 1363 4398 1419 4433; x_wconf 87' lang='lat' dir='ltr'>mox</span> <span class='ocrx_word' id='word_1_417' title='bbox 1437 4393 1472 4433; x_wconf 80' lang='lat' dir='ltr'>u·</span> 
     </span>
     <span class='ocr_line' id='line_1_46' title="bbox 314 4446 1472 4512; baseline 0.004 -17"><span class='ocrx_word' id='word_1_418' title='bbox 314 4446 458 4508; x_wconf 72' lang='lat' dir='ltr'>glorificatus</span> <span class='ocrx_word' id='word_1_419' title='bbox 483 4455 519 4497; x_wconf 85' lang='lat' dir='ltr'>est</span> <span class='ocrx_word' id='word_1_420' title='bbox 541 4447 603 4497; x_wconf 82' lang='lat' dir='ltr'>illins</span> <span class='ocrx_word' id='word_1_421' title='bbox 627 4447 738 4505; x_wconf 89' lang='lat' dir='ltr'>hominis,</span> <span class='ocrx_word' id='word_1_422' title='bbox 765 4454 788 4495; x_wconf 90' lang='lat' dir='ltr'>et</span> <span class='ocrx_word' id='word_1_423' title='bbox 805 4446 865 4495; x_wconf 86' lang='lat' dir='ltr'>deus</span> <span class='ocrx_word' id='word_1_424' title='bbox 916 4447 1385 4512; x_wconf 78' lang='lat' dir='ltr'>mengloriucaoitperresurrecrionem</span> <span class='ocrx_word' id='word_1_425' title='bbox 1397 4461 1472 4502; x_wconf 88' lang='lat' dir='ltr'>morte</span> 
     </span>
     <span class='ocr_line' id='line_1_47' title="bbox 314 4509 1012 4576; baseline 0 -14"><span class='ocrx_word' id='word_1_426' title='bbox 314 4514 459 4576; x_wconf 80' lang='lat' dir='ltr'>glorificatus</span> <span class='ocrx_word' id='word_1_427' title='bbox 477 4523 513 4564; x_wconf 85' lang='lat' dir='ltr'>est</span> <span class='ocrx_word' id='word_1_428' title='bbox 531 4515 615 4564; x_wconf 92' lang='lat' dir='ltr'>inillo.</span> <span class='ocrx_word' id='word_1_429' title='bbox 640 4509 786 4574; x_wconf 64' lang='lat' dir='ltr'>Qondens?</span> <span class='ocrx_word' id='word_1_430' title='bbox 814 4514 864 4564; x_wconf 86' lang='lat' dir='ltr'>Uti·</span> <span class='ocrx_word' id='word_1_431' title='bbox 915 4514 1012 4565; x_wconf 89' lang='lat' dir='ltr'>devicta.</span> 
     </span>
     <span class='ocr_line' id='line_1_48' title="bbox 314 4581 1473 4649; baseline 0.005 -18"><span class='ocrx_word' id='word_1_432' title='bbox 314 4596 360 4646; x_wconf 88' lang='lat' dir='ltr'>qne</span> <span class='ocrx_word' id='word_1_433' title='bbox 378 4596 425 4631; x_wconf 91' lang='lat' dir='ltr'>non</span> <span class='ocrx_word' id='word_1_434' title='bbox 443 4590 518 4647; x_wconf 82' lang='lat' dir='ltr'>pater,</span> <span class='ocrx_word' id='word_1_435' title='bbox 536 4583 619 4646; x_wconf 90' lang='lat' dir='ltr'>inquit,</span> <span class='ocrx_word' id='word_1_436' title='bbox 637 4582 679 4632; x_wconf 92' lang='lat' dir='ltr'>sed</span> <span class='ocrx_word' id='word_1_437' title='bbox 690 4596 769 4631; x_wconf 84' lang='lat' dir='ltr'>sermo</span> <span class='ocrx_word' id='word_1_438' title='bbox 779 4582 863 4645; x_wconf 86' lang='lat' dir='ltr'>patris,</span> <span class='ocrx_word' id='word_1_439' title='bbox 948 4582 1005 4645; x_wconf 80' lang='lat' dir='ltr'>Cep.</span> <span class='ocrx_word' id='word_1_440' title='bbox 1025 4581 1099 4631; x_wconf 82' lang='lat' dir='ltr'>xxiv.</span> <span class='ocrx_word' id='word_1_441' title='bbox 1126 4598 1146 4630; x_wconf 83' lang='lat' dir='ltr'>a.</span> <span class='ocrx_word' id='word_1_442' title='bbox 1165 4583 1375 4649; x_wconf 61' lang='lat' dir='ltr'>hominemque]</span> <span class='ocrx_word' id='word_1_443' title='bbox 1393 4586 1473 4637; x_wconf 83' lang='lat' dir='ltr'>Deleri</span> 
     </span>
     <span class='ocr_line' id='line_1_49' title="bbox 314 4649 1472 4714; baseline 0.006 -15"><span class='ocrx_word' id='word_1_444' title='bbox 314 4650 353 4714; x_wconf 89' lang='lat' dir='ltr'>qui</span> <span class='ocrx_word' id='word_1_445' title='bbox 372 4658 423 4699; x_wconf 85' lang='lat' dir='ltr'>eret</span> <span class='ocrx_word' id='word_1_446' title='bbox 440 4651 464 4698; x_wconf 91' lang='lat' dir='ltr'>in</span> <span class='ocrx_word' id='word_1_447' title='bbox 481 4650 530 4698; x_wconf 84' lang='lat' dir='ltr'>illio</span> <span class='ocrx_word' id='word_1_448' title='bbox 542 4650 652 4707; x_wconf 83' lang='lat' dir='ltr'>hominis,</span> <span class='ocrx_word' id='word_1_449' title='bbox 670 4650 692 4699; x_wconf 90' lang='lat' dir='ltr'>id</span> <span class='ocrx_word' id='word_1_450' title='bbox 704 4650 773 4698; x_wconf 88' lang='lat' dir='ltr'>estin</span> <span class='ocrx_word' id='word_1_451' title='bbox 784 4663 863 4710; x_wconf 87' lang='lat' dir='ltr'>earne,</span> <span class='ocrx_word' id='word_1_452' title='bbox 912 4649 1054 4713; x_wconf 85' lang='lat' dir='ltr'>particulam</span> <span class='ocrx_word' id='word_1_453' title='bbox 1076 4653 1141 4710; x_wconf 84' lang='lat' dir='ltr'>enim,</span> <span class='ocrx_word' id='word_1_454' title='bbox 1168 4659 1193 4699; x_wconf 90' lang='lat' dir='ltr'>ut</span> <span class='ocrx_word' id='word_1_455' title='bbox 1210 4666 1270 4714; x_wconf 88' lang='lat' dir='ltr'>quae</span> <span class='ocrx_word' id='word_1_456' title='bbox 1289 4665 1429 4704; x_wconf 83' lang='lat' dir='ltr'>accreverat</span> <span class='ocrx_word' id='word_1_457' title='bbox 1446 4669 1472 4705; x_wconf 73' lang='lat' dir='ltr'>ex</span> 
     </span>
     <span class='ocr_line' id='line_1_50' title="bbox 314 4716 1472 4784; baseline 0.007 -18"><span class='ocrx_word' id='word_1_458' title='bbox 314 4716 336 4767; x_wconf 88' lang='lat' dir='ltr'>in</span> <span class='ocrx_word' id='word_1_459' title='bbox 355 4732 401 4782; x_wconf 83' lang='lat' dir='ltr'>qua</span> <span class='ocrx_word' id='word_1_460' title='bbox 419 4725 442 4766; x_wconf 85' lang='lat' dir='ltr'>et</span> <span class='ocrx_word' id='word_1_461' title='bbox 459 4717 603 4778; x_wconf 80' lang='lat' dir='ltr'>glorineatus</span> <span class='ocrx_word' id='word_1_462' title='bbox 621 4718 666 4766; x_wconf 91' lang='lat' dir='ltr'>iam</span> <span class='ocrx_word' id='word_1_463' title='bbox 686 4726 739 4766; x_wconf 84' lang='lat' dir='ltr'>ante</span> <span class='ocrx_word' id='word_1_464' title='bbox 757 4725 807 4767; x_wconf 84' lang='lat' dir='ltr'>evat</span> <span class='ocrx_word' id='word_1_465' title='bbox 825 4717 862 4765; x_wconf 92' lang='lat' dir='ltr'>le·</span> <span class='ocrx_word' id='word_1_466' title='bbox 912 4719 1078 4767; x_wconf 89' lang='lat' dir='ltr'>terminatione</span> <span class='ocrx_word' id='word_1_467' title='bbox 1096 4719 1159 4766; x_wconf 87' lang='lat' dir='ltr'>vocis</span> <span class='ocrx_word' id='word_1_468' title='bbox 1177 4734 1336 4784; x_wconf 83' lang='lat' dir='ltr'>praegressae</span> <span class='ocrx_word' id='word_1_469' title='bbox 1363 4732 1386 4772; x_wconf 90' lang='lat' dir='ltr'>et</span> <span class='ocrx_word' id='word_1_470' title='bbox 1406 4724 1472 4774; x_wconf 90' lang='lat' dir='ltr'>initio</span> 
     </span>
     <span class='ocr_line' id='line_1_51' title="bbox 313 4785 1148 4851; baseline 0 -17"><span class='ocrx_word' id='word_1_471' title='bbox 313 4799 363 4846; x_wconf 82' lang='lat' dir='ltr'>aas,</span> <span class='ocrx_word' id='word_1_472' title='bbox 381 4785 524 4849; x_wconf 80' lang='lat' dir='ltr'>glorificatos</span> <span class='ocrx_word' id='word_1_473' title='bbox 543 4800 596 4836; x_wconf 87' lang='lat' dir='ltr'>vero</span> <span class='ocrx_word' id='word_1_474' title='bbox 612 4786 694 4835; x_wconf 87' lang='lat' dir='ltr'>virtute</span> <span class='ocrx_word' id='word_1_475' title='bbox 707 4793 730 4834; x_wconf 88' lang='lat' dir='ltr'>et</span> <span class='ocrx_word' id='word_1_476' title='bbox 743 4799 861 4835; x_wconf 80' lang='lat' dir='ltr'>sermone.</span> <span class='ocrx_word' id='word_1_477' title='bbox 912 4787 975 4836; x_wconf 89' lang='lat' dir='ltr'>vocis</span> <span class='ocrx_word' id='word_1_478' title='bbox 994 4787 1148 4851; x_wconf 85' lang='lat' dir='ltr'>insequentis.</span> 
     </span>
    </p>

    <p class='ocr_par' dir='ltr' id='par_1_21' title="bbox 313 4851 861 4918">
     <span class='ocr_line' id='line_1_52' title="bbox 313 4851 861 4918; baseline 0 -16"><span class='ocrx_word' id='word_1_479' title='bbox 313 4851 343 4903; x_wconf 79' lang='lat' dir='ltr'>Et</span> <span class='ocrx_word' id='word_1_480' title='bbox 366 4854 439 4916; x_wconf 88' lang='lat' dir='ltr'>deus,</span> <span class='ocrx_word' id='word_1_481' title='bbox 465 4853 555 4918; x_wconf 88' lang='lat' dir='ltr'>inquit,</span> <span class='ocrx_word' id='word_1_482' title='bbox 580 4853 720 4916; x_wconf 85' lang='lat' dir='ltr'>glorillethit</span> <span class='ocrx_word' id='word_1_483' title='bbox 747 4851 812 4903; x_wconf 90' lang='lat' dir='ltr'>illum</span> <span class='ocrx_word' id='word_1_484' title='bbox 837 4852 861 4903; x_wconf 86' lang='lat' dir='ltr'>in</span> 
     </span>
    </p>
   </div>
   <div class='ocr_carea' id='block_1_19' title="bbox 0 0 1626 5775">
    <p class='ocr_par' dir='ltr' id='par_1_22' title="bbox 0 0 1626 5775">
     <span class='ocr_line' id='line_1_53' title="bbox 0 0 1626 5775; baseline 0 0"><span class='ocrx_word' id='word_1_485' title='bbox 0 0 1626 5775; x_wconf 95' lang='lat' dir='ltr'> </span> 
     </span>
    </p>
   </div>
  </div>
 </body>
</html>
